{
    "2023-03-31": {
        "Tax Effect Of Unusual Items": NaN,
        "Tax Rate For Calcs": NaN,
        "Normalized EBITDA": NaN,
        "Total Unusual Items": NaN,
        "Total Unusual Items Excluding Goodwill": NaN,
        "Net Income From Continuing Operation Net Minority Interest": NaN,
        "Reconciled Depreciation": NaN,
        "Reconciled Cost Of Revenue": NaN,
        "EBITDA": NaN,
        "EBIT": NaN,
        "Net Interest Income": NaN,
        "Interest Expense": NaN,
        "Interest Income": NaN,
        "Normalized Income": NaN,
        "Net Income From Continuing And Discontinued Operation": NaN,
        "Total Expenses": NaN,
        "Total Operating Income As Reported": NaN,
        "Diluted Average Shares": NaN,
        "Basic Average Shares": NaN,
        "Diluted EPS": NaN,
        "Basic EPS": NaN,
        "Diluted NI Availto Com Stockholders": NaN,
        "Net Income Common Stockholders": NaN,
        "Preferred Stock Dividends": NaN,
        "Net Income": NaN,
        "Minority Interests": NaN,
        "Net Income Including Noncontrolling Interests": NaN,
        "Net Income Continuous Operations": NaN,
        "Tax Provision": NaN,
        "Pretax Income": NaN,
        "Other Income Expense": NaN,
        "Other Non Operating Income Expenses": -1186000.0,
        "Special Income Charges": NaN,
        "Gain On Sale Of Ppe": NaN,
        "Gain On Sale Of Business": NaN,
        "Other Special Charges": NaN,
        "Earnings From Equity Interest": NaN,
        "Gain On Sale Of Security": NaN,
        "Net Non Operating Interest Income Expense": NaN,
        "Interest Expense Non Operating": NaN,
        "Interest Income Non Operating": NaN,
        "Operating Income": NaN,
        "Operating Expense": NaN,
        "Depreciation Amortization Depletion Income Statement": NaN,
        "Depreciation And Amortization In Income Statement": NaN,
        "Amortization": NaN,
        "Amortization Of Intangibles Income Statement": NaN,
        "Research And Development": NaN,
        "Selling General And Administration": NaN,
        "Selling And Marketing Expense": NaN,
        "General And Administrative Expense": NaN,
        "Other Gand A": NaN,
        "Salaries And Wages": NaN,
        "Gross Profit": NaN,
        "Cost Of Revenue": NaN,
        "Total Revenue": NaN,
        "Operating Revenue": NaN
    },
    "2022-12-31": {
        "Tax Effect Of Unusual Items": NaN,
        "Tax Rate For Calcs": NaN,
        "Normalized EBITDA": NaN,
        "Total Unusual Items": NaN,
        "Total Unusual Items Excluding Goodwill": NaN,
        "Net Income From Continuing Operation Net Minority Interest": NaN,
        "Reconciled Depreciation": NaN,
        "Reconciled Cost Of Revenue": NaN,
        "EBITDA": NaN,
        "EBIT": NaN,
        "Net Interest Income": NaN,
        "Interest Expense": NaN,
        "Interest Income": NaN,
        "Normalized Income": NaN,
        "Net Income From Continuing And Discontinued Operation": NaN,
        "Total Expenses": NaN,
        "Total Operating Income As Reported": NaN,
        "Diluted Average Shares": NaN,
        "Basic Average Shares": NaN,
        "Diluted EPS": NaN,
        "Basic EPS": NaN,
        "Diluted NI Availto Com Stockholders": NaN,
        "Net Income Common Stockholders": NaN,
        "Preferred Stock Dividends": NaN,
        "Net Income": NaN,
        "Minority Interests": NaN,
        "Net Income Including Noncontrolling Interests": NaN,
        "Net Income Continuous Operations": NaN,
        "Tax Provision": NaN,
        "Pretax Income": NaN,
        "Other Income Expense": NaN,
        "Other Non Operating Income Expenses": 0.0,
        "Special Income Charges": NaN,
        "Gain On Sale Of Ppe": NaN,
        "Other Special Charges": NaN,
        "Gain On Sale Of Security": NaN,
        "Net Non Operating Interest Income Expense": NaN,
        "Interest Expense Non Operating": NaN,
        "Interest Income Non Operating": NaN,
        "Operating Income": NaN,
        "Operating Expense": NaN,
        "Depreciation Amortization Depletion Income Statement": NaN,
        "Depreciation And Amortization In Income Statement": NaN,
        "Amortization": NaN,
        "Amortization Of Intangibles Income Statement": NaN,
        "Research And Development": NaN,
        "Selling General And Administration": NaN,
        "Selling And Marketing Expense": NaN,
        "General And Administrative Expense": NaN,
        "Other Gand A": NaN,
        "Salaries And Wages": NaN,
        "Gross Profit": NaN,
        "Cost Of Revenue": NaN,
        "Total Revenue": NaN,
        "Operating Revenue": NaN
    },
    "2022-09-30": {
        "Tax Effect Of Unusual Items": NaN,
        "Tax Rate For Calcs": NaN,
        "Normalized EBITDA": NaN,
        "Total Unusual Items": NaN,
        "Total Unusual Items Excluding Goodwill": NaN,
        "Net Income From Continuing Operation Net Minority Interest": NaN,
        "Reconciled Depreciation": NaN,
        "Reconciled Cost Of Revenue": NaN,
        "EBITDA": NaN,
        "EBIT": NaN,
        "Net Interest Income": NaN,
        "Interest Expense": NaN,
        "Interest Income": NaN,
        "Normalized Income": NaN,
        "Net Income From Continuing And Discontinued Operation": NaN,
        "Total Expenses": NaN,
        "Total Operating Income As Reported": NaN,
        "Diluted Average Shares": 5983928.0,
        "Basic Average Shares": 5983928.0,
        "Diluted EPS": -4.35,
        "Basic EPS": -4.35,
        "Diluted NI Availto Com Stockholders": NaN,
        "Net Income Common Stockholders": NaN,
        "Preferred Stock Dividends": NaN,
        "Net Income": NaN,
        "Minority Interests": NaN,
        "Net Income Including Noncontrolling Interests": NaN,
        "Net Income Continuous Operations": NaN,
        "Tax Provision": NaN,
        "Pretax Income": NaN,
        "Other Income Expense": NaN,
        "Other Non Operating Income Expenses": NaN,
        "Special Income Charges": NaN,
        "Gain On Sale Of Ppe": NaN,
        "Other Special Charges": NaN,
        "Gain On Sale Of Security": NaN,
        "Net Non Operating Interest Income Expense": NaN,
        "Interest Expense Non Operating": NaN,
        "Interest Income Non Operating": NaN,
        "Operating Income": NaN,
        "Operating Expense": NaN,
        "Depreciation Amortization Depletion Income Statement": NaN,
        "Depreciation And Amortization In Income Statement": NaN,
        "Amortization": NaN,
        "Amortization Of Intangibles Income Statement": NaN,
        "Research And Development": NaN,
        "Selling General And Administration": NaN,
        "Selling And Marketing Expense": NaN,
        "General And Administrative Expense": NaN,
        "Other Gand A": NaN,
        "Salaries And Wages": NaN,
        "Gross Profit": NaN,
        "Cost Of Revenue": NaN,
        "Total Revenue": NaN,
        "Operating Revenue": NaN
    },
    "2022-06-30": {
        "Tax Effect Of Unusual Items": 0.0,
        "Tax Rate For Calcs": 0.0,
        "Normalized EBITDA": -27763000.0,
        "Total Unusual Items": 0.0,
        "Total Unusual Items Excluding Goodwill": 0.0,
        "Net Income From Continuing Operation Net Minority Interest": -25525000.0,
        "Reconciled Depreciation": 815000.0,
        "Reconciled Cost Of Revenue": 0.0,
        "EBITDA": -27763000.0,
        "EBIT": -28578000.0,
        "Net Interest Income": -523000.0,
        "Interest Expense": 523000.0,
        "Interest Income": NaN,
        "Normalized Income": -25525000.0,
        "Net Income From Continuing And Discontinued Operation": -25525000.0,
        "Total Expenses": 23477000.0,
        "Total Operating Income As Reported": -23477000.0,
        "Diluted Average Shares": 86957352.0,
        "Basic Average Shares": 86957352.0,
        "Diluted EPS": -0.29,
        "Basic EPS": -0.29,
        "Diluted NI Availto Com Stockholders": -25595000.0,
        "Net Income Common Stockholders": -25595000.0,
        "Preferred Stock Dividends": 70000.0,
        "Net Income": -25525000.0,
        "Minority Interests": 3576000.0,
        "Net Income Including Noncontrolling Interests": -29101000.0,
        "Net Income Continuous Operations": -29101000.0,
        "Tax Provision": 0.0,
        "Pretax Income": -29101000.0,
        "Other Income Expense": -5101000.0,
        "Other Non Operating Income Expenses": -5101000.0,
        "Special Income Charges": 0.0,
        "Other Special Charges": NaN,
        "Gain On Sale Of Security": NaN,
        "Net Non Operating Interest Income Expense": -523000.0,
        "Interest Expense Non Operating": 523000.0,
        "Interest Income Non Operating": NaN,
        "Operating Income": -23477000.0,
        "Operating Expense": 23477000.0,
        "Depreciation Amortization Depletion Income Statement": NaN,
        "Depreciation And Amortization In Income Statement": NaN,
        "Amortization": NaN,
        "Amortization Of Intangibles Income Statement": NaN,
        "Research And Development": 6740000.0,
        "Selling General And Administration": 16737000.0,
        "Selling And Marketing Expense": 4898000.0,
        "General And Administrative Expense": 11839000.0,
        "Other Gand A": 11839000.0,
        "Salaries And Wages": NaN,
        "Gross Profit": 0.0,
        "Cost Of Revenue": 0.0,
        "Total Revenue": 0.0,
        "Operating Revenue": 0.0
    },
    "2022-03-31": {
        "Diluted EPS": -0.2,
        "Total Revenue": 0,
        "Gross Profit": 0,
        "Operating Income": -20,
        "EBIT": -19,
        "Net Income": -17
    },
    "2021-12-31": {
        "Diluted EPS": -0.23,
        "Total Revenue": 0,
        "Gross Profit": 0,
        "Operating Income": -20,
        "EBIT": -20,
        "Net Income": -17
    },
    "2021-09-30": {
        "Diluted EPS": -0.15,
        "Total Revenue": 0,
        "Gross Profit": 0,
        "Operating Income": -14,
        "EBIT": -14,
        "Net Income": -12
    },
    "2021-06-30": {
        "Diluted EPS": -0.14,
        "Total Revenue": NaN,
        "Gross Profit": NaN,
        "Operating Income": -13,
        "EBIT": -13,
        "Net Income": -12
    },
    "2021-03-31": {
        "Diluted EPS": -0.13,
        "Total Revenue": NaN,
        "Gross Profit": NaN,
        "Operating Income": -8,
        "EBIT": -8,
        "Net Income": -10
    },
    "2020-12-31": {
        "Diluted EPS": -0.16,
        "Total Revenue": NaN,
        "Gross Profit": NaN,
        "Operating Income": -8,
        "EBIT": -8,
        "Net Income": -9
    },
    "2020-09-30": {
        "Diluted EPS": -0.11,
        "Total Revenue": NaN,
        "Gross Profit": NaN,
        "Operating Income": -6,
        "EBIT": -6,
        "Net Income": -6
    },
    "2020-06-30": {
        "Diluted EPS": -0.13,
        "Total Revenue": NaN,
        "Gross Profit": NaN,
        "Operating Income": -5,
        "EBIT": -5,
        "Net Income": -6
    },
    "2020-03-31": {
        "Diluted EPS": -0.33,
        "Total Revenue": NaN,
        "Gross Profit": NaN,
        "Operating Income": -5,
        "EBIT": -5,
        "Net Income": -15
    },
    "2019-12-31": {
        "Diluted EPS": -0.19,
        "Total Revenue": NaN,
        "Gross Profit": NaN,
        "Operating Income": -5,
        "EBIT": -5,
        "Net Income": -6
    },
    "2019-09-30": {
        "Diluted EPS": -0.1,
        "Total Revenue": NaN,
        "Gross Profit": NaN,
        "Operating Income": -3,
        "EBIT": -3,
        "Net Income": -3
    },
    "2019-06-30": {
        "Diluted EPS": -0.13,
        "Total Revenue": NaN,
        "Gross Profit": NaN,
        "Operating Income": -3,
        "EBIT": -3,
        "Net Income": -4
    },
    "2019-03-31": {
        "Diluted EPS": -0.13,
        "Total Revenue": NaN,
        "Gross Profit": NaN,
        "Operating Income": -3,
        "EBIT": -3,
        "Net Income": -4
    },
    "2018-12-31": {
        "Diluted EPS": -0.24,
        "Total Revenue": NaN,
        "Gross Profit": NaN,
        "Operating Income": -3,
        "EBIT": -3,
        "Net Income": -7
    },
    "2018-09-30": {
        "Diluted EPS": -0.12,
        "Total Revenue": NaN,
        "Gross Profit": NaN,
        "Operating Income": -3,
        "EBIT": -2,
        "Net Income": -3
    },
    "2018-06-30": {
        "Diluted EPS": -0.27,
        "Total Revenue": NaN,
        "Gross Profit": NaN,
        "Operating Income": -3,
        "EBIT": -2,
        "Net Income": -5
    },
    "2018-03-31": {
        "Diluted EPS": -0.21,
        "Total Revenue": NaN,
        "Gross Profit": NaN,
        "Operating Income": -2,
        "EBIT": -2,
        "Net Income": -3
    },
    "2017-12-31": {
        "Diluted EPS": 0.09,
        "Total Revenue": NaN,
        "Gross Profit": NaN,
        "Operating Income": -2,
        "EBIT": -2,
        "Net Income": 0
    },
    "2017-09-30": {
        "Diluted EPS": -0.4,
        "Total Revenue": NaN,
        "Gross Profit": NaN,
        "Operating Income": -2,
        "EBIT": -2,
        "Net Income": -5
    },
    "2017-06-30": {
        "Diluted EPS": -0.08,
        "Total Revenue": NaN,
        "Gross Profit": NaN,
        "Operating Income": -2,
        "EBIT": -2,
        "Net Income": -1
    },
    "2017-03-31": {
        "Diluted EPS": -0.32,
        "Total Revenue": NaN,
        "Gross Profit": NaN,
        "Operating Income": -2,
        "EBIT": -2,
        "Net Income": -4
    },
    "2016-12-31": {
        "Diluted EPS": -0.14,
        "Total Revenue": NaN,
        "Gross Profit": NaN,
        "Operating Income": -2,
        "EBIT": -2,
        "Net Income": -2
    },
    "2016-09-30": {
        "Diluted EPS": -0.14,
        "Total Revenue": NaN,
        "Gross Profit": NaN,
        "Operating Income": -2,
        "EBIT": -2,
        "Net Income": -2
    },
    "2016-06-30": {
        "Diluted EPS": -0.1,
        "Total Revenue": NaN,
        "Gross Profit": NaN,
        "Operating Income": -1,
        "EBIT": -1,
        "Net Income": -1
    },
    "2016-03-31": {
        "Diluted EPS": -0.06,
        "Total Revenue": NaN,
        "Gross Profit": NaN,
        "Operating Income": -1,
        "EBIT": -1,
        "Net Income": -1
    },
    "2015-12-31": {
        "Diluted EPS": -0.07,
        "Total Revenue": NaN,
        "Gross Profit": NaN,
        "Operating Income": -1,
        "EBIT": -1,
        "Net Income": -1
    },
    "2015-09-30": {
        "Diluted EPS": -0.05,
        "Total Revenue": NaN,
        "Gross Profit": NaN,
        "Operating Income": -1,
        "EBIT": -1,
        "Net Income": -1
    },
    "2015-06-30": {
        "Diluted EPS": -0.03,
        "Total Revenue": NaN,
        "Gross Profit": NaN,
        "Operating Income": 0,
        "EBIT": 0,
        "Net Income": 0
    },
    "2015-03-31": {
        "Diluted EPS": -0.01,
        "Total Revenue": NaN,
        "Gross Profit": NaN,
        "Operating Income": 0,
        "EBIT": 0,
        "Net Income": 0
    },
    "2014-12-31": {
        "Diluted EPS": 0.0,
        "Total Revenue": NaN,
        "Gross Profit": NaN,
        "Operating Income": NaN,
        "EBIT": NaN,
        "Net Income": NaN
    },
    "2023-06-30": {
        "Tax Effect Of Unusual Items": NaN,
        "Tax Rate For Calcs": NaN,
        "Normalized EBITDA": NaN,
        "Total Unusual Items": NaN,
        "Total Unusual Items Excluding Goodwill": NaN,
        "Net Income From Continuing Operation Net Minority Interest": NaN,
        "Reconciled Depreciation": NaN,
        "Reconciled Cost Of Revenue": NaN,
        "EBITDA": NaN,
        "EBIT": NaN,
        "Net Interest Income": NaN,
        "Interest Expense": NaN,
        "Interest Income": NaN,
        "Normalized Income": NaN,
        "Net Income From Continuing And Discontinued Operation": NaN,
        "Total Expenses": NaN,
        "Total Operating Income As Reported": NaN,
        "Diluted Average Shares": 6956655.0,
        "Basic Average Shares": 6956655.0,
        "Diluted EPS": -2.1,
        "Basic EPS": -2.1,
        "Diluted NI Availto Com Stockholders": NaN,
        "Net Income Common Stockholders": NaN,
        "Preferred Stock Dividends": NaN,
        "Net Income": NaN,
        "Minority Interests": NaN,
        "Net Income Including Noncontrolling Interests": NaN,
        "Net Income Continuous Operations": NaN,
        "Tax Provision": NaN,
        "Pretax Income": NaN,
        "Other Income Expense": NaN,
        "Other Non Operating Income Expenses": -340000.0,
        "Special Income Charges": NaN,
        "Gain On Sale Of Ppe": NaN,
        "Gain On Sale Of Business": NaN,
        "Other Special Charges": NaN,
        "Earnings From Equity Interest": NaN,
        "Gain On Sale Of Security": NaN,
        "Net Non Operating Interest Income Expense": NaN,
        "Interest Expense Non Operating": NaN,
        "Interest Income Non Operating": NaN,
        "Operating Income": NaN,
        "Operating Expense": NaN,
        "Depreciation Amortization Depletion Income Statement": NaN,
        "Depreciation And Amortization In Income Statement": NaN,
        "Amortization": NaN,
        "Amortization Of Intangibles Income Statement": NaN,
        "Research And Development": NaN,
        "Selling General And Administration": NaN,
        "Selling And Marketing Expense": NaN,
        "General And Administrative Expense": NaN,
        "Other Gand A": NaN,
        "Salaries And Wages": 2129000.0,
        "Gross Profit": NaN,
        "Cost Of Revenue": NaN,
        "Total Revenue": NaN,
        "Operating Revenue": NaN
    },
    "2023-09-30": {
        "Tax Effect Of Unusual Items": 0.0,
        "Tax Rate For Calcs": 0.0,
        "Normalized EBITDA": -14671000.0,
        "Total Unusual Items": -6187000.0,
        "Total Unusual Items Excluding Goodwill": -6187000.0,
        "Net Income From Continuing Operation Net Minority Interest": -17671000.0,
        "Reconciled Depreciation": 733000.0,
        "Reconciled Cost Of Revenue": 1551000.0,
        "EBITDA": -20858000.0,
        "EBIT": -21591000.0,
        "Net Interest Income": -35000.0,
        "Interest Expense": 159000.0,
        "Interest Income": 124000.0,
        "Normalized Income": -11484000.0,
        "Net Income From Continuing And Discontinued Operation": -17671000.0,
        "Total Expenses": 16319000.0,
        "Total Operating Income As Reported": -15528000.0,
        "Diluted Average Shares": 7462751.0,
        "Basic Average Shares": 7462751.0,
        "Diluted EPS": -2.38,
        "Basic EPS": -2.38,
        "Diluted NI Availto Com Stockholders": -17748000.0,
        "Net Income Common Stockholders": -17748000.0,
        "Preferred Stock Dividends": 77000.0,
        "Net Income": -17671000.0,
        "Minority Interests": 4079000.0,
        "Net Income Including Noncontrolling Interests": -21750000.0,
        "Net Income Continuous Operations": -21750000.0,
        "Tax Provision": 0.0,
        "Pretax Income": -21750000.0,
        "Other Income Expense": -6187000.0,
        "Other Non Operating Income Expenses": -4392000.0,
        "Special Income Charges": -1764000.0,
        "Gain On Sale Of Ppe": 0.0,
        "Gain On Sale Of Business": 0.0,
        "Other Special Charges": 1764000.0,
        "Earnings From Equity Interest": 0.0,
        "Gain On Sale Of Security": -4423000.0,
        "Net Non Operating Interest Income Expense": -35000.0,
        "Interest Expense Non Operating": 159000.0,
        "Interest Income Non Operating": 124000.0,
        "Operating Income": -15528000.0,
        "Operating Expense": 14540000.0,
        "Depreciation Amortization Depletion Income Statement": 505000.0,
        "Depreciation And Amortization In Income Statement": 505000.0,
        "Amortization": 505000.0,
        "Amortization Of Intangibles Income Statement": 505000.0,
        "Research And Development": 3161000.0,
        "Selling General And Administration": 10874000.0,
        "Selling And Marketing Expense": 4016000.0,
        "General And Administrative Expense": 6858000.0,
        "Other Gand A": 6858000.0,
        "Salaries And Wages": NaN,
        "Gross Profit": -988000.0,
        "Cost Of Revenue": 1779000.0,
        "Total Revenue": 791000.0,
        "Operating Revenue": 791000.0
    },
    "2023-12-31": {
        "Tax Effect Of Unusual Items": 0.0,
        "Tax Rate For Calcs": 0.0,
        "Normalized EBITDA": -9789000.0,
        "Total Unusual Items": -6875000.0,
        "Total Unusual Items Excluding Goodwill": -6875000.0,
        "Net Income From Continuing Operation Net Minority Interest": -14036000.0,
        "Reconciled Depreciation": 725000.0,
        "Reconciled Cost Of Revenue": 1391000.0,
        "EBITDA": -16664000.0,
        "EBIT": -17389000.0,
        "Net Interest Income": 78000.0,
        "Interest Expense": 19000.0,
        "Interest Income": 97000.0,
        "Normalized Income": -7161000.0,
        "Net Income From Continuing And Discontinued Operation": -14036000.0,
        "Total Expenses": 17432000.0,
        "Total Operating Income As Reported": -16383000.0,
        "Diluted Average Shares": NaN,
        "Basic Average Shares": NaN,
        "Diluted EPS": NaN,
        "Basic EPS": NaN,
        "Diluted NI Availto Com Stockholders": -15905000.0,
        "Net Income Common Stockholders": -15905000.0,
        "Preferred Stock Dividends": 78000.0,
        "Net Income": -14036000.0,
        "Minority Interests": 3372000.0,
        "Net Income Including Noncontrolling Interests": -17408000.0,
        "Net Income Continuous Operations": -17408000.0,
        "Tax Provision": 0.0,
        "Pretax Income": -17408000.0,
        "Other Income Expense": -1103000.0,
        "Other Non Operating Income Expenses": 5772000.0,
        "Special Income Charges": -750000.0,
        "Gain On Sale Of Ppe": 0.0,
        "Gain On Sale Of Business": NaN,
        "Other Special Charges": 750000.0,
        "Earnings From Equity Interest": NaN,
        "Gain On Sale Of Security": -6125000.0,
        "Net Non Operating Interest Income Expense": 78000.0,
        "Interest Expense Non Operating": 19000.0,
        "Interest Income Non Operating": 97000.0,
        "Operating Income": -16383000.0,
        "Operating Expense": 15821000.0,
        "Depreciation Amortization Depletion Income Statement": 505000.0,
        "Depreciation And Amortization In Income Statement": 505000.0,
        "Amortization": 505000.0,
        "Amortization Of Intangibles Income Statement": 505000.0,
        "Research And Development": 3595000.0,
        "Selling General And Administration": 11721000.0,
        "Selling And Marketing Expense": 4690000.0,
        "General And Administrative Expense": 7031000.0,
        "Other Gand A": 7031000.0,
        "Salaries And Wages": NaN,
        "Gross Profit": -562000.0,
        "Cost Of Revenue": 1611000.0,
        "Total Revenue": 1049000.0,
        "Operating Revenue": 1049000.0
    },
    "2024-03-31": {
        "Tax Effect Of Unusual Items": 0.0,
        "Tax Rate For Calcs": 0.0,
        "Normalized EBITDA": -13378000.0,
        "Total Unusual Items": -4532000.0,
        "Total Unusual Items Excluding Goodwill": -4532000.0,
        "Net Income From Continuing Operation Net Minority Interest": -15212000.0,
        "Reconciled Depreciation": 586000.0,
        "Reconciled Cost Of Revenue": 1530000.0,
        "EBITDA": -17910000.0,
        "EBIT": -18496000.0,
        "Net Interest Income": 56000.0,
        "Interest Expense": 16000.0,
        "Interest Income": 72000.0,
        "Normalized Income": -10680000.0,
        "Net Income From Continuing And Discontinued Operation": -15212000.0,
        "Total Expenses": 15046000.0,
        "Total Operating Income As Reported": -14036000.0,
        "Diluted Average Shares": 8694904.0,
        "Basic Average Shares": 8694904.0,
        "Diluted EPS": -2.620845,
        "Basic EPS": -2.62,
        "Diluted NI Availto Com Stockholders": -22788000.0,
        "Net Income Common Stockholders": -22788000.0,
        "Preferred Stock Dividends": 7576000.0,
        "Net Income": -15212000.0,
        "Minority Interests": 3300000.0,
        "Net Income Including Noncontrolling Interests": -18512000.0,
        "Net Income Continuous Operations": -18512000.0,
        "Tax Provision": 0.0,
        "Pretax Income": -18512000.0,
        "Other Income Expense": -4532000.0,
        "Other Non Operating Income Expenses": NaN,
        "Special Income Charges": -2369000.0,
        "Gain On Sale Of Ppe": 0.0,
        "Gain On Sale Of Business": NaN,
        "Other Special Charges": 2369000.0,
        "Earnings From Equity Interest": NaN,
        "Gain On Sale Of Security": -2163000.0,
        "Net Non Operating Interest Income Expense": 56000.0,
        "Interest Expense Non Operating": 16000.0,
        "Interest Income Non Operating": 72000.0,
        "Operating Income": -14036000.0,
        "Operating Expense": 13302000.0,
        "Depreciation Amortization Depletion Income Statement": 372000.0,
        "Depreciation And Amortization In Income Statement": 372000.0,
        "Amortization": 372000.0,
        "Amortization Of Intangibles Income Statement": 372000.0,
        "Research And Development": 1941000.0,
        "Selling General And Administration": 10989000.0,
        "Selling And Marketing Expense": 4311000.0,
        "General And Administrative Expense": 6678000.0,
        "Other Gand A": 6678000.0,
        "Salaries And Wages": NaN,
        "Gross Profit": -734000.0,
        "Cost Of Revenue": 1744000.0,
        "Total Revenue": 1010000.0,
        "Operating Revenue": 1010000.0
    },
    "2024-06-30": {
        "Tax Effect Of Unusual Items": 0.0,
        "Tax Rate For Calcs": 0.0,
        "Normalized EBITDA": -13269000.0,
        "Total Unusual Items": -1329000.0,
        "Total Unusual Items Excluding Goodwill": -1329000.0,
        "Net Income From Continuing Operation Net Minority Interest": -10827000.0,
        "Reconciled Depreciation": 305000.0,
        "Reconciled Cost Of Revenue": 1466000.0,
        "EBITDA": -14598000.0,
        "EBIT": -14903000.0,
        "Net Interest Income": 99000.0,
        "Interest Expense": 11000.0,
        "Interest Income": 110000.0,
        "Normalized Income": -9498000.0,
        "Net Income From Continuing And Discontinued Operation": -10827000.0,
        "Total Expenses": 14663000.0,
        "Total Operating Income As Reported": -13684000.0,
        "Diluted Average Shares": 9152819.0,
        "Basic Average Shares": 9152819.0,
        "Diluted EPS": -1.19,
        "Basic EPS": -1.19,
        "Diluted NI Availto Com Stockholders": -10908000.0,
        "Net Income Common Stockholders": -10908000.0,
        "Preferred Stock Dividends": 81000.0,
        "Net Income": -10827000.0,
        "Minority Interests": 4087000.0,
        "Net Income Including Noncontrolling Interests": -14914000.0,
        "Net Income Continuous Operations": -14914000.0,
        "Tax Provision": 0.0,
        "Pretax Income": -14914000.0,
        "Other Income Expense": -1329000.0,
        "Other Non Operating Income Expenses": NaN,
        "Special Income Charges": -763000.0,
        "Gain On Sale Of Ppe": 0.0,
        "Gain On Sale Of Business": NaN,
        "Other Special Charges": 763000.0,
        "Earnings From Equity Interest": NaN,
        "Gain On Sale Of Security": -566000.0,
        "Net Non Operating Interest Income Expense": 99000.0,
        "Interest Expense Non Operating": 11000.0,
        "Interest Income Non Operating": 110000.0,
        "Operating Income": -13684000.0,
        "Operating Expense": 12997000.0,
        "Depreciation Amortization Depletion Income Statement": 105000.0,
        "Depreciation And Amortization In Income Statement": 105000.0,
        "Amortization": 105000.0,
        "Amortization Of Intangibles Income Statement": 105000.0,
        "Research And Development": 1641000.0,
        "Selling General And Administration": 11251000.0,
        "Selling And Marketing Expense": 4242000.0,
        "General And Administrative Expense": 7009000.0,
        "Other Gand A": 7009000.0,
        "Salaries And Wages": NaN,
        "Gross Profit": -687000.0,
        "Cost Of Revenue": 1666000.0,
        "Total Revenue": 979000.0,
        "Operating Revenue": 979000.0
    },
    "2024-09-30": {
        "Tax Effect Of Unusual Items": 0.0,
        "Tax Rate For Calcs": 0.0,
        "Normalized EBITDA": -10163000.0,
        "Total Unusual Items": 71124000.0,
        "Total Unusual Items Excluding Goodwill": 71124000.0,
        "Net Income From Continuing Operation Net Minority Interest": 64399000.0,
        "Reconciled Depreciation": 238000.0,
        "Reconciled Cost Of Revenue": 1225000.0,
        "EBITDA": 60961000.0,
        "EBIT": 60723000.0,
        "Net Interest Income": 58000.0,
        "Interest Expense": 12000.0,
        "Interest Income": 70000.0,
        "Normalized Income": -6725000.0,
        "Net Income From Continuing And Discontinued Operation": 64399000.0,
        "Total Expenses": 12574000.0,
        "Total Operating Income As Reported": -11578000.0,
        "Diluted Average Shares": 44475638.0,
        "Basic Average Shares": 10005379.0,
        "Diluted EPS": 1.44,
        "Basic EPS": 6.43,
        "Diluted NI Availto Com Stockholders": 64316000.0,
        "Net Income Common Stockholders": 64316000.0,
        "Preferred Stock Dividends": 83000.0,
        "Net Income": 64399000.0,
        "Minority Interests": 3688000.0,
        "Net Income Including Noncontrolling Interests": 60711000.0,
        "Net Income Continuous Operations": 60711000.0,
        "Tax Provision": 0.0,
        "Pretax Income": 60711000.0,
        "Other Income Expense": 72231000.0,
        "Other Non Operating Income Expenses": 700000.0,
        "Special Income Charges": 70884000.0,
        "Gain On Sale Of Ppe": 0.0,
        "Gain On Sale Of Business": 72287000.0,
        "Other Special Charges": 1403000.0,
        "Earnings From Equity Interest": 407000.0,
        "Gain On Sale Of Security": 240000.0,
        "Net Non Operating Interest Income Expense": 58000.0,
        "Interest Expense Non Operating": 12000.0,
        "Interest Income Non Operating": 70000.0,
        "Operating Income": -11578000.0,
        "Operating Expense": 11193000.0,
        "Depreciation Amortization Depletion Income Statement": 82000.0,
        "Depreciation And Amortization In Income Statement": 82000.0,
        "Amortization": 82000.0,
        "Amortization Of Intangibles Income Statement": 82000.0,
        "Research And Development": 1542000.0,
        "Selling General And Administration": 9569000.0,
        "Selling And Marketing Expense": 2920000.0,
        "General And Administrative Expense": 6649000.0,
        "Other Gand A": 6649000.0,
        "Salaries And Wages": NaN,
        "Gross Profit": -385000.0,
        "Cost Of Revenue": 1381000.0,
        "Total Revenue": 996000.0,
        "Operating Revenue": 996000.0
    }
}