{
    "2023-03-31": {
        "Tax Effect Of Unusual Items": 0.0,
        "Tax Rate For Calcs": 0.01,
        "Normalized EBITDA": 102219.0,
        "Net Income From Continuing Operation Net Minority Interest": -160130.0,
        "Reconciled Depreciation": 845016.0,
        "Reconciled Cost Of Revenue": 5095621.0,
        "EBITDA": 102219.0,
        "EBIT": -742797.0,
        "Net Interest Income": 584197.0,
        "Interest Income": 584197.0,
        "Normalized Income": -160130.0,
        "Net Income From Continuing And Discontinued Operation": -160130.0,
        "Total Expenses": 10886087.0,
        "Total Operating Income As Reported": -742797.0,
        "Diluted Average Shares": 52403454.0,
        "Basic Average Shares": 52403454.0,
        "Diluted EPS": -0.003056,
        "Basic EPS": -0.003056,
        "Diluted NI Availto Com Stockholders": -160130.0,
        "Net Income Common Stockholders": -160130.0,
        "Net Income": -160130.0,
        "Net Income Including Noncontrolling Interests": -160130.0,
        "Net Income Continuous Operations": -160130.0,
        "Tax Provision": 1530.0,
        "Pretax Income": -158600.0,
        "Net Non Operating Interest Income Expense": 584197.0,
        "Interest Income Non Operating": 584197.0,
        "Operating Income": -742797.0,
        "Operating Expense": 5790466.0,
        "Depreciation Amortization Depletion Income Statement": 845016.0,
        "Depreciation And Amortization In Income Statement": 845016.0,
        "Selling General And Administration": 4945450.0,
        "Gross Profit": 5047669.0,
        "Cost Of Revenue": 5095621.0,
        "Total Revenue": 10143290.0,
        "Operating Revenue": 9949629.0
    },
    "2022-12-31": {
        "Tax Effect Of Unusual Items": 0.0,
        "Tax Rate For Calcs": 0.056223,
        "Normalized EBITDA": 1092884.0,
        "Net Income From Continuing Operation Net Minority Interest": 713095.0,
        "Reconciled Depreciation": 778378.0,
        "Reconciled Cost Of Revenue": 5107934.0,
        "EBITDA": 1092884.0,
        "EBIT": 314506.0,
        "Net Interest Income": 441070.0,
        "Interest Income": 441070.0,
        "Normalized Income": 713095.0,
        "Net Income From Continuing And Discontinued Operation": 713095.0,
        "Total Expenses": 10303318.0,
        "Total Operating Income As Reported": 314506.0,
        "Diluted Average Shares": 53773758.0,
        "Basic Average Shares": 52232986.0,
        "Diluted EPS": 0.01,
        "Basic EPS": 0.01,
        "Diluted NI Availto Com Stockholders": 713095.0,
        "Net Income Common Stockholders": 713095.0,
        "Net Income": 713095.0,
        "Net Income Including Noncontrolling Interests": 713095.0,
        "Net Income Continuous Operations": 713095.0,
        "Tax Provision": 42481.0,
        "Pretax Income": 755576.0,
        "Net Non Operating Interest Income Expense": 441070.0,
        "Interest Income Non Operating": 441070.0,
        "Operating Income": 314506.0,
        "Operating Expense": 5195384.0,
        "Depreciation Amortization Depletion Income Statement": 778378.0,
        "Depreciation And Amortization In Income Statement": 778378.0,
        "Selling General And Administration": 4417006.0,
        "Gross Profit": 5509890.0,
        "Cost Of Revenue": 5107934.0,
        "Total Revenue": 10617824.0,
        "Operating Revenue": 10441172.0
    },
    "2022-09-30": {
        "Tax Effect Of Unusual Items": 0.0,
        "Tax Rate For Calcs": 0.041,
        "Normalized EBITDA": 1361891.0,
        "Net Income From Continuing Operation Net Minority Interest": 852109.0,
        "Reconciled Depreciation": 738883.0,
        "Reconciled Cost Of Revenue": 4847780.0,
        "EBITDA": 1361891.0,
        "EBIT": 623008.0,
        "Net Interest Income": 265284.0,
        "Interest Income": 265284.0,
        "Normalized Income": 852109.0,
        "Net Income From Continuing And Discontinued Operation": 852109.0,
        "Total Expenses": 9973420.0,
        "Total Operating Income As Reported": 623008.0,
        "Diluted Average Shares": 53365025.0,
        "Basic Average Shares": 52142225.0,
        "Diluted EPS": 0.02,
        "Basic EPS": 0.02,
        "Diluted NI Availto Com Stockholders": 852109.0,
        "Net Income Common Stockholders": 852109.0,
        "Net Income": 852109.0,
        "Net Income Including Noncontrolling Interests": 852109.0,
        "Net Income Continuous Operations": 852109.0,
        "Tax Provision": 36183.0,
        "Pretax Income": 888292.0,
        "Net Non Operating Interest Income Expense": 265284.0,
        "Interest Income Non Operating": 265284.0,
        "Operating Income": 623008.0,
        "Operating Expense": 5125640.0,
        "Depreciation Amortization Depletion Income Statement": 738883.0,
        "Depreciation And Amortization In Income Statement": 738883.0,
        "Selling General And Administration": 4386757.0,
        "Gross Profit": 5748648.0,
        "Cost Of Revenue": 4847780.0,
        "Total Revenue": 10596428.0,
        "Operating Revenue": 10523164.0
    },
    "2022-06-30": {
        "Tax Effect Of Unusual Items": 0.0,
        "Tax Rate For Calcs": 0.4,
        "Normalized EBITDA": 441835.0,
        "Net Income From Continuing Operation Net Minority Interest": -228034.0,
        "Reconciled Depreciation": 713180.0,
        "Reconciled Cost Of Revenue": 3900965.0,
        "EBITDA": 441835.0,
        "EBIT": -271345.0,
        "Net Interest Income": 70227.0,
        "Interest Income": 70227.0,
        "Normalized Income": -228034.0,
        "Net Income From Continuing And Discontinued Operation": -228034.0,
        "Total Expenses": 8870121.0,
        "Total Operating Income As Reported": -271345.0,
        "Diluted Average Shares": 51993031.0,
        "Basic Average Shares": 51993031.0,
        "Diluted EPS": -0.004386,
        "Basic EPS": -0.004386,
        "Diluted NI Availto Com Stockholders": -228034.0,
        "Net Income Common Stockholders": -228034.0,
        "Net Income": -228034.0,
        "Net Income Including Noncontrolling Interests": -228034.0,
        "Net Income Continuous Operations": -228034.0,
        "Tax Provision": 26916.0,
        "Pretax Income": -201118.0,
        "Net Non Operating Interest Income Expense": 70227.0,
        "Interest Income Non Operating": 70227.0,
        "Operating Income": -271345.0,
        "Operating Expense": 4969156.0,
        "Depreciation Amortization Depletion Income Statement": 713180.0,
        "Depreciation And Amortization In Income Statement": 713180.0,
        "Selling General And Administration": 4255976.0,
        "Gross Profit": 4697811.0,
        "Cost Of Revenue": 3900965.0,
        "Total Revenue": 8598776.0,
        "Operating Revenue": 8579512.0
    },
    "2022-03-31": {
        "Diluted EPS": -0.01,
        "Total Revenue": 8,
        "Gross Profit": 5,
        "Operating Income": 0,
        "EBIT": 0,
        "Net Income": 0
    },
    "2021-12-31": {
        "Diluted EPS": 0.01,
        "Total Revenue": 9,
        "Gross Profit": 5,
        "Operating Income": 0,
        "EBIT": 1,
        "Net Income": 0
    },
    "2021-09-30": {
        "Diluted EPS": -0.01,
        "Total Revenue": 8,
        "Gross Profit": 4,
        "Operating Income": 0,
        "EBIT": 0,
        "Net Income": 0
    },
    "2021-06-30": {
        "Diluted EPS": -0.02,
        "Total Revenue": 7,
        "Gross Profit": 3,
        "Operating Income": -1,
        "EBIT": 0,
        "Net Income": -1
    },
    "2021-03-31": {
        "Diluted EPS": -0.03,
        "Total Revenue": 6,
        "Gross Profit": 3,
        "Operating Income": -2,
        "EBIT": -1,
        "Net Income": -2
    },
    "2020-12-31": {
        "Diluted EPS": -0.1,
        "Total Revenue": 7,
        "Gross Profit": 4,
        "Operating Income": -1,
        "EBIT": 0,
        "Net Income": -4
    },
    "2020-09-30": {
        "Diluted EPS": -0.12,
        "Total Revenue": 0,
        "Gross Profit": -3,
        "Operating Income": -8,
        "EBIT": -8,
        "Net Income": -6
    },
    "2020-06-30": {
        "Diluted EPS": 0.0,
        "Total Revenue": 6,
        "Gross Profit": 3,
        "Operating Income": -1,
        "EBIT": 0,
        "Net Income": 0
    },
    "2020-03-31": {
        "Diluted EPS": 0.03,
        "Total Revenue": 11,
        "Gross Profit": 6,
        "Operating Income": 1,
        "EBIT": 2,
        "Net Income": 2
    },
    "2019-12-31": {
        "Diluted EPS": 0.04,
        "Total Revenue": 10,
        "Gross Profit": 5,
        "Operating Income": 1,
        "EBIT": 2,
        "Net Income": 2
    },
    "2019-09-30": {
        "Diluted EPS": 0.05,
        "Total Revenue": 9,
        "Gross Profit": 5,
        "Operating Income": 2,
        "EBIT": 3,
        "Net Income": 3
    },
    "2019-06-30": {
        "Diluted EPS": 0.03,
        "Total Revenue": 9,
        "Gross Profit": 5,
        "Operating Income": 2,
        "EBIT": 2,
        "Net Income": 2
    },
    "2019-03-31": {
        "Diluted EPS": 0.02,
        "Total Revenue": 7,
        "Gross Profit": 4,
        "Operating Income": 1,
        "EBIT": 1,
        "Net Income": 1
    },
    "2018-12-31": {
        "Diluted EPS": 0.01,
        "Total Revenue": 7,
        "Gross Profit": 3,
        "Operating Income": 1,
        "EBIT": 1,
        "Net Income": 1
    },
    "2018-09-30": {
        "Diluted EPS": 0.02,
        "Total Revenue": 6,
        "Gross Profit": 3,
        "Operating Income": 1,
        "EBIT": 1,
        "Net Income": 1
    },
    "2018-06-30": {
        "Diluted EPS": 0.01,
        "Total Revenue": 5,
        "Gross Profit": 3,
        "Operating Income": 1,
        "EBIT": 1,
        "Net Income": 1
    },
    "2018-03-31": {
        "Diluted EPS": 0.01,
        "Total Revenue": 5,
        "Gross Profit": 2,
        "Operating Income": 0,
        "EBIT": 1,
        "Net Income": 0
    },
    "2017-12-31": {
        "Diluted EPS": 0.01,
        "Total Revenue": 5,
        "Gross Profit": 2,
        "Operating Income": 1,
        "EBIT": 1,
        "Net Income": 1
    },
    "2017-09-30": {
        "Diluted EPS": 0.01,
        "Total Revenue": 4,
        "Gross Profit": 2,
        "Operating Income": 0,
        "EBIT": 1,
        "Net Income": 1
    },
    "2017-06-30": {
        "Diluted EPS": 0.01,
        "Total Revenue": 3,
        "Gross Profit": 2,
        "Operating Income": 0,
        "EBIT": 1,
        "Net Income": 0
    },
    "2017-03-31": {
        "Diluted EPS": 0.01,
        "Total Revenue": 3,
        "Gross Profit": 1,
        "Operating Income": 0,
        "EBIT": 1,
        "Net Income": 0
    },
    "2016-12-31": {
        "Diluted EPS": 0.01,
        "Total Revenue": 3,
        "Gross Profit": 1,
        "Operating Income": 1,
        "EBIT": 1,
        "Net Income": 1
    },
    "2016-09-30": {
        "Diluted EPS": 0.01,
        "Total Revenue": 3,
        "Gross Profit": 1,
        "Operating Income": 0,
        "EBIT": 1,
        "Net Income": 0
    },
    "2016-06-30": {
        "Diluted EPS": 0.01,
        "Total Revenue": 2,
        "Gross Profit": 1,
        "Operating Income": 0,
        "EBIT": 0,
        "Net Income": 0
    },
    "2016-03-31": {
        "Diluted EPS": 0.0,
        "Total Revenue": 2,
        "Gross Profit": 1,
        "Operating Income": 0,
        "EBIT": 0,
        "Net Income": 0
    },
    "2015-12-31": {
        "Diluted EPS": 0.0,
        "Total Revenue": 2,
        "Gross Profit": 1,
        "Operating Income": 0,
        "EBIT": 0,
        "Net Income": 0
    },
    "2015-09-30": {
        "Diluted EPS": 0.0,
        "Total Revenue": 2,
        "Gross Profit": 1,
        "Operating Income": 0,
        "EBIT": 0,
        "Net Income": -3
    },
    "2015-06-30": {
        "Diluted EPS": 0.01,
        "Total Revenue": 2,
        "Gross Profit": 1,
        "Operating Income": 0,
        "EBIT": 1,
        "Net Income": 1
    },
    "2015-03-31": {
        "Diluted EPS": 0.0,
        "Total Revenue": 2,
        "Gross Profit": 1,
        "Operating Income": 0,
        "EBIT": 0,
        "Net Income": 0
    },
    "2014-12-31": {
        "Diluted EPS": 0.0,
        "Total Revenue": 5,
        "Gross Profit": 4,
        "Operating Income": 3,
        "EBIT": 3,
        "Net Income": 3
    },
    "2014-09-30": {
        "Diluted EPS": 0.0,
        "Total Revenue": 2,
        "Gross Profit": 1,
        "Operating Income": 0,
        "EBIT": 0,
        "Net Income": 0
    },
    "2014-06-30": {
        "Diluted EPS": 0.0,
        "Total Revenue": 1,
        "Gross Profit": 1,
        "Operating Income": 0,
        "EBIT": 0,
        "Net Income": 0
    },
    "2014-03-31": {
        "Diluted EPS": 0.0,
        "Total Revenue": 2,
        "Gross Profit": 0,
        "Operating Income": 0,
        "EBIT": 0,
        "Net Income": 0
    },
    "2013-12-31": {
        "Diluted EPS": 0.0,
        "Total Revenue": NaN,
        "Gross Profit": NaN,
        "Operating Income": NaN,
        "EBIT": NaN,
        "Net Income": NaN
    },
    "2013-09-30": {
        "Diluted EPS": 0.0,
        "Total Revenue": 1,
        "Gross Profit": 0,
        "Operating Income": 0,
        "EBIT": 0,
        "Net Income": 0
    },
    "2012-12-31": {
        "Diluted EPS": 0.0,
        "Total Revenue": NaN,
        "Gross Profit": NaN,
        "Operating Income": NaN,
        "EBIT": NaN,
        "Net Income": NaN
    },
    "2023-06-30": {
        "Tax Effect Of Unusual Items": 0.0,
        "Tax Rate For Calcs": 0.21,
        "Normalized EBITDA": 311115.0,
        "Net Income From Continuing Operation Net Minority Interest": -104156.0,
        "Reconciled Depreciation": 958001.0,
        "Reconciled Cost Of Revenue": 5425311.0,
        "EBITDA": 311115.0,
        "EBIT": -646886.0,
        "Net Interest Income": 600867.0,
        "Interest Income": 600867.0,
        "Normalized Income": -104156.0,
        "Net Income From Continuing And Discontinued Operation": -104156.0,
        "Total Expenses": 11687937.0,
        "Total Operating Income As Reported": -646886.0,
        "Diluted Average Shares": 52259002.0,
        "Basic Average Shares": 52259002.0,
        "Diluted EPS": -0.001993,
        "Basic EPS": -0.001993,
        "Diluted NI Availto Com Stockholders": -104156.0,
        "Net Income Common Stockholders": -104156.0,
        "Net Income": -104156.0,
        "Net Income Including Noncontrolling Interests": -104156.0,
        "Net Income Continuous Operations": -104156.0,
        "Tax Provision": 58137.0,
        "Pretax Income": -46019.0,
        "Net Non Operating Interest Income Expense": 600867.0,
        "Interest Income Non Operating": 600867.0,
        "Operating Income": -646886.0,
        "Operating Expense": 6262626.0,
        "Depreciation Amortization Depletion Income Statement": 958001.0,
        "Depreciation And Amortization In Income Statement": 958001.0,
        "Selling General And Administration": 5304625.0,
        "Gross Profit": 5615740.0,
        "Cost Of Revenue": 5425311.0,
        "Total Revenue": 11041051.0,
        "Operating Revenue": 10743697.0
    },
    "2023-09-30": {
        "Tax Effect Of Unusual Items": 0.0,
        "Tax Rate For Calcs": 0.087,
        "Normalized EBITDA": 1635609.0,
        "Net Income From Continuing Operation Net Minority Interest": 1100604.0,
        "Reconciled Depreciation": 1045177.0,
        "Reconciled Cost Of Revenue": 6068207.0,
        "EBITDA": 1635609.0,
        "EBIT": 590432.0,
        "Net Interest Income": 615324.0,
        "Interest Income": 615324.0,
        "Normalized Income": 1100604.0,
        "Net Income From Continuing And Discontinued Operation": 1100604.0,
        "Total Expenses": 11809893.0,
        "Total Operating Income As Reported": 590432.0,
        "Diluted Average Shares": 53484674.0,
        "Basic Average Shares": 52548101.0,
        "Diluted EPS": 0.02,
        "Basic EPS": 0.02,
        "Diluted NI Availto Com Stockholders": 1100604.0,
        "Net Income Common Stockholders": 1100604.0,
        "Net Income": 1100604.0,
        "Net Income Including Noncontrolling Interests": 1100604.0,
        "Net Income Continuous Operations": 1100604.0,
        "Tax Provision": 105152.0,
        "Pretax Income": 1205756.0,
        "Net Non Operating Interest Income Expense": 615324.0,
        "Interest Income Non Operating": 615324.0,
        "Operating Income": 590432.0,
        "Operating Expense": 5741686.0,
        "Depreciation Amortization Depletion Income Statement": 1045177.0,
        "Depreciation And Amortization In Income Statement": 1045177.0,
        "Selling General And Administration": 4696509.0,
        "Gross Profit": 6332118.0,
        "Cost Of Revenue": 6068207.0,
        "Total Revenue": 12400325.0,
        "Operating Revenue": 12087982.0
    },
    "2023-12-31": {
        "Tax Effect Of Unusual Items": 0.0,
        "Tax Rate For Calcs": 0.21,
        "Normalized EBITDA": 1810380.0,
        "Net Income From Continuing Operation Net Minority Interest": 5622409.0,
        "Reconciled Depreciation": 1178384.0,
        "Reconciled Cost Of Revenue": 6548858.0,
        "EBITDA": 1810380.0,
        "EBIT": 631996.0,
        "Net Interest Income": 730683.0,
        "Interest Income": 730683.0,
        "Normalized Income": 5622409.0,
        "Net Income From Continuing And Discontinued Operation": 5622409.0,
        "Total Expenses": 13057500.0,
        "Total Operating Income As Reported": 631996.0,
        "Diluted Average Shares": 53769686.0,
        "Basic Average Shares": 52736483.0,
        "Diluted EPS": 0.1,
        "Basic EPS": 0.11,
        "Diluted NI Availto Com Stockholders": 5622409.0,
        "Net Income Common Stockholders": 5622409.0,
        "Net Income": 5622409.0,
        "Net Income Including Noncontrolling Interests": 5622409.0,
        "Net Income Continuous Operations": 5622409.0,
        "Tax Provision": -4259730.0,
        "Pretax Income": 1362679.0,
        "Net Non Operating Interest Income Expense": 730683.0,
        "Interest Income Non Operating": 730683.0,
        "Operating Income": 631996.0,
        "Operating Expense": 6508642.0,
        "Depreciation Amortization Depletion Income Statement": 1178384.0,
        "Depreciation And Amortization In Income Statement": 1178384.0,
        "Selling General And Administration": 5330258.0,
        "Gross Profit": 7140638.0,
        "Cost Of Revenue": 6548858.0,
        "Total Revenue": 13689496.0,
        "Operating Revenue": 13221388.0
    },
    "2024-03-31": {
        "Tax Effect Of Unusual Items": 0.0,
        "Tax Rate For Calcs": 0.347,
        "Normalized EBITDA": 1028053.0,
        "Net Income From Continuing Operation Net Minority Interest": 309096.0,
        "Reconciled Depreciation": 1286405.0,
        "Reconciled Cost Of Revenue": 6250823.0,
        "EBITDA": 1028053.0,
        "EBIT": -258352.0,
        "Net Interest Income": 731344.0,
        "Interest Income": 731344.0,
        "Normalized Income": 309096.0,
        "Net Income From Continuing And Discontinued Operation": 309096.0,
        "Total Expenses": 13448426.0,
        "Total Operating Income As Reported": -258352.0,
        "Diluted Average Shares": 54760842.0,
        "Basic Average Shares": 52844638.0,
        "Diluted EPS": 0.01,
        "Basic EPS": 0.01,
        "Diluted NI Availto Com Stockholders": 309096.0,
        "Net Income Common Stockholders": 309096.0,
        "Net Income": 309096.0,
        "Net Income Including Noncontrolling Interests": 309096.0,
        "Net Income Continuous Operations": 309096.0,
        "Tax Provision": 163896.0,
        "Pretax Income": 472992.0,
        "Net Non Operating Interest Income Expense": 731344.0,
        "Interest Income Non Operating": 731344.0,
        "Operating Income": -258352.0,
        "Operating Expense": 7197603.0,
        "Depreciation Amortization Depletion Income Statement": 1286405.0,
        "Depreciation And Amortization In Income Statement": 1286405.0,
        "Selling General And Administration": 5911198.0,
        "Gross Profit": 6939251.0,
        "Cost Of Revenue": 6250823.0,
        "Total Revenue": 13190074.0,
        "Operating Revenue": 12756678.0
    },
    "2024-06-30": {
        "Tax Effect Of Unusual Items": 0.0,
        "Tax Rate For Calcs": 0.258,
        "Normalized EBITDA": 1565299.0,
        "Net Income From Continuing Operation Net Minority Interest": 697102.0,
        "Reconciled Depreciation": 1439622.0,
        "Reconciled Cost Of Revenue": 6745836.0,
        "EBITDA": 1565299.0,
        "EBIT": 125677.0,
        "Net Interest Income": 813357.0,
        "Interest Income": 813357.0,
        "Normalized Income": 697102.0,
        "Net Income From Continuing And Discontinued Operation": 697102.0,
        "Total Expenses": 14205922.0,
        "Total Operating Income As Reported": 125677.0,
        "Diluted Average Shares": 55861786.0,
        "Basic Average Shares": 53008286.0,
        "Diluted EPS": 0.01,
        "Basic EPS": 0.01,
        "Diluted NI Availto Com Stockholders": 697102.0,
        "Net Income Common Stockholders": 697102.0,
        "Net Income": 697102.0,
        "Net Income Including Noncontrolling Interests": 697102.0,
        "Net Income Continuous Operations": 697102.0,
        "Tax Provision": 241932.0,
        "Pretax Income": 939034.0,
        "Net Non Operating Interest Income Expense": 813357.0,
        "Interest Income Non Operating": 813357.0,
        "Operating Income": 125677.0,
        "Operating Expense": 7460086.0,
        "Depreciation Amortization Depletion Income Statement": 1439622.0,
        "Depreciation And Amortization In Income Statement": 1439622.0,
        "Selling General And Administration": 6020464.0,
        "Gross Profit": 7585763.0,
        "Cost Of Revenue": 6745836.0,
        "Total Revenue": 14331599.0,
        "Operating Revenue": 13948163.0
    }
}