{
    "2023-03-31": {
        "Tax Effect Of Unusual Items": NaN,
        "Tax Rate For Calcs": NaN,
        "Normalized EBITDA": NaN,
        "Total Unusual Items": NaN,
        "Total Unusual Items Excluding Goodwill": NaN,
        "Net Income From Continuing Operation Net Minority Interest": NaN,
        "Reconciled Depreciation": NaN,
        "Reconciled Cost Of Revenue": NaN,
        "EBITDA": NaN,
        "EBIT": NaN,
        "Net Interest Income": NaN,
        "Interest Expense": NaN,
        "Normalized Income": NaN,
        "Net Income From Continuing And Discontinued Operation": NaN,
        "Total Expenses": NaN,
        "Total Operating Income As Reported": NaN,
        "Diluted Average Shares": NaN,
        "Basic Average Shares": NaN,
        "Diluted EPS": NaN,
        "Basic EPS": NaN,
        "Diluted NI Availto Com Stockholders": NaN,
        "Average Dilution Earnings": 2600000.0,
        "Net Income Common Stockholders": NaN,
        "Otherunder Preferred Stock Dividend": 0.0,
        "Net Income": NaN,
        "Minority Interests": NaN,
        "Net Income Including Noncontrolling Interests": NaN,
        "Net Income Continuous Operations": NaN,
        "Tax Provision": NaN,
        "Pretax Income": NaN,
        "Other Income Expense": NaN,
        "Other Non Operating Income Expenses": -1300000.0,
        "Special Income Charges": NaN,
        "Gain On Sale Of Ppe": NaN,
        "Other Special Charges": NaN,
        "Restructuring And Mergern Acquisition": NaN,
        "Earnings From Equity Interest": NaN,
        "Gain On Sale Of Security": NaN,
        "Net Non Operating Interest Income Expense": NaN,
        "Interest Expense Non Operating": NaN,
        "Operating Income": NaN,
        "Operating Expense": NaN,
        "Depreciation Amortization Depletion Income Statement": NaN,
        "Depreciation And Amortization In Income Statement": NaN,
        "Selling General And Administration": NaN,
        "General And Administrative Expense": NaN,
        "Other Gand A": NaN,
        "Gross Profit": NaN,
        "Cost Of Revenue": NaN,
        "Total Revenue": NaN,
        "Operating Revenue": NaN
    },
    "2022-12-31": {
        "Tax Effect Of Unusual Items": NaN,
        "Tax Rate For Calcs": NaN,
        "Normalized EBITDA": NaN,
        "Total Unusual Items": NaN,
        "Total Unusual Items Excluding Goodwill": NaN,
        "Net Income From Continuing Operation Net Minority Interest": NaN,
        "Reconciled Depreciation": NaN,
        "Reconciled Cost Of Revenue": NaN,
        "EBITDA": NaN,
        "EBIT": NaN,
        "Net Interest Income": NaN,
        "Interest Expense": NaN,
        "Normalized Income": NaN,
        "Net Income From Continuing And Discontinued Operation": NaN,
        "Total Expenses": NaN,
        "Total Operating Income As Reported": NaN,
        "Diluted Average Shares": NaN,
        "Basic Average Shares": NaN,
        "Diluted EPS": NaN,
        "Basic EPS": NaN,
        "Diluted NI Availto Com Stockholders": NaN,
        "Average Dilution Earnings": NaN,
        "Net Income Common Stockholders": NaN,
        "Otherunder Preferred Stock Dividend": NaN,
        "Net Income": NaN,
        "Minority Interests": NaN,
        "Net Income Including Noncontrolling Interests": NaN,
        "Net Income Continuous Operations": NaN,
        "Tax Provision": NaN,
        "Pretax Income": NaN,
        "Other Income Expense": NaN,
        "Other Non Operating Income Expenses": NaN,
        "Special Income Charges": NaN,
        "Gain On Sale Of Ppe": NaN,
        "Other Special Charges": 0.0,
        "Restructuring And Mergern Acquisition": NaN,
        "Earnings From Equity Interest": NaN,
        "Gain On Sale Of Security": NaN,
        "Net Non Operating Interest Income Expense": NaN,
        "Interest Expense Non Operating": NaN,
        "Operating Income": NaN,
        "Operating Expense": NaN,
        "Depreciation Amortization Depletion Income Statement": NaN,
        "Depreciation And Amortization In Income Statement": NaN,
        "Selling General And Administration": NaN,
        "General And Administrative Expense": NaN,
        "Other Gand A": NaN,
        "Gross Profit": NaN,
        "Cost Of Revenue": NaN,
        "Total Revenue": NaN,
        "Operating Revenue": NaN
    },
    "2022-09-30": {
        "Tax Effect Of Unusual Items": NaN,
        "Tax Rate For Calcs": NaN,
        "Normalized EBITDA": NaN,
        "Total Unusual Items": NaN,
        "Total Unusual Items Excluding Goodwill": NaN,
        "Net Income From Continuing Operation Net Minority Interest": NaN,
        "Reconciled Depreciation": NaN,
        "Reconciled Cost Of Revenue": NaN,
        "EBITDA": NaN,
        "EBIT": NaN,
        "Net Interest Income": NaN,
        "Interest Expense": NaN,
        "Normalized Income": NaN,
        "Net Income From Continuing And Discontinued Operation": NaN,
        "Total Expenses": NaN,
        "Total Operating Income As Reported": NaN,
        "Diluted Average Shares": NaN,
        "Basic Average Shares": NaN,
        "Diluted EPS": NaN,
        "Basic EPS": NaN,
        "Diluted NI Availto Com Stockholders": NaN,
        "Average Dilution Earnings": 6900000.0,
        "Net Income Common Stockholders": NaN,
        "Otherunder Preferred Stock Dividend": 0.0,
        "Net Income": NaN,
        "Minority Interests": NaN,
        "Net Income Including Noncontrolling Interests": NaN,
        "Net Income Continuous Operations": NaN,
        "Tax Provision": NaN,
        "Pretax Income": NaN,
        "Other Income Expense": NaN,
        "Other Non Operating Income Expenses": NaN,
        "Special Income Charges": NaN,
        "Gain On Sale Of Ppe": NaN,
        "Other Special Charges": 69900000.0,
        "Restructuring And Mergern Acquisition": NaN,
        "Earnings From Equity Interest": NaN,
        "Net Non Operating Interest Income Expense": NaN,
        "Interest Expense Non Operating": NaN,
        "Operating Income": NaN,
        "Operating Expense": NaN,
        "Depreciation Amortization Depletion Income Statement": NaN,
        "Depreciation And Amortization In Income Statement": NaN,
        "Selling General And Administration": NaN,
        "General And Administrative Expense": NaN,
        "Other Gand A": NaN,
        "Gross Profit": NaN,
        "Cost Of Revenue": NaN,
        "Total Revenue": NaN,
        "Operating Revenue": NaN
    },
    "2022-06-30": {
        "Tax Effect Of Unusual Items": -7104000.0,
        "Tax Rate For Calcs": 0.096,
        "Normalized EBITDA": 1655000000.0,
        "Total Unusual Items": -74000000.0,
        "Total Unusual Items Excluding Goodwill": -74000000.0,
        "Net Income From Continuing Operation Net Minority Interest": 1203700000.0,
        "Reconciled Depreciation": 128400000.0,
        "Reconciled Cost Of Revenue": 12011700000.0,
        "EBITDA": 1581000000.0,
        "EBIT": 1452600000.0,
        "Net Interest Income": -85500000.0,
        "Interest Expense": 85500000.0,
        "Normalized Income": 1270596000.0,
        "Net Income From Continuing And Discontinued Operation": 1203700000.0,
        "Total Expenses": 12293300000.0,
        "Total Operating Income As Reported": 1706600000.0,
        "Diluted Average Shares": 125658046.0,
        "Basic Average Shares": 121268354.0,
        "Diluted EPS": 9.65,
        "Basic EPS": 9.93,
        "Diluted NI Availto Com Stockholders": 1212700000.0,
        "Average Dilution Earnings": 9000000.0,
        "Net Income Common Stockholders": 1203700000.0,
        "Otherunder Preferred Stock Dividend": NaN,
        "Net Income": 1203700000.0,
        "Minority Interests": -32100000.0,
        "Net Income Including Noncontrolling Interests": 1235800000.0,
        "Net Income Continuous Operations": 1235800000.0,
        "Tax Provision": 131300000.0,
        "Pretax Income": 1367100000.0,
        "Other Income Expense": -331800000.0,
        "Other Non Operating Income Expenses": -257800000.0,
        "Special Income Charges": -74000000.0,
        "Gain On Sale Of Ppe": -200000.0,
        "Other Special Charges": -3800000.0,
        "Restructuring And Mergern Acquisition": 77600000.0,
        "Earnings From Equity Interest": NaN,
        "Net Non Operating Interest Income Expense": -85500000.0,
        "Interest Expense Non Operating": 85500000.0,
        "Operating Income": 1784400000.0,
        "Operating Expense": 155100000.0,
        "Depreciation Amortization Depletion Income Statement": 1900000.0,
        "Depreciation And Amortization In Income Statement": 1900000.0,
        "Selling General And Administration": 153200000.0,
        "General And Administrative Expense": 153200000.0,
        "Other Gand A": 153200000.0,
        "Gross Profit": 1939500000.0,
        "Cost Of Revenue": 12138200000.0,
        "Total Revenue": 14077700000.0,
        "Operating Revenue": 14077700000.0
    },
    "2023-06-30": {
        "Tax Effect Of Unusual Items": 4165600.0,
        "Tax Rate For Calcs": 0.254,
        "Normalized EBITDA": 1525300000.0,
        "Total Unusual Items": 16400000.0,
        "Total Unusual Items Excluding Goodwill": 16400000.0,
        "Net Income From Continuing Operation Net Minority Interest": 1020400000.0,
        "Reconciled Depreciation": 149600000.0,
        "Reconciled Cost Of Revenue": 8499900000.0,
        "EBITDA": 1541700000.0,
        "EBIT": 1392100000.0,
        "Net Interest Income": -13800000.0,
        "Interest Expense": 13800000.0,
        "Normalized Income": 1008165600.0,
        "Net Income From Continuing And Discontinued Operation": 1020400000.0,
        "Total Expenses": 8753700000.0,
        "Total Operating Income As Reported": 1389200000.0,
        "Diluted Average Shares": 130446002.0,
        "Basic Average Shares": 125288452.0,
        "Diluted EPS": 7.88,
        "Basic EPS": 8.14,
        "Diluted NI Availto Com Stockholders": 1027700000.0,
        "Average Dilution Earnings": 7300000.0,
        "Net Income Common Stockholders": 1020400000.0,
        "Otherunder Preferred Stock Dividend": NaN,
        "Net Income": 1020400000.0,
        "Minority Interests": -10000000.0,
        "Net Income Including Noncontrolling Interests": 1030400000.0,
        "Net Income Continuous Operations": 1030400000.0,
        "Tax Provision": 347900000.0,
        "Pretax Income": 1378300000.0,
        "Other Income Expense": 988200000.0,
        "Other Non Operating Income Expenses": 2900000.0,
        "Special Income Charges": 16400000.0,
        "Gain On Sale Of Ppe": -200000.0,
        "Other Special Charges": NaN,
        "Restructuring And Mergern Acquisition": -16600000.0,
        "Earnings From Equity Interest": 968900000.0,
        "Gain On Sale Of Security": NaN,
        "Net Non Operating Interest Income Expense": -13800000.0,
        "Interest Expense Non Operating": 13800000.0,
        "Operating Income": 403900000.0,
        "Operating Expense": 106500000.0,
        "Depreciation Amortization Depletion Income Statement": 2300000.0,
        "Depreciation And Amortization In Income Statement": 2300000.0,
        "Selling General And Administration": 104200000.0,
        "General And Administrative Expense": 104200000.0,
        "Other Gand A": 104200000.0,
        "Gross Profit": 510400000.0,
        "Cost Of Revenue": 8647200000.0,
        "Total Revenue": 9157600000.0,
        "Operating Revenue": 9157600000.0
    },
    "2022-03-31": {
        "Diluted EPS": -0.18,
        "Total Revenue": NaN,
        "Gross Profit": 817,
        "Operating Income": 91,
        "EBIT": 216,
        "Net Income": -21
    },
    "2021-12-31": {
        "Diluted EPS": 1.36,
        "Total Revenue": NaN,
        "Gross Profit": 969,
        "Operating Income": 291,
        "EBIT": 414,
        "Net Income": 165
    },
    "2021-09-30": {
        "Diluted EPS": 0.49,
        "Total Revenue": NaN,
        "Gross Profit": 699,
        "Operating Income": 101,
        "EBIT": 221,
        "Net Income": 59
    },
    "2021-06-30": {
        "Diluted EPS": 0.39,
        "Total Revenue": NaN,
        "Gross Profit": 686,
        "Operating Income": 148,
        "EBIT": 267,
        "Net Income": 48
    },
    "2021-03-31": {
        "Diluted EPS": -0.34,
        "Total Revenue": NaN,
        "Gross Profit": 620,
        "Operating Income": 58,
        "EBIT": 179,
        "Net Income": -41
    },
    "2020-12-31": {
        "Diluted EPS": -2.45,
        "Total Revenue": NaN,
        "Gross Profit": 292,
        "Operating Income": -328,
        "EBIT": -139,
        "Net Income": -298
    },
    "2020-09-30": {
        "Diluted EPS": -3.49,
        "Total Revenue": NaN,
        "Gross Profit": 159,
        "Operating Income": -343,
        "EBIT": -205,
        "Net Income": -417
    },
    "2020-06-30": {
        "Diluted EPS": 3.23,
        "Total Revenue": NaN,
        "Gross Profit": 640,
        "Operating Income": 621,
        "EBIT": 752,
        "Net Income": 389
    },
    "2020-03-31": {
        "Diluted EPS": -8.93,
        "Total Revenue": NaN,
        "Gross Profit": -803,
        "Operating Income": NaN,
        "EBIT": NaN,
        "Net Income": NaN
    },
    "2019-12-31": {
        "Diluted EPS": 0.45,
        "Total Revenue": NaN,
        "Gross Profit": 669,
        "Operating Income": 123,
        "EBIT": 239,
        "Net Income": 53
    },
    "2019-09-30": {
        "Diluted EPS": 0.57,
        "Total Revenue": NaN,
        "Gross Profit": 623,
        "Operating Income": 152,
        "EBIT": 265,
        "Net Income": 70
    },
    "2019-06-30": {
        "Diluted EPS": -0.27,
        "Total Revenue": NaN,
        "Gross Profit": 500,
        "Operating Income": 10,
        "EBIT": 119,
        "Net Income": -32
    },
    "2019-03-31": {
        "Diluted EPS": 1.89,
        "Total Revenue": NaN,
        "Gross Profit": 904,
        "Operating Income": 365,
        "EBIT": 473,
        "Net Income": 229
    },
    "2018-12-31": {
        "Diluted EPS": -3.04,
        "Total Revenue": NaN,
        "Gross Profit": 95,
        "Operating Income": -446,
        "EBIT": -345,
        "Net Income": -354
    },
    "2018-09-30": {
        "Diluted EPS": 1.5,
        "Total Revenue": NaN,
        "Gross Profit": 739,
        "Operating Income": 286,
        "EBIT": 382,
        "Net Income": 180
    },
    "2018-06-30": {
        "Diluted EPS": 2.37,
        "Total Revenue": NaN,
        "Gross Profit": 902,
        "Operating Income": 422,
        "EBIT": 517,
        "Net Income": 272
    },
    "2018-03-31": {
        "Diluted EPS": 0.27,
        "Total Revenue": NaN,
        "Gross Profit": 587,
        "Operating Income": 96,
        "EBIT": 184,
        "Net Income": 30
    },
    "2017-12-31": {
        "Diluted EPS": 2.18,
        "Total Revenue": NaN,
        "Gross Profit": 747,
        "Operating Income": 255,
        "EBIT": 339,
        "Net Income": 242
    },
    "2017-09-30": {
        "Diluted EPS": 2.85,
        "Total Revenue": NaN,
        "Gross Profit": NaN,
        "Operating Income": 587,
        "EBIT": 668,
        "Net Income": 314
    },
    "2017-06-30": {
        "Diluted EPS": -1.01,
        "Total Revenue": NaN,
        "Gross Profit": 349,
        "Operating Income": -111,
        "EBIT": -40,
        "Net Income": -110
    },
    "2017-03-31": {
        "Diluted EPS": -0.29,
        "Total Revenue": NaN,
        "Gross Profit": 499,
        "Operating Income": 1,
        "EBIT": 64,
        "Net Income": -31
    },
    "2016-12-31": {
        "Diluted EPS": 0.55,
        "Total Revenue": NaN,
        "Gross Profit": 513,
        "Operating Income": 140,
        "EBIT": 202,
        "Net Income": 55
    },
    "2016-09-30": {
        "Diluted EPS": 0.43,
        "Total Revenue": NaN,
        "Gross Profit": 596,
        "Operating Income": 130,
        "EBIT": 188,
        "Net Income": 42
    },
    "2016-06-30": {
        "Diluted EPS": 1.06,
        "Total Revenue": NaN,
        "Gross Profit": 609,
        "Operating Income": 235,
        "EBIT": 289,
        "Net Income": 104
    },
    "2016-03-31": {
        "Diluted EPS": -0.3,
        "Total Revenue": NaN,
        "Gross Profit": 388,
        "Operating Income": -5,
        "EBIT": 53,
        "Net Income": -29
    },
    "2015-12-31": {
        "Diluted EPS": -1.41,
        "Total Revenue": NaN,
        "Gross Profit": 11,
        "Operating Income": -178,
        "EBIT": -123,
        "Net Income": -120
    },
    "2015-09-30": {
        "Diluted EPS": 0.49,
        "Total Revenue": NaN,
        "Gross Profit": 395,
        "Operating Income": 92,
        "EBIT": 143,
        "Net Income": 43
    },
    "2015-06-30": {
        "Diluted EPS": 1.57,
        "Total Revenue": NaN,
        "Gross Profit": 556,
        "Operating Income": 274,
        "EBIT": 325,
        "Net Income": 136
    },
    "2015-03-31": {
        "Diluted EPS": 1.0,
        "Total Revenue": NaN,
        "Gross Profit": 493,
        "Operating Income": 172,
        "EBIT": 222,
        "Net Income": 87
    },
    "2014-12-31": {
        "Diluted EPS": -3.34,
        "Total Revenue": NaN,
        "Gross Profit": -197,
        "Operating Income": -483,
        "EBIT": -436,
        "Net Income": -278
    },
    "2014-09-30": {
        "Diluted EPS": 1.6,
        "Total Revenue": NaN,
        "Gross Profit": 589,
        "Operating Income": 284,
        "EBIT": 354,
        "Net Income": 141
    },
    "2014-06-30": {
        "Diluted EPS": 0.29,
        "Total Revenue": NaN,
        "Gross Profit": 366,
        "Operating Income": 88,
        "EBIT": 124,
        "Net Income": 21
    },
    "2014-03-31": {
        "Diluted EPS": 1.42,
        "Total Revenue": NaN,
        "Gross Profit": 599,
        "Operating Income": 260,
        "EBIT": 295,
        "Net Income": 77
    },
    "2013-12-31": {
        "Diluted EPS": 0.61,
        "Total Revenue": NaN,
        "Gross Profit": 408,
        "Operating Income": 151,
        "EBIT": 182,
        "Net Income": 31
    },
    "2013-09-30": {
        "Diluted EPS": -0.5,
        "Total Revenue": NaN,
        "Gross Profit": 195,
        "Operating Income": -56,
        "EBIT": -27,
        "Net Income": -20
    },
    "2013-06-30": {
        "Diluted EPS": 0.61,
        "Total Revenue": NaN,
        "Gross Profit": 382,
        "Operating Income": 133,
        "EBIT": 162,
        "Net Income": 17
    },
    "2013-03-31": {
        "Diluted EPS": 0.48,
        "Total Revenue": NaN,
        "Gross Profit": 363,
        "Operating Income": 100,
        "EBIT": 128,
        "Net Income": 11
    },
    "2012-12-31": {
        "Diluted EPS": 0.08,
        "Total Revenue": NaN,
        "Gross Profit": 553,
        "Operating Income": 285,
        "EBIT": 311,
        "Net Income": 2
    },
    "2012-09-30": {
        "Diluted EPS": 0.0,
        "Total Revenue": NaN,
        "Gross Profit": 463,
        "Operating Income": 220,
        "EBIT": 246,
        "Net Income": 187
    },
    "2012-06-30": {
        "Diluted EPS": 21.28,
        "Total Revenue": NaN,
        "Gross Profit": 798,
        "Operating Income": 580,
        "EBIT": 603,
        "Net Income": 556
    },
    "2012-03-31": {
        "Diluted EPS": 0.0,
        "Total Revenue": NaN,
        "Gross Profit": 56,
        "Operating Income": -164,
        "EBIT": -138,
        "Net Income": -203
    },
    "2011-12-31": {
        "Diluted EPS": 0.0,
        "Total Revenue": NaN,
        "Gross Profit": NaN,
        "Operating Income": NaN,
        "EBIT": NaN,
        "Net Income": NaN
    },
    "2010-12-31": {
        "Diluted EPS": 0.0,
        "Total Revenue": NaN,
        "Gross Profit": NaN,
        "Operating Income": NaN,
        "EBIT": NaN,
        "Net Income": NaN
    },
    "2023-09-30": {
        "Tax Effect Of Unusual Items": -17419500.0,
        "Tax Rate For Calcs": 0.245,
        "Normalized EBITDA": 1291100000.0,
        "Total Unusual Items": -71100000.0,
        "Total Unusual Items Excluding Goodwill": -71100000.0,
        "Net Income From Continuing Operation Net Minority Interest": 786400000.0,
        "Reconciled Depreciation": 148600000.0,
        "Reconciled Cost Of Revenue": 9360900000.0,
        "EBITDA": 1220000000.0,
        "EBIT": 1071400000.0,
        "Net Interest Income": -22700000.0,
        "Interest Expense": 22700000.0,
        "Normalized Income": 840080500.0,
        "Net Income From Continuing And Discontinued Operation": 786400000.0,
        "Total Expenses": 9602400000.0,
        "Total Operating Income As Reported": 1077100000.0,
        "Diluted Average Shares": 129690375.0,
        "Basic Average Shares": 123793179.0,
        "Diluted EPS": 6.11,
        "Basic EPS": 6.35,
        "Diluted NI Availto Com Stockholders": 792000000.0,
        "Average Dilution Earnings": 5600000.0,
        "Net Income Common Stockholders": 786400000.0,
        "Otherunder Preferred Stock Dividend": 0.0,
        "Net Income": 786400000.0,
        "Minority Interests": -7700000.0,
        "Net Income Including Noncontrolling Interests": 794100000.0,
        "Net Income Continuous Operations": 794100000.0,
        "Tax Provision": 254600000.0,
        "Pretax Income": 1048700000.0,
        "Other Income Expense": -59700000.0,
        "Other Non Operating Income Expenses": NaN,
        "Special Income Charges": -71100000.0,
        "Gain On Sale Of Ppe": -100000.0,
        "Other Special Charges": 5700000.0,
        "Restructuring And Mergern Acquisition": 65300000.0,
        "Earnings From Equity Interest": 11400000.0,
        "Gain On Sale Of Security": 14600000.0,
        "Net Non Operating Interest Income Expense": -22700000.0,
        "Interest Expense Non Operating": 22700000.0,
        "Operating Income": 1131100000.0,
        "Operating Expense": 96700000.0,
        "Depreciation Amortization Depletion Income Statement": 3800000.0,
        "Depreciation And Amortization In Income Statement": 3800000.0,
        "Selling General And Administration": 92900000.0,
        "General And Administrative Expense": 92900000.0,
        "Other Gand A": 92900000.0,
        "Gross Profit": 1227800000.0,
        "Cost Of Revenue": 9505700000.0,
        "Total Revenue": 10733500000.0,
        "Operating Revenue": 10733500000.0
    },
    "2023-12-31": {
        "Tax Effect Of Unusual Items": 1775373.134328,
        "Tax Rate For Calcs": 0.097015,
        "Normalized EBITDA": 80000000.0,
        "Total Unusual Items": 18300000.0,
        "Total Unusual Items Excluding Goodwill": 18300000.0,
        "Net Income From Continuing Operation Net Minority Interest": -48400000.0,
        "Reconciled Depreciation": 143300000.0,
        "Reconciled Cost Of Revenue": 8914900000.0,
        "EBITDA": 98300000.0,
        "EBIT": -45000000.0,
        "Net Interest Income": -8600000.0,
        "Interest Expense": 8600000.0,
        "Normalized Income": -64924626.865672,
        "Net Income From Continuing And Discontinued Operation": -48400000.0,
        "Total Expenses": 9163600000.0,
        "Total Operating Income As Reported": -47200000.0,
        "Diluted Average Shares": 121866353.0,
        "Basic Average Shares": 120999329.0,
        "Diluted EPS": -0.4,
        "Basic EPS": -0.4,
        "Diluted NI Availto Com Stockholders": -63900000.0,
        "Average Dilution Earnings": NaN,
        "Net Income Common Stockholders": -48400000.0,
        "Otherunder Preferred Stock Dividend": NaN,
        "Net Income": -48400000.0,
        "Minority Interests": 0.0,
        "Net Income Including Noncontrolling Interests": -48400000.0,
        "Net Income Continuous Operations": -48400000.0,
        "Tax Provision": -5200000.0,
        "Pretax Income": -53600000.0,
        "Other Income Expense": -20100000.0,
        "Other Non Operating Income Expenses": 2200000.0,
        "Special Income Charges": 78200000.0,
        "Gain On Sale Of Ppe": 0.0,
        "Other Special Charges": 0.0,
        "Restructuring And Mergern Acquisition": -78200000.0,
        "Earnings From Equity Interest": -40600000.0,
        "Gain On Sale Of Security": -59900000.0,
        "Net Non Operating Interest Income Expense": -8600000.0,
        "Interest Expense Non Operating": 8600000.0,
        "Operating Income": -24900000.0,
        "Operating Expense": 108900000.0,
        "Depreciation Amortization Depletion Income Statement": 3500000.0,
        "Depreciation And Amortization In Income Statement": 3500000.0,
        "Selling General And Administration": 105400000.0,
        "General And Administrative Expense": 105400000.0,
        "Other Gand A": 105400000.0,
        "Gross Profit": 84000000.0,
        "Cost Of Revenue": 9054700000.0,
        "Total Revenue": 9138700000.0,
        "Operating Revenue": 9138700000.0
    },
    "2024-03-31": {
        "Tax Effect Of Unusual Items": 576800.0,
        "Tax Rate For Calcs": 0.206,
        "Normalized EBITDA": 291400000.0,
        "Total Unusual Items": 2800000.0,
        "Total Unusual Items Excluding Goodwill": 2800000.0,
        "Net Income From Continuing Operation Net Minority Interest": 106600000.0,
        "Reconciled Depreciation": 148500000.0,
        "Reconciled Cost Of Revenue": 8282100000.0,
        "EBITDA": 294200000.0,
        "EBIT": 145700000.0,
        "Net Interest Income": -10500000.0,
        "Interest Expense": 10500000.0,
        "Normalized Income": 104376800.0,
        "Net Income From Continuing And Discontinued Operation": 106600000.0,
        "Total Expenses": 8493800000.0,
        "Total Operating Income As Reported": 145100000.0,
        "Diluted Average Shares": 124670049.0,
        "Basic Average Shares": 119864653.0,
        "Diluted EPS": 0.86,
        "Basic EPS": 0.89,
        "Diluted NI Availto Com Stockholders": 107300000.0,
        "Average Dilution Earnings": 700000.0,
        "Net Income Common Stockholders": 106600000.0,
        "Otherunder Preferred Stock Dividend": 0.0,
        "Net Income": 106600000.0,
        "Minority Interests": -900000.0,
        "Net Income Including Noncontrolling Interests": 107500000.0,
        "Net Income Continuous Operations": 107500000.0,
        "Tax Provision": 27700000.0,
        "Pretax Income": 135200000.0,
        "Other Income Expense": -6100000.0,
        "Other Non Operating Income Expenses": 600000.0,
        "Special Income Charges": 2800000.0,
        "Gain On Sale Of Ppe": -500000.0,
        "Other Special Charges": NaN,
        "Restructuring And Mergern Acquisition": -3300000.0,
        "Earnings From Equity Interest": -9500000.0,
        "Gain On Sale Of Security": -800000.0,
        "Net Non Operating Interest Income Expense": -10500000.0,
        "Interest Expense Non Operating": 10500000.0,
        "Operating Income": 151800000.0,
        "Operating Expense": 66400000.0,
        "Depreciation Amortization Depletion Income Statement": 3200000.0,
        "Depreciation And Amortization In Income Statement": 3200000.0,
        "Selling General And Administration": 63200000.0,
        "General And Administrative Expense": 63200000.0,
        "Other Gand A": 63200000.0,
        "Gross Profit": 218200000.0,
        "Cost Of Revenue": 8427400000.0,
        "Total Revenue": 8645600000.0,
        "Operating Revenue": 8645600000.0
    },
    "2024-06-30": {
        "Tax Effect Of Unusual Items": -3491566.26506,
        "Tax Rate For Calcs": 0.277108,
        "Normalized EBITDA": 100600000.0,
        "Total Unusual Items": -12600000.0,
        "Total Unusual Items Excluding Goodwill": -12600000.0,
        "Net Income From Continuing Operation Net Minority Interest": -65200000.0,
        "Reconciled Depreciation": 162000000.0,
        "Reconciled Cost Of Revenue": 8571100000.0,
        "EBITDA": 88000000.0,
        "EBIT": -74000000.0,
        "Net Interest Income": -17300000.0,
        "Interest Expense": 17300000.0,
        "Normalized Income": -56091566.26506,
        "Net Income From Continuing And Discontinued Operation": -65200000.0,
        "Total Expenses": 8798100000.0,
        "Total Operating Income As Reported": -74600000.0,
        "Diluted Average Shares": 117905938.0,
        "Basic Average Shares": 117043158.0,
        "Diluted EPS": -0.56,
        "Basic EPS": -0.56,
        "Diluted NI Availto Com Stockholders": -65800000.0,
        "Average Dilution Earnings": -600000.0,
        "Net Income Common Stockholders": -65200000.0,
        "Otherunder Preferred Stock Dividend": 0.0,
        "Net Income": -65200000.0,
        "Minority Interests": 800000.0,
        "Net Income Including Noncontrolling Interests": -66000000.0,
        "Net Income Continuous Operations": -66000000.0,
        "Tax Provision": -25300000.0,
        "Pretax Income": -91300000.0,
        "Other Income Expense": -12000000.0,
        "Other Non Operating Income Expenses": 600000.0,
        "Special Income Charges": -200000.0,
        "Gain On Sale Of Ppe": -200000.0,
        "Other Special Charges": NaN,
        "Restructuring And Mergern Acquisition": 0.0,
        "Earnings From Equity Interest": 0.0,
        "Gain On Sale Of Security": -12400000.0,
        "Net Non Operating Interest Income Expense": -17300000.0,
        "Interest Expense Non Operating": 17300000.0,
        "Operating Income": -62000000.0,
        "Operating Expense": 68300000.0,
        "Depreciation Amortization Depletion Income Statement": 3300000.0,
        "Depreciation And Amortization In Income Statement": 3300000.0,
        "Selling General And Administration": 65000000.0,
        "General And Administrative Expense": 65000000.0,
        "Other Gand A": 65000000.0,
        "Gross Profit": 6300000.0,
        "Cost Of Revenue": 8729800000.0,
        "Total Revenue": 8736100000.0,
        "Operating Revenue": 8736100000.0
    }
}