{
    "2023-03-31": {
        "Tax Effect Of Unusual Items": NaN,
        "Tax Rate For Calcs": NaN,
        "Normalized EBITDA": NaN,
        "Total Unusual Items": NaN,
        "Total Unusual Items Excluding Goodwill": NaN,
        "Net Income From Continuing Operation Net Minority Interest": NaN,
        "Reconciled Depreciation": NaN,
        "Reconciled Cost Of Revenue": NaN,
        "EBITDA": NaN,
        "EBIT": NaN,
        "Net Interest Income": NaN,
        "Interest Expense": NaN,
        "Interest Income": 132000000.0,
        "Normalized Income": NaN,
        "Net Income From Continuing And Discontinued Operation": NaN,
        "Total Expenses": NaN,
        "Rent Expense Supplemental": NaN,
        "Total Operating Income As Reported": 58870622100.0,
        "Diluted Average Shares": NaN,
        "Basic Average Shares": NaN,
        "Diluted EPS": NaN,
        "Basic EPS": NaN,
        "Diluted NI Availto Com Stockholders": NaN,
        "Net Income Common Stockholders": NaN,
        "Net Income": NaN,
        "Minority Interests": NaN,
        "Net Income Including Noncontrolling Interests": NaN,
        "Net Income Continuous Operations": NaN,
        "Tax Provision": NaN,
        "Pretax Income": NaN,
        "Other Income Expense": NaN,
        "Other Non Operating Income Expenses": NaN,
        "Special Income Charges": NaN,
        "Gain On Sale Of Ppe": NaN,
        "Other Special Charges": NaN,
        "Write Off": 3000000.0,
        "Impairment Of Capital Assets": 15287100.0,
        "Earnings From Equity Interest": NaN,
        "Gain On Sale Of Security": NaN,
        "Net Non Operating Interest Income Expense": NaN,
        "Total Other Finance Cost": NaN,
        "Interest Expense Non Operating": NaN,
        "Interest Income Non Operating": 132000000.0,
        "Operating Income": NaN,
        "Operating Expense": NaN,
        "Other Operating Expenses": NaN,
        "Other Taxes": NaN,
        "Provision For Doubtful Accounts": NaN,
        "Depreciation Amortization Depletion Income Statement": NaN,
        "Research And Development": NaN,
        "Selling General And Administration": NaN,
        "Selling And Marketing Expense": 5228188200.0,
        "General And Administrative Expense": NaN,
        "Other Gand A": 102000000.0,
        "Rent And Landing Fees": NaN,
        "Salaries And Wages": NaN,
        "Gross Profit": NaN,
        "Cost Of Revenue": NaN,
        "Total Revenue": NaN,
        "Operating Revenue": NaN
    },
    "2022-12-31": {
        "Tax Effect Of Unusual Items": NaN,
        "Tax Rate For Calcs": NaN,
        "Normalized EBITDA": NaN,
        "Total Unusual Items": NaN,
        "Total Unusual Items Excluding Goodwill": NaN,
        "Net Income From Continuing Operation Net Minority Interest": NaN,
        "Reconciled Depreciation": NaN,
        "Reconciled Cost Of Revenue": NaN,
        "EBITDA": NaN,
        "EBIT": NaN,
        "Net Interest Income": NaN,
        "Interest Expense": NaN,
        "Interest Income": NaN,
        "Normalized Income": NaN,
        "Net Income From Continuing And Discontinued Operation": NaN,
        "Total Expenses": NaN,
        "Rent Expense Supplemental": NaN,
        "Total Operating Income As Reported": NaN,
        "Diluted Average Shares": NaN,
        "Basic Average Shares": NaN,
        "Diluted EPS": NaN,
        "Basic EPS": NaN,
        "Diluted NI Availto Com Stockholders": NaN,
        "Net Income Common Stockholders": NaN,
        "Net Income": NaN,
        "Minority Interests": NaN,
        "Net Income Including Noncontrolling Interests": NaN,
        "Net Income Continuous Operations": NaN,
        "Tax Provision": NaN,
        "Pretax Income": NaN,
        "Other Income Expense": NaN,
        "Other Non Operating Income Expenses": NaN,
        "Special Income Charges": NaN,
        "Gain On Sale Of Ppe": NaN,
        "Other Special Charges": NaN,
        "Write Off": 69000000.0,
        "Impairment Of Capital Assets": 824000000.0,
        "Earnings From Equity Interest": NaN,
        "Gain On Sale Of Security": NaN,
        "Net Non Operating Interest Income Expense": NaN,
        "Total Other Finance Cost": NaN,
        "Interest Expense Non Operating": NaN,
        "Interest Income Non Operating": NaN,
        "Operating Income": NaN,
        "Operating Expense": NaN,
        "Other Operating Expenses": NaN,
        "Other Taxes": NaN,
        "Provision For Doubtful Accounts": NaN,
        "Depreciation Amortization Depletion Income Statement": NaN,
        "Research And Development": NaN,
        "Selling General And Administration": NaN,
        "Selling And Marketing Expense": 5311395400.0,
        "General And Administrative Expense": NaN,
        "Other Gand A": 116000000.0,
        "Rent And Landing Fees": NaN,
        "Salaries And Wages": NaN,
        "Gross Profit": NaN,
        "Cost Of Revenue": NaN,
        "Total Revenue": NaN,
        "Operating Revenue": NaN
    },
    "2022-09-30": {
        "Tax Effect Of Unusual Items": NaN,
        "Tax Rate For Calcs": NaN,
        "Normalized EBITDA": NaN,
        "Total Unusual Items": NaN,
        "Total Unusual Items Excluding Goodwill": NaN,
        "Net Income From Continuing Operation Net Minority Interest": NaN,
        "Reconciled Depreciation": NaN,
        "Reconciled Cost Of Revenue": NaN,
        "EBITDA": NaN,
        "EBIT": NaN,
        "Net Interest Income": NaN,
        "Interest Expense": NaN,
        "Interest Income": 175000000.0,
        "Normalized Income": NaN,
        "Net Income From Continuing And Discontinued Operation": NaN,
        "Total Expenses": NaN,
        "Rent Expense Supplemental": NaN,
        "Total Operating Income As Reported": 14170000000.0,
        "Diluted Average Shares": NaN,
        "Basic Average Shares": NaN,
        "Diluted EPS": NaN,
        "Basic EPS": NaN,
        "Diluted NI Availto Com Stockholders": NaN,
        "Net Income Common Stockholders": NaN,
        "Net Income": NaN,
        "Minority Interests": NaN,
        "Net Income Including Noncontrolling Interests": NaN,
        "Net Income Continuous Operations": NaN,
        "Tax Provision": NaN,
        "Pretax Income": NaN,
        "Other Income Expense": NaN,
        "Other Non Operating Income Expenses": NaN,
        "Special Income Charges": NaN,
        "Gain On Sale Of Ppe": NaN,
        "Other Special Charges": NaN,
        "Write Off": -1000000.0,
        "Impairment Of Capital Assets": 255000000.0,
        "Earnings From Equity Interest": NaN,
        "Gain On Sale Of Security": NaN,
        "Net Non Operating Interest Income Expense": NaN,
        "Total Other Finance Cost": NaN,
        "Interest Expense Non Operating": NaN,
        "Interest Income Non Operating": 175000000.0,
        "Operating Income": NaN,
        "Operating Expense": NaN,
        "Other Operating Expenses": NaN,
        "Other Taxes": NaN,
        "Provision For Doubtful Accounts": NaN,
        "Depreciation Amortization Depletion Income Statement": NaN,
        "Research And Development": NaN,
        "Selling General And Administration": NaN,
        "Selling And Marketing Expense": NaN,
        "General And Administrative Expense": NaN,
        "Other Gand A": 85000000.0,
        "Rent And Landing Fees": NaN,
        "Salaries And Wages": NaN,
        "Gross Profit": NaN,
        "Cost Of Revenue": NaN,
        "Total Revenue": NaN,
        "Operating Revenue": NaN
    },
    "2022-06-30": {
        "Tax Effect Of Unusual Items": -829308012.232416,
        "Tax Rate For Calcs": 0.324709,
        "Normalized EBITDA": 23315000000.0,
        "Total Unusual Items": -2554000000.0,
        "Total Unusual Items Excluding Goodwill": -2554000000.0,
        "Net Income From Continuing Operation Net Minority Interest": 11010000000.0,
        "Reconciled Depreciation": 3460000000.0,
        "Reconciled Cost Of Revenue": 12021000000.0,
        "EBITDA": 20761000000.0,
        "EBIT": 17301000000.0,
        "Net Interest Income": -709000000.0,
        "Interest Expense": 951000000.0,
        "Normalized Income": 12734691987.767584,
        "Net Income From Continuing And Discontinued Operation": 11010000000.0,
        "Total Expenses": 17433000000.0,
        "Total Operating Income As Reported": NaN,
        "Diluted Average Shares": 6522100631.0,
        "Basic Average Shares": 6522100631.0,
        "Diluted EPS": 1.606925,
        "Basic EPS": 1.606925,
        "Diluted NI Availto Com Stockholders": 11010000000.0,
        "Net Income Common Stockholders": 11010000000.0,
        "Net Income": 11010000000.0,
        "Minority Interests": -31000000.0,
        "Net Income Including Noncontrolling Interests": 11041000000.0,
        "Net Income Continuous Operations": 11041000000.0,
        "Tax Provision": 5309000000.0,
        "Pretax Income": 16350000000.0,
        "Other Income Expense": -211000000.0,
        "Other Non Operating Income Expenses": 2352000000.0,
        "Special Income Charges": 128000000.0,
        "Gain On Sale Of Ppe": 370000000.0,
        "Other Special Charges": 74000000.0,
        "Write Off": 84000000.0,
        "Impairment Of Capital Assets": 84000000.0,
        "Earnings From Equity Interest": -9000000.0,
        "Gain On Sale Of Security": -2682000000.0,
        "Net Non Operating Interest Income Expense": -709000000.0,
        "Total Other Finance Cost": -242000000.0,
        "Interest Expense Non Operating": 951000000.0,
        "Operating Income": 17270000000.0,
        "Operating Expense": 2193000000.0,
        "Other Operating Expenses": 47000000.0,
        "Other Taxes": 69000000.0,
        "Provision For Doubtful Accounts": 6000000.0,
        "Depreciation Amortization Depletion Income Statement": 241000000.0,
        "Research And Development": 220000000.0,
        "Selling General And Administration": 1610000000.0,
        "Selling And Marketing Expense": 1000000000.0,
        "General And Administrative Expense": 610000000.0,
        "Other Gand A": 83000000.0,
        "Salaries And Wages": 527000000.0,
        "Gross Profit": 19463000000.0,
        "Cost Of Revenue": 15240000000.0,
        "Total Revenue": 34703000000.0,
        "Operating Revenue": 34703000000.0
    },
    "2022-03-31": {
        "Diluted EPS": 1.32,
        "Total Revenue": NaN,
        "Gross Profit": NaN,
        "Operating Income": NaN,
        "EBIT": NaN,
        "Net Income": NaN
    },
    "2021-12-31": {
        "Diluted EPS": 0.86,
        "Total Revenue": NaN,
        "Gross Profit": NaN,
        "Operating Income": NaN,
        "EBIT": NaN,
        "Net Income": NaN
    },
    "2021-09-30": {
        "Diluted EPS": 0.92,
        "Total Revenue": NaN,
        "Gross Profit": NaN,
        "Operating Income": NaN,
        "EBIT": NaN,
        "Net Income": NaN
    },
    "2021-06-30": {
        "Diluted EPS": 0.0,
        "Total Revenue": NaN,
        "Gross Profit": NaN,
        "Operating Income": NaN,
        "Net Income": NaN
    },
    "2021-03-31": {
        "Diluted EPS": 0.02,
        "Total Revenue": NaN,
        "Gross Profit": NaN,
        "Operating Income": NaN,
        "EBIT": NaN,
        "Net Income": 180
    },
    "2020-09-30": {
        "Diluted EPS": -0.04,
        "Total Revenue": NaN,
        "Gross Profit": NaN,
        "Operating Income": NaN,
        "EBIT": NaN,
        "Net Income": -236
    },
    "2020-03-31": {
        "Diluted EPS": -1.48,
        "Total Revenue": NaN,
        "Gross Profit": NaN,
        "Operating Income": NaN,
        "EBIT": NaN,
        "Net Income": NaN
    },
    "2019-12-31": {
        "Diluted EPS": 0.3,
        "Total Revenue": NaN,
        "Gross Profit": NaN,
        "Operating Income": NaN,
        "EBIT": NaN,
        "Net Income": NaN
    },
    "2019-09-30": {
        "Diluted EPS": 0.36,
        "Total Revenue": 19,
        "Gross Profit": 8,
        "Operating Income": 1,
        "EBIT": NaN,
        "Net Income": 2
    },
    "2019-06-30": {
        "Diluted EPS": 0.74,
        "Total Revenue": NaN,
        "Gross Profit": NaN,
        "Operating Income": NaN,
        "EBIT": NaN,
        "Net Income": NaN
    },
    "2019-03-31": {
        "Diluted EPS": 0.16,
        "Total Revenue": NaN,
        "Gross Profit": NaN,
        "Operating Income": NaN,
        "EBIT": NaN,
        "Net Income": NaN
    },
    "2018-12-31": {
        "Diluted EPS": 0.08,
        "Total Revenue": NaN,
        "Gross Profit": NaN,
        "Operating Income": 780,
        "EBIT": NaN,
        "Net Income": 551
    },
    "2018-09-30": {
        "Diluted EPS": 0.26,
        "Total Revenue": NaN,
        "Gross Profit": NaN,
        "Operating Income": NaN,
        "EBIT": NaN,
        "Net Income": NaN
    },
    "2018-06-30": {
        "Diluted EPS": 0.44,
        "Total Revenue": NaN,
        "Gross Profit": NaN,
        "Operating Income": NaN,
        "EBIT": NaN,
        "Net Income": NaN
    },
    "2018-03-31": {
        "Diluted EPS": 0.32,
        "Total Revenue": NaN,
        "Gross Profit": NaN,
        "Operating Income": NaN,
        "EBIT": NaN,
        "Net Income": NaN
    },
    "2017-12-31": {
        "Diluted EPS": -0.28,
        "Total Revenue": NaN,
        "Gross Profit": NaN,
        "Operating Income": NaN,
        "EBIT": NaN,
        "Net Income": NaN
    },
    "2017-09-30": {
        "Diluted EPS": 0.02,
        "Total Revenue": NaN,
        "Gross Profit": NaN,
        "Operating Income": NaN,
        "EBIT": NaN,
        "Net Income": 83
    },
    "2017-06-30": {
        "Diluted EPS": 0.02,
        "Total Revenue": NaN,
        "Gross Profit": NaN,
        "Operating Income": NaN,
        "EBIT": NaN,
        "Net Income": 96
    },
    "2017-03-31": {
        "Diluted EPS": 0.22,
        "Total Revenue": NaN,
        "Gross Profit": NaN,
        "Operating Income": NaN,
        "EBIT": NaN,
        "Net Income": NaN
    },
    "2016-12-31": {
        "Diluted EPS": 0.1,
        "Total Revenue": NaN,
        "Gross Profit": NaN,
        "Operating Income": NaN,
        "EBIT": NaN,
        "Net Income": 754
    },
    "2016-09-30": {
        "Diluted EPS": -0.82,
        "Total Revenue": NaN,
        "Gross Profit": NaN,
        "Operating Income": NaN,
        "EBIT": 515,
        "Net Income": NaN
    },
    "2016-06-30": {
        "Diluted EPS": 0.02,
        "Total Revenue": NaN,
        "Gross Profit": NaN,
        "Operating Income": NaN,
        "EBIT": NaN,
        "Net Income": 106
    },
    "2016-03-31": {
        "Diluted EPS": -0.04,
        "Total Revenue": NaN,
        "Gross Profit": NaN,
        "Operating Income": NaN,
        "EBIT": NaN,
        "Net Income": -318
    },
    "2015-12-31": {
        "Diluted EPS": -1.44,
        "Total Revenue": NaN,
        "Gross Profit": NaN,
        "Operating Income": NaN,
        "EBIT": NaN,
        "Net Income": NaN
    },
    "2015-09-30": {
        "Diluted EPS": -0.18,
        "Total Revenue": NaN,
        "Gross Profit": NaN,
        "Operating Income": NaN,
        "EBIT": NaN,
        "Net Income": NaN
    },
    "2015-06-30": {
        "Diluted EPS": 0.04,
        "Total Revenue": NaN,
        "Gross Profit": NaN,
        "Operating Income": NaN,
        "EBIT": NaN,
        "Net Income": 171
    },
    "2015-03-31": {
        "Diluted EPS": 0.28,
        "Total Revenue": NaN,
        "Gross Profit": NaN,
        "Operating Income": NaN,
        "EBIT": NaN,
        "Net Income": NaN
    },
    "2014-12-31": {
        "Diluted EPS": -1.48,
        "Total Revenue": NaN,
        "Gross Profit": NaN,
        "Operating Income": NaN,
        "EBIT": NaN,
        "Net Income": NaN
    },
    "2014-09-30": {
        "Diluted EPS": -0.34,
        "Total Revenue": NaN,
        "Gross Profit": NaN,
        "Operating Income": NaN,
        "EBIT": 941,
        "Net Income": NaN
    },
    "2014-06-30": {
        "Diluted EPS": 0.36,
        "Total Revenue": NaN,
        "Gross Profit": NaN,
        "Operating Income": NaN,
        "EBIT": NaN,
        "Net Income": NaN
    },
    "2014-03-31": {
        "Diluted EPS": 0.34,
        "Total Revenue": NaN,
        "Gross Profit": NaN,
        "Operating Income": NaN,
        "EBIT": NaN,
        "Net Income": NaN
    },
    "2013-12-31": {
        "Diluted EPS": 0.42,
        "Total Revenue": NaN,
        "Gross Profit": NaN,
        "Operating Income": NaN,
        "EBIT": NaN,
        "Net Income": NaN
    },
    "2013-09-30": {
        "Diluted EPS": 0.22,
        "Total Revenue": NaN,
        "Gross Profit": NaN,
        "Operating Income": NaN,
        "EBIT": NaN,
        "Net Income": NaN
    },
    "2013-06-30": {
        "Diluted EPS": 0.46,
        "Total Revenue": NaN,
        "Gross Profit": NaN,
        "Operating Income": NaN,
        "EBIT": NaN,
        "Net Income": NaN
    },
    "2013-03-31": {
        "Diluted EPS": 0.6,
        "Total Revenue": NaN,
        "Gross Profit": NaN,
        "Operating Income": NaN,
        "EBIT": NaN,
        "Net Income": NaN
    },
    "2012-12-31": {
        "Diluted EPS": 0.58,
        "Total Revenue": NaN,
        "Gross Profit": NaN,
        "Operating Income": -257,
        "EBIT": NaN,
        "Net Income": NaN
    },
    "2012-09-30": {
        "Diluted EPS": 0.42,
        "Total Revenue": NaN,
        "Gross Profit": NaN,
        "Operating Income": NaN,
        "EBIT": NaN,
        "Net Income": NaN
    },
    "2012-06-30": {
        "Diluted EPS": -0.1,
        "Total Revenue": NaN,
        "Gross Profit": NaN,
        "Operating Income": NaN,
        "EBIT": NaN,
        "Net Income": -685
    },
    "2012-03-31": {
        "Diluted EPS": 0.8,
        "Total Revenue": NaN,
        "Gross Profit": NaN,
        "Operating Income": NaN,
        "EBIT": NaN,
        "Net Income": NaN
    },
    "2011-12-31": {
        "Diluted EPS": 0.4,
        "Total Revenue": NaN,
        "Gross Profit": NaN,
        "Operating Income": NaN,
        "EBIT": NaN,
        "Net Income": NaN
    },
    "2011-09-30": {
        "Diluted EPS": 0.6,
        "Total Revenue": NaN,
        "Gross Profit": NaN,
        "Operating Income": NaN,
        "EBIT": NaN,
        "Net Income": NaN
    },
    "2011-06-30": {
        "Diluted EPS": 1.06,
        "Total Revenue": NaN,
        "Gross Profit": NaN,
        "Operating Income": NaN,
        "EBIT": NaN,
        "Net Income": NaN
    },
    "2011-03-31": {
        "Diluted EPS": 1.02,
        "Total Revenue": NaN,
        "Gross Profit": NaN,
        "Operating Income": NaN,
        "EBIT": NaN,
        "Net Income": NaN
    },
    "2010-12-31": {
        "Diluted EPS": 1.06,
        "Total Revenue": NaN,
        "Gross Profit": NaN,
        "Operating Income": NaN,
        "EBIT": NaN,
        "Net Income": NaN
    },
    "2010-09-30": {
        "Diluted EPS": 1.06,
        "Total Revenue": NaN,
        "Gross Profit": NaN,
        "Operating Income": NaN,
        "EBIT": NaN,
        "Net Income": NaN
    },
    "2010-06-30": {
        "Diluted EPS": 0.96,
        "Total Revenue": NaN,
        "Gross Profit": NaN,
        "Operating Income": NaN,
        "EBIT": NaN,
        "Net Income": NaN
    },
    "2010-03-31": {
        "Diluted EPS": 0.98,
        "Total Revenue": NaN,
        "Gross Profit": NaN,
        "Operating Income": NaN,
        "EBIT": NaN,
        "Net Income": NaN
    },
    "2009-12-31": {
        "Diluted EPS": 1.12,
        "Total Revenue": NaN,
        "Gross Profit": NaN,
        "Operating Income": NaN,
        "EBIT": NaN,
        "Net Income": NaN
    },
    "2009-09-30": {
        "Diluted EPS": 0.86,
        "Total Revenue": NaN,
        "Gross Profit": NaN,
        "Operating Income": NaN,
        "EBIT": NaN,
        "Net Income": NaN
    },
    "2009-06-30": {
        "Diluted EPS": 0.9,
        "Total Revenue": NaN,
        "Gross Profit": NaN,
        "Operating Income": NaN,
        "EBIT": NaN,
        "Net Income": NaN
    },
    "2009-03-31": {
        "Diluted EPS": 0.6,
        "Total Revenue": NaN,
        "Gross Profit": NaN,
        "Operating Income": NaN,
        "EBIT": NaN,
        "Net Income": NaN
    },
    "2023-06-30": {
        "Tax Effect Of Unusual Items": NaN,
        "Tax Rate For Calcs": NaN,
        "Normalized EBITDA": NaN,
        "Total Unusual Items": NaN,
        "Total Unusual Items Excluding Goodwill": NaN,
        "Net Income From Continuing Operation Net Minority Interest": NaN,
        "Reconciled Depreciation": NaN,
        "Reconciled Cost Of Revenue": NaN,
        "EBITDA": NaN,
        "EBIT": NaN,
        "Net Interest Income": NaN,
        "Interest Expense": NaN,
        "Interest Income": 93030914.255135,
        "Normalized Income": NaN,
        "Net Income From Continuing And Discontinued Operation": NaN,
        "Total Expenses": NaN,
        "Rent Expense Supplemental": NaN,
        "Total Operating Income As Reported": 8660313670.6047,
        "Diluted Average Shares": 6522100630.0,
        "Basic Average Shares": 6522100630.0,
        "Diluted EPS": 0.9,
        "Basic EPS": 0.9,
        "Diluted NI Availto Com Stockholders": NaN,
        "Net Income Common Stockholders": NaN,
        "Net Income": NaN,
        "Minority Interests": NaN,
        "Net Income Including Noncontrolling Interests": NaN,
        "Net Income Continuous Operations": NaN,
        "Tax Provision": NaN,
        "Pretax Income": NaN,
        "Other Income Expense": NaN,
        "Other Non Operating Income Expenses": 22000000.0,
        "Special Income Charges": NaN,
        "Gain On Sale Of Ppe": NaN,
        "Other Special Charges": NaN,
        "Write Off": NaN,
        "Impairment Of Capital Assets": 401000000.0,
        "Earnings From Equity Interest": NaN,
        "Gain On Sale Of Security": NaN,
        "Net Non Operating Interest Income Expense": NaN,
        "Total Other Finance Cost": NaN,
        "Interest Expense Non Operating": NaN,
        "Interest Income Non Operating": 93030914.255135,
        "Operating Income": NaN,
        "Operating Expense": NaN,
        "Other Operating Expenses": NaN,
        "Other Taxes": NaN,
        "Provision For Doubtful Accounts": NaN,
        "Depreciation Amortization Depletion Income Statement": NaN,
        "Research And Development": NaN,
        "Selling General And Administration": NaN,
        "Selling And Marketing Expense": 4965489200.0,
        "General And Administrative Expense": NaN,
        "Other Gand A": 112000000.0,
        "Rent And Landing Fees": NaN,
        "Salaries And Wages": NaN,
        "Gross Profit": NaN,
        "Cost Of Revenue": NaN,
        "Total Revenue": NaN,
        "Operating Revenue": NaN
    },
    "2023-09-30": {
        "Tax Effect Of Unusual Items": -356962178.907964,
        "Tax Rate For Calcs": 0.292113,
        "Normalized EBITDA": 13479000000.0,
        "Total Unusual Items": -1222000000.0,
        "Total Unusual Items Excluding Goodwill": -1222000000.0,
        "Net Income From Continuing Operation Net Minority Interest": 5456000000.0,
        "Reconciled Depreciation": 3475000000.0,
        "Reconciled Cost Of Revenue": 8698000000.0,
        "EBITDA": 12257000000.0,
        "EBIT": 8782000000.0,
        "Net Interest Income": -1017000000.0,
        "Interest Expense": 1035000000.0,
        "Interest Income": 146000000.0,
        "Normalized Income": 6321037821.092036,
        "Net Income From Continuing And Discontinued Operation": 5456000000.0,
        "Total Expenses": 15428000000.0,
        "Rent Expense Supplemental": 1194000000.0,
        "Total Operating Income As Reported": 9980000000.0,
        "Diluted Average Shares": 6517311347.0,
        "Basic Average Shares": 6517311347.0,
        "Diluted EPS": 0.84,
        "Basic EPS": 0.84,
        "Diluted NI Availto Com Stockholders": 5456000000.0,
        "Net Income Common Stockholders": 5456000000.0,
        "Net Income": 5456000000.0,
        "Minority Interests": -28000000.0,
        "Net Income Including Noncontrolling Interests": 5484000000.0,
        "Net Income Continuous Operations": 5484000000.0,
        "Tax Provision": 2263000000.0,
        "Pretax Income": 7747000000.0,
        "Other Income Expense": -1360000000.0,
        "Other Non Operating Income Expenses": 110000000.0,
        "Special Income Charges": -147000000.0,
        "Gain On Sale Of Ppe": -37000000.0,
        "Other Special Charges": 32000000.0,
        "Write Off": -1000000.0,
        "Impairment Of Capital Assets": 78000000.0,
        "Earnings From Equity Interest": -248000000.0,
        "Gain On Sale Of Security": -1075000000.0,
        "Net Non Operating Interest Income Expense": -1017000000.0,
        "Total Other Finance Cost": 128000000.0,
        "Interest Expense Non Operating": 1035000000.0,
        "Interest Income Non Operating": 146000000.0,
        "Operating Income": 10124000000.0,
        "Operating Expense": 3446000000.0,
        "Other Operating Expenses": 378000000.0,
        "Other Taxes": 96000000.0,
        "Provision For Doubtful Accounts": -3000000.0,
        "Depreciation Amortization Depletion Income Statement": 191000000.0,
        "Research And Development": 186000000.0,
        "Selling General And Administration": 2036000000.0,
        "Selling And Marketing Expense": 5549451600.0,
        "General And Administrative Expense": 2036000000.0,
        "Other Gand A": 92000000.0,
        "Rent And Landing Fees": 1194000000.0,
        "Salaries And Wages": 842000000.0,
        "Gross Profit": 13570000000.0,
        "Cost Of Revenue": 11982000000.0,
        "Total Revenue": 25552000000.0,
        "Operating Revenue": 25552000000.0
    },
    "2023-12-31": {
        "Tax Effect Of Unusual Items": -245750000.0,
        "Tax Rate For Calcs": 0.238361,
        "Normalized EBITDA": 13841000000.0,
        "Total Unusual Items": -1031000000.0,
        "Total Unusual Items Excluding Goodwill": -1031000000.0,
        "Net Income From Continuing Operation Net Minority Interest": 6259000000.0,
        "Reconciled Depreciation": 3632000000.0,
        "Reconciled Cost Of Revenue": 9000000000.0,
        "EBITDA": 12810000000.0,
        "EBIT": 9178000000.0,
        "Net Interest Income": -905000000.0,
        "Interest Expense": 930000000.0,
        "Interest Income": NaN,
        "Normalized Income": 7044250000.0,
        "Net Income From Continuing And Discontinued Operation": 6259000000.0,
        "Total Expenses": 18003000000.0,
        "Rent Expense Supplemental": 1275000000.0,
        "Total Operating Income As Reported": NaN,
        "Diluted Average Shares": NaN,
        "Basic Average Shares": NaN,
        "Diluted EPS": NaN,
        "Basic EPS": NaN,
        "Diluted NI Availto Com Stockholders": 6259000000.0,
        "Net Income Common Stockholders": 6259000000.0,
        "Net Income": 6259000000.0,
        "Minority Interests": -23000000.0,
        "Net Income Including Noncontrolling Interests": 6282000000.0,
        "Net Income Continuous Operations": 6282000000.0,
        "Tax Provision": 1966000000.0,
        "Pretax Income": 8248000000.0,
        "Other Income Expense": 49000000.0,
        "Other Non Operating Income Expenses": 1149000000.0,
        "Special Income Charges": -1935000000.0,
        "Gain On Sale Of Ppe": 145000000.0,
        "Other Special Charges": 166000000.0,
        "Write Off": 2681000000.0,
        "Impairment Of Capital Assets": NaN,
        "Earnings From Equity Interest": -69000000.0,
        "Gain On Sale Of Security": 904000000.0,
        "Net Non Operating Interest Income Expense": -905000000.0,
        "Total Other Finance Cost": -395000000.0,
        "Interest Expense Non Operating": 930000000.0,
        "Interest Income Non Operating": NaN,
        "Operating Income": 9104000000.0,
        "Operating Expense": 5550000000.0,
        "Other Operating Expenses": 1330000000.0,
        "Other Taxes": 156000000.0,
        "Provision For Doubtful Accounts": 8000000.0,
        "Depreciation Amortization Depletion Income Statement": 179000000.0,
        "Research And Development": 214000000.0,
        "Selling General And Administration": 3119000000.0,
        "Selling And Marketing Expense": 4986577200.0,
        "General And Administrative Expense": 3119000000.0,
        "Other Gand A": NaN,
        "Rent And Landing Fees": 1275000000.0,
        "Salaries And Wages": 1844000000.0,
        "Gross Profit": 14654000000.0,
        "Cost Of Revenue": 12453000000.0,
        "Total Revenue": 27107000000.0,
        "Operating Revenue": 27107000000.0
    },
    "2024-03-31": {
        "Tax Effect Of Unusual Items": -329523734.177215,
        "Tax Rate For Calcs": 0.308832,
        "Normalized EBITDA": 12378000000.0,
        "Total Unusual Items": -1067000000.0,
        "Total Unusual Items Excluding Goodwill": -1067000000.0,
        "Net Income From Continuing Operation Net Minority Interest": 4782000000.0,
        "Reconciled Depreciation": 3362000000.0,
        "Reconciled Cost Of Revenue": 8357000000.0,
        "EBITDA": 11311000000.0,
        "EBIT": 7949000000.0,
        "Net Interest Income": -952000000.0,
        "Interest Expense": 997000000.0,
        "Interest Income": 120000000.0,
        "Normalized Income": 5519476265.822785,
        "Net Income From Continuing And Discontinued Operation": 4782000000.0,
        "Total Expenses": 14704000000.0,
        "Rent Expense Supplemental": 1240000000.0,
        "Total Operating Income As Reported": NaN,
        "Diluted Average Shares": 6459869897.0,
        "Basic Average Shares": 6459869897.0,
        "Diluted EPS": 0.74,
        "Basic EPS": 0.74,
        "Diluted NI Availto Com Stockholders": 4782000000.0,
        "Net Income Common Stockholders": 4782000000.0,
        "Net Income": 4782000000.0,
        "Minority Interests": -23000000.0,
        "Net Income Including Noncontrolling Interests": 4805000000.0,
        "Net Income Continuous Operations": 4805000000.0,
        "Tax Provision": 2147000000.0,
        "Pretax Income": 6952000000.0,
        "Other Income Expense": -1160000000.0,
        "Other Non Operating Income Expenses": NaN,
        "Special Income Charges": -36000000.0,
        "Gain On Sale Of Ppe": 162000000.0,
        "Other Special Charges": 207000000.0,
        "Write Off": -9000000.0,
        "Impairment Of Capital Assets": NaN,
        "Earnings From Equity Interest": -93000000.0,
        "Gain On Sale Of Security": -1031000000.0,
        "Net Non Operating Interest Income Expense": -952000000.0,
        "Total Other Finance Cost": 75000000.0,
        "Interest Expense Non Operating": 997000000.0,
        "Interest Income Non Operating": 120000000.0,
        "Operating Income": 9064000000.0,
        "Operating Expense": 3193000000.0,
        "Other Operating Expenses": -77000000.0,
        "Other Taxes": 91000000.0,
        "Provision For Doubtful Accounts": 10000000.0,
        "Depreciation Amortization Depletion Income Statement": 208000000.0,
        "Research And Development": 183000000.0,
        "Selling General And Administration": 2126000000.0,
        "Selling And Marketing Expense": NaN,
        "General And Administrative Expense": 2126000000.0,
        "Other Gand A": NaN,
        "Rent And Landing Fees": 1240000000.0,
        "Salaries And Wages": 886000000.0,
        "Gross Profit": 12257000000.0,
        "Cost Of Revenue": 11511000000.0,
        "Total Revenue": 23768000000.0,
        "Operating Revenue": 23768000000.0
    },
    "2024-06-30": {
        "Tax Effect Of Unusual Items": -296846590.909091,
        "Tax Rate For Calcs": 0.076705,
        "Normalized EBITDA": 7607000000.0,
        "Total Unusual Items": -3870000000.0,
        "Total Unusual Items Excluding Goodwill": -3870000000.0,
        "Net Income From Continuing Operation Net Minority Interest": -344000000.0,
        "Reconciled Depreciation": 3138000000.0,
        "Reconciled Cost Of Revenue": 8806000000.0,
        "EBITDA": 3737000000.0,
        "EBIT": 599000000.0,
        "Net Interest Income": -2835000000.0,
        "Interest Expense": 951000000.0,
        "Interest Income": NaN,
        "Normalized Income": 3229153409.090909,
        "Net Income From Continuing And Discontinued Operation": -344000000.0,
        "Total Expenses": 17146000000.0,
        "Rent Expense Supplemental": 1215000000.0,
        "Total Operating Income As Reported": NaN,
        "Diluted Average Shares": 6448921597.0,
        "Basic Average Shares": 6448921597.0,
        "Diluted EPS": -0.06,
        "Basic EPS": -0.06,
        "Diluted NI Availto Com Stockholders": -344000000.0,
        "Net Income Common Stockholders": -344000000.0,
        "Net Income": -344000000.0,
        "Minority Interests": -19000000.0,
        "Net Income Including Noncontrolling Interests": -325000000.0,
        "Net Income Continuous Operations": -325000000.0,
        "Tax Provision": -27000000.0,
        "Pretax Income": -352000000.0,
        "Other Income Expense": -3838000000.0,
        "Other Non Operating Income Expenses": 220000000.0,
        "Special Income Charges": 0.0,
        "Gain On Sale Of Ppe": 124000000.0,
        "Other Special Charges": 161000000.0,
        "Write Off": NaN,
        "Impairment Of Capital Assets": -37000000.0,
        "Earnings From Equity Interest": -188000000.0,
        "Gain On Sale Of Security": -3870000000.0,
        "Net Non Operating Interest Income Expense": -2835000000.0,
        "Total Other Finance Cost": 1884000000.0,
        "Interest Expense Non Operating": 951000000.0,
        "Interest Income Non Operating": NaN,
        "Operating Income": 6321000000.0,
        "Operating Expense": 5406000000.0,
        "Other Operating Expenses": 210000000.0,
        "Other Taxes": 1093000000.0,
        "Provision For Doubtful Accounts": -2000000.0,
        "Depreciation Amortization Depletion Income Statement": 204000000.0,
        "Research And Development": 193000000.0,
        "Selling General And Administration": 3008000000.0,
        "Selling And Marketing Expense": NaN,
        "General And Administrative Expense": 3008000000.0,
        "Other Gand A": NaN,
        "Rent And Landing Fees": 1215000000.0,
        "Salaries And Wages": 1793000000.0,
        "Gross Profit": 11727000000.0,
        "Cost Of Revenue": 11740000000.0,
        "Total Revenue": 23467000000.0,
        "Operating Revenue": 23467000000.0
    },
    "2024-09-30": {
        "Tax Effect Of Unusual Items": 16886116.600791,
        "Tax Rate For Calcs": 0.272357,
        "Normalized EBITDA": 11960000000.0,
        "Total Unusual Items": 62000000.0,
        "Total Unusual Items Excluding Goodwill": 62000000.0,
        "Net Income From Continuing Operation Net Minority Interest": 5870000000.0,
        "Reconciled Depreciation": 2983000000.0,
        "Reconciled Cost Of Revenue": 8572000000.0,
        "EBITDA": 12022000000.0,
        "EBIT": 9039000000.0,
        "Net Interest Income": -753000000.0,
        "Interest Expense": 943000000.0,
        "Interest Income": 128000000.0,
        "Normalized Income": 5824886116.600791,
        "Net Income From Continuing And Discontinued Operation": 5870000000.0,
        "Total Expenses": 14752000000.0,
        "Rent Expense Supplemental": 1098000000.0,
        "Total Operating Income As Reported": NaN,
        "Diluted Average Shares": 6444366380.0,
        "Basic Average Shares": 6444366380.0,
        "Diluted EPS": 0.9,
        "Basic EPS": 0.9,
        "Diluted NI Availto Com Stockholders": 5870000000.0,
        "Net Income Common Stockholders": 5870000000.0,
        "Net Income": 5870000000.0,
        "Minority Interests": -21000000.0,
        "Net Income Including Noncontrolling Interests": 5891000000.0,
        "Net Income Continuous Operations": 5891000000.0,
        "Tax Provision": 2205000000.0,
        "Pretax Income": 8096000000.0,
        "Other Income Expense": 235000000.0,
        "Other Non Operating Income Expenses": 196000000.0,
        "Special Income Charges": -265000000.0,
        "Gain On Sale Of Ppe": -97000000.0,
        "Other Special Charges": 168000000.0,
        "Write Off": NaN,
        "Impairment Of Capital Assets": 0.0,
        "Earnings From Equity Interest": -23000000.0,
        "Gain On Sale Of Security": 327000000.0,
        "Net Non Operating Interest Income Expense": -753000000.0,
        "Total Other Finance Cost": -62000000.0,
        "Interest Expense Non Operating": 943000000.0,
        "Interest Income Non Operating": 128000000.0,
        "Operating Income": 8614000000.0,
        "Operating Expense": 3391000000.0,
        "Other Operating Expenses": 395000000.0,
        "Other Taxes": -118000000.0,
        "Provision For Doubtful Accounts": 0.0,
        "Depreciation Amortization Depletion Income Statement": 194000000.0,
        "Research And Development": 195000000.0,
        "Selling General And Administration": 2053000000.0,
        "Selling And Marketing Expense": NaN,
        "General And Administrative Expense": 2053000000.0,
        "Other Gand A": NaN,
        "Rent And Landing Fees": 1098000000.0,
        "Salaries And Wages": 955000000.0,
        "Gross Profit": 12005000000.0,
        "Cost Of Revenue": 11361000000.0,
        "Total Revenue": 23366000000.0,
        "Operating Revenue": 23366000000.0
    }
}