{
    "2023-06-30": {
        "Tax Effect Of Unusual Items": 13887140.580172,
        "Tax Rate For Calcs": 0.221485,
        "Normalized EBITDA": 1648800000.0,
        "Total Unusual Items": 62700000.0,
        "Total Unusual Items Excluding Goodwill": 62700000.0,
        "Net Income From Continuing Operation Net Minority Interest": 1221100000.0,
        "Reconciled Depreciation": 223400000.0,
        "Reconciled Cost Of Revenue": 7105000000.0,
        "EBITDA": 1711500000.0,
        "EBIT": 1488100000.0,
        "Net Interest Income": 17700000.0,
        "Interest Expense": NaN,
        "Interest Income": NaN,
        "Normalized Income": 1172287140.580172,
        "Net Income From Continuing And Discontinued Operation": 1221100000.0,
        "Total Expenses": 7393000000.0,
        "Diluted Average Shares": 524800000.0,
        "Basic Average Shares": 523800000.0,
        "Diluted EPS": 2.33,
        "Basic EPS": 2.33,
        "Diluted NI Availto Com Stockholders": 1221100000.0,
        "Net Income Common Stockholders": 1221100000.0,
        "Net Income": 1221100000.0,
        "Net Income Including Noncontrolling Interests": 1221100000.0,
        "Net Income Continuous Operations": 1221100000.0,
        "Tax Provision": 347400000.0,
        "Pretax Income": 1568500000.0,
        "Other Income Expense": 62700000.0,
        "Gain On Sale Of Security": 62700000.0,
        "Net Non Operating Interest Income Expense": 17700000.0,
        "Total Other Finance Cost": -17700000.0,
        "Interest Expense Non Operating": NaN,
        "Interest Income Non Operating": NaN,
        "Operating Income": 1488100000.0,
        "Operating Expense": 288000000.0,
        "Provision For Doubtful Accounts": 4800000.0,
        "Depreciation Amortization Depletion Income Statement": 117400000.0,
        "Depreciation And Amortization In Income Statement": 117400000.0,
        "Depreciation Income Statement": 117400000.0,
        "Research And Development": 101300000.0,
        "Selling General And Administration": 181900000.0,
        "Gross Profit": 1776100000.0,
        "Cost Of Revenue": 7105000000.0,
        "Total Revenue": 8881100000.0,
        "Operating Revenue": 8866200000.0
    },
    "2023-03-31": {
        "Tax Effect Of Unusual Items": 9869314.472252,
        "Tax Rate For Calcs": 0.201415,
        "Normalized EBITDA": 1620900000.0,
        "Total Unusual Items": 49000000.0,
        "Total Unusual Items Excluding Goodwill": 49000000.0,
        "Net Income From Continuing Operation Net Minority Interest": 733900000.0,
        "Reconciled Depreciation": 221100000.0,
        "Reconciled Cost Of Revenue": 6729200000.0,
        "EBITDA": 1669900000.0,
        "EBIT": 1448800000.0,
        "Net Interest Income": -578800000.0,
        "Interest Expense": NaN,
        "Interest Income": NaN,
        "Normalized Income": 694769314.472252,
        "Net Income From Continuing And Discontinued Operation": 733900000.0,
        "Total Expenses": 7024500000.0,
        "Diluted Average Shares": 524400000.0,
        "Basic Average Shares": 523500000.0,
        "Diluted EPS": 1.4,
        "Basic EPS": 1.4,
        "Diluted NI Availto Com Stockholders": 733900000.0,
        "Net Income Common Stockholders": 733900000.0,
        "Net Income": 733900000.0,
        "Net Income Including Noncontrolling Interests": 733900000.0,
        "Net Income Continuous Operations": 733900000.0,
        "Tax Provision": 185100000.0,
        "Pretax Income": 919000000.0,
        "Other Income Expense": 49000000.0,
        "Gain On Sale Of Security": 49000000.0,
        "Net Non Operating Interest Income Expense": -578800000.0,
        "Total Other Finance Cost": 578800000.0,
        "Interest Expense Non Operating": NaN,
        "Interest Income Non Operating": NaN,
        "Operating Income": 1448800000.0,
        "Operating Expense": 295300000.0,
        "Provision For Doubtful Accounts": 3100000.0,
        "Depreciation Amortization Depletion Income Statement": 123400000.0,
        "Depreciation And Amortization In Income Statement": 123400000.0,
        "Depreciation Income Statement": 123400000.0,
        "Research And Development": 97200000.0,
        "Selling General And Administration": 195000000.0,
        "Gross Profit": 1744100000.0,
        "Cost Of Revenue": 6729200000.0,
        "Total Revenue": 8473300000.0,
        "Operating Revenue": 8473300000.0
    },
    "2022-12-31": {
        "Tax Effect Of Unusual Items": 7936316.46108,
        "Tax Rate For Calcs": 0.216248,
        "Normalized EBITDA": 1287000000.0,
        "Total Unusual Items": 36700000.0,
        "Total Unusual Items Excluding Goodwill": 36700000.0,
        "Net Income From Continuing Operation Net Minority Interest": 921300000.0,
        "Reconciled Depreciation": 204600000.0,
        "Reconciled Cost Of Revenue": 6714000000.0,
        "EBITDA": 1323700000.0,
        "EBIT": 1119100000.0,
        "Net Interest Income": 19700000.0,
        "Interest Expense": NaN,
        "Interest Income": NaN,
        "Normalized Income": 892536316.46108,
        "Net Income From Continuing And Discontinued Operation": 921300000.0,
        "Total Expenses": 7010400000.0,
        "Diluted Average Shares": 523800000.0,
        "Basic Average Shares": 522900000.0,
        "Diluted EPS": 1.76,
        "Basic EPS": 1.76,
        "Diluted NI Availto Com Stockholders": 921300000.0,
        "Net Income Common Stockholders": 921300000.0,
        "Net Income": 921300000.0,
        "Net Income Including Noncontrolling Interests": 921300000.0,
        "Net Income Continuous Operations": 921300000.0,
        "Tax Provision": 254200000.0,
        "Pretax Income": 1175500000.0,
        "Other Income Expense": 36700000.0,
        "Gain On Sale Of Security": 36700000.0,
        "Net Non Operating Interest Income Expense": 19700000.0,
        "Total Other Finance Cost": -19700000.0,
        "Interest Expense Non Operating": NaN,
        "Interest Income Non Operating": NaN,
        "Operating Income": 1119100000.0,
        "Operating Expense": 296400000.0,
        "Provision For Doubtful Accounts": 1700000.0,
        "Depreciation Amortization Depletion Income Statement": 115700000.0,
        "Depreciation And Amortization In Income Statement": 115700000.0,
        "Depreciation Income Statement": 115700000.0,
        "Research And Development": 99900000.0,
        "Selling General And Administration": 194800000.0,
        "Gross Profit": 1415500000.0,
        "Cost Of Revenue": 6714000000.0,
        "Total Revenue": 8129500000.0,
        "Operating Revenue": 8129500000.0
    },
    "2022-09-30": {
        "Tax Effect Of Unusual Items": 4593671.532102,
        "Tax Rate For Calcs": 0.214658,
        "Normalized EBITDA": 1104900000.0,
        "Total Unusual Items": 21400000.0,
        "Total Unusual Items Excluding Goodwill": 21400000.0,
        "Net Income From Continuing Operation Net Minority Interest": 769400000.0,
        "Reconciled Depreciation": 203000000.0,
        "Reconciled Cost Of Revenue": 5882500000.0,
        "EBITDA": 1126300000.0,
        "EBIT": 923300000.0,
        "Net Interest Income": 35000000.0,
        "Interest Expense": 193200000.0,
        "Interest Income": 35000000.0,
        "Normalized Income": 752593671.532102,
        "Net Income From Continuing And Discontinued Operation": 769400000.0,
        "Total Expenses": 6135600000.0,
        "Diluted Average Shares": 523350000.0,
        "Basic Average Shares": 522600000.0,
        "Diluted EPS": 1.473333,
        "Basic EPS": 1.473333,
        "Diluted NI Availto Com Stockholders": 769400000.0,
        "Net Income Common Stockholders": 769400000.0,
        "Net Income": 769400000.0,
        "Net Income Including Noncontrolling Interests": 769400000.0,
        "Net Income Continuous Operations": 769400000.0,
        "Tax Provision": 210300000.0,
        "Pretax Income": 979700000.0,
        "Other Income Expense": 21400000.0,
        "Gain On Sale Of Security": 21400000.0,
        "Net Non Operating Interest Income Expense": 35000000.0,
        "Total Other Finance Cost": -35000000.0,
        "Interest Expense Non Operating": 193200000.0,
        "Interest Income Non Operating": 35000000.0,
        "Operating Income": 923300000.0,
        "Operating Expense": 253100000.0,
        "Provision For Doubtful Accounts": -800000.0,
        "Depreciation Amortization Depletion Income Statement": 122700000.0,
        "Depreciation And Amortization In Income Statement": 122700000.0,
        "Depreciation Income Statement": 122700000.0,
        "Research And Development": 82900000.0,
        "Selling General And Administration": 171000000.0,
        "Gross Profit": 1176400000.0,
        "Cost Of Revenue": 5882500000.0,
        "Total Revenue": 7058900000.0,
        "Operating Revenue": 7058900000.0
    },
    "2022-06-30": {
        "Tax Effect Of Unusual Items": 1181195.098146,
        "Tax Rate For Calcs": 0.21874,
        "Normalized EBITDA": 1085800000.0,
        "Total Unusual Items": 5400000.0,
        "Total Unusual Items Excluding Goodwill": 5400000.0,
        "Net Income From Continuing Operation Net Minority Interest": 720400000.0,
        "Reconciled Depreciation": 196900000.0,
        "Reconciled Cost Of Revenue": 6002800000.0,
        "EBITDA": 1091200000.0,
        "EBIT": 894300000.0,
        "Net Interest Income": 22400000.0,
        "Interest Expense": 191800000.0,
        "Interest Income": 22400000.0,
        "Normalized Income": 716181195.098146,
        "Net Income From Continuing And Discontinued Operation": 720400000.0,
        "Total Expenses": 6264400000.0,
        "Diluted Average Shares": 523200000.0,
        "Basic Average Shares": 522600000.0,
        "Diluted EPS": 1.37,
        "Basic EPS": 1.38,
        "Diluted NI Availto Com Stockholders": 720400000.0,
        "Net Income Common Stockholders": 720400000.0,
        "Net Income": 720400000.0,
        "Net Income Including Noncontrolling Interests": 720400000.0,
        "Net Income Continuous Operations": 720400000.0,
        "Tax Provision": 201700000.0,
        "Pretax Income": 922100000.0,
        "Other Income Expense": 5400000.0,
        "Gain On Sale Of Security": 5400000.0,
        "Net Non Operating Interest Income Expense": 22400000.0,
        "Total Other Finance Cost": -22400000.0,
        "Interest Expense Non Operating": 191800000.0,
        "Interest Income Non Operating": 22400000.0,
        "Operating Income": 894300000.0,
        "Operating Expense": 261600000.0,
        "Provision For Doubtful Accounts": 4400000.0,
        "Depreciation Amortization Depletion Income Statement": 124000000.0,
        "Depreciation And Amortization In Income Statement": 124000000.0,
        "Depreciation Income Statement": 124000000.0,
        "Research And Development": 80400000.0,
        "Selling General And Administration": 176800000.0,
        "Gross Profit": 1155900000.0,
        "Cost Of Revenue": 6002800000.0,
        "Total Revenue": 7158700000.0,
        "Operating Revenue": 7158700000.0
    },
    "2022-03-31": {
        "Diluted EPS": 1.15,
        "Total Revenue": NaN,
        "Gross Profit": NaN,
        "Operating Income": 782,
        "EBIT": 856,
        "Net Income": 601
    },
    "2021-12-31": {
        "Diluted EPS": 1.0,
        "Total Revenue": NaN,
        "Gross Profit": NaN,
        "Operating Income": 659,
        "EBIT": 870,
        "Net Income": 519
    },
    "2021-09-30": {
        "Diluted EPS": 0.73,
        "Total Revenue": NaN,
        "Gross Profit": 971,
        "Operating Income": 510,
        "EBIT": 720,
        "Net Income": 381
    },
    "2021-06-30": {
        "Diluted EPS": 0.95,
        "Total Revenue": NaN,
        "Gross Profit": NaN,
        "Operating Income": 655,
        "EBIT": 886,
        "Net Income": 496
    },
    "2021-03-31": {
        "Diluted EPS": 0.9,
        "Total Revenue": NaN,
        "Gross Profit": NaN,
        "Operating Income": 636,
        "EBIT": 888,
        "Net Income": 471
    },
    "2020-12-31": {
        "Diluted EPS": 0.79,
        "Total Revenue": NaN,
        "Gross Profit": NaN,
        "Operating Income": 556,
        "EBIT": 826,
        "Net Income": 409
    },
    "2020-09-30": {
        "Diluted EPS": 0.74,
        "Total Revenue": NaN,
        "Gross Profit": 978,
        "Operating Income": 519,
        "EBIT": 785,
        "Net Income": 386
    },
    "2020-06-30": {
        "Diluted EPS": 0.29,
        "Total Revenue": NaN,
        "Gross Profit": 621,
        "Operating Income": 210,
        "EBIT": 451,
        "Net Income": 148
    },
    "2020-03-31": {
        "Diluted EPS": 0.69,
        "Total Revenue": NaN,
        "Gross Profit": 972,
        "Operating Income": 508,
        "EBIT": 780,
        "Net Income": 359
    },
    "2019-12-31": {
        "Diluted EPS": 1.02,
        "Total Revenue": NaN,
        "Gross Profit": NaN,
        "Operating Income": 719,
        "EBIT": NaN,
        "Net Income": 531
    },
    "2019-09-30": {
        "Diluted EPS": 1.17,
        "Total Revenue": NaN,
        "Gross Profit": NaN,
        "Operating Income": 810,
        "EBIT": NaN,
        "Net Income": 608
    },
    "2019-06-30": {
        "Diluted EPS": 1.19,
        "Total Revenue": NaN,
        "Gross Profit": NaN,
        "Operating Income": 847,
        "EBIT": NaN,
        "Net Income": 620
    },
    "2019-03-31": {
        "Diluted EPS": 1.21,
        "Total Revenue": NaN,
        "Gross Profit": NaN,
        "Operating Income": 845,
        "EBIT": 927,
        "Net Income": 629
    },
    "2018-12-31": {
        "Diluted EPS": 1.1,
        "Total Revenue": NaN,
        "Gross Profit": NaN,
        "Operating Income": 767,
        "EBIT": NaN,
        "Net Income": 578
    },
    "2018-09-30": {
        "Diluted EPS": 1.03,
        "Total Revenue": NaN,
        "Gross Profit": NaN,
        "Operating Income": 698,
        "EBIT": 951,
        "Net Income": 545
    },
    "2018-06-30": {
        "Diluted EPS": 1.06,
        "Total Revenue": NaN,
        "Gross Profit": NaN,
        "Operating Income": 739,
        "EBIT": NaN,
        "Net Income": 560
    },
    "2018-03-31": {
        "Diluted EPS": 0.97,
        "Total Revenue": NaN,
        "Gross Profit": NaN,
        "Operating Income": 688,
        "EBIT": 961,
        "Net Income": 512
    },
    "2017-12-31": {
        "Diluted EPS": 1.11,
        "Total Revenue": NaN,
        "Gross Profit": NaN,
        "Operating Income": 629,
        "EBIT": 922,
        "Net Income": 589
    },
    "2017-09-30": {
        "Diluted EPS": 0.76,
        "Total Revenue": NaN,
        "Gross Profit": NaN,
        "Operating Income": 606,
        "EBIT": 892,
        "Net Income": 403
    },
    "2017-06-30": {
        "Diluted EPS": 0.71,
        "Total Revenue": NaN,
        "Gross Profit": 940,
        "Operating Income": 563,
        "EBIT": 832,
        "Net Income": 373
    },
    "2017-03-31": {
        "Diluted EPS": 0.59,
        "Total Revenue": NaN,
        "Gross Profit": 847,
        "Operating Income": 466,
        "EBIT": 725,
        "Net Income": 310
    },
    "2016-12-31": {
        "Diluted EPS": 0.55,
        "Total Revenue": NaN,
        "Gross Profit": 812,
        "Operating Income": 437,
        "EBIT": 684,
        "Net Income": 289
    },
    "2016-09-30": {
        "Diluted EPS": 0.65,
        "Total Revenue": NaN,
        "Gross Profit": 878,
        "Operating Income": 525,
        "EBIT": 776,
        "Net Income": 346
    },
    "2016-06-30": {
        "Diluted EPS": 0.91,
        "Total Revenue": NaN,
        "Gross Profit": 924,
        "Operating Income": 681,
        "EBIT": 934,
        "Net Income": 481
    },
    "2016-03-31": {
        "Diluted EPS": -1.13,
        "Total Revenue": NaN,
        "Gross Profit": 886,
        "Operating Income": -402,
        "EBIT": -159,
        "Net Income": -595
    },
    "2015-12-31": {
        "Diluted EPS": 0.65,
        "Total Revenue": NaN,
        "Gross Profit": 886,
        "Operating Income": 529,
        "EBIT": 757,
        "Net Income": 347
    },
    "2015-09-30": {
        "Diluted EPS": 0.81,
        "Total Revenue": NaN,
        "Gross Profit": 996,
        "Operating Income": 655,
        "EBIT": 886,
        "Net Income": 431
    },
    "2015-06-30": {
        "Diluted EPS": 0.84,
        "Total Revenue": NaN,
        "Gross Profit": NaN,
        "Operating Income": 681,
        "EBIT": 909,
        "Net Income": 447
    },
    "2015-03-31": {
        "Diluted EPS": 0.71,
        "Total Revenue": NaN,
        "Gross Profit": 923,
        "Operating Income": 593,
        "EBIT": 814,
        "Net Income": 378
    },
    "2014-12-31": {
        "Diluted EPS": 0.74,
        "Total Revenue": NaN,
        "Gross Profit": 959,
        "Operating Income": 608,
        "EBIT": 563,
        "Net Income": 394
    },
    "2014-09-30": {
        "Diluted EPS": 0.69,
        "Total Revenue": NaN,
        "Gross Profit": 922,
        "Operating Income": 588,
        "EBIT": 818,
        "Net Income": 371
    },
    "2014-06-30": {
        "Diluted EPS": 0.6,
        "Total Revenue": NaN,
        "Gross Profit": 850,
        "Operating Income": 512,
        "EBIT": 740,
        "Net Income": 319
    },
    "2014-03-31": {
        "Diluted EPS": 0.51,
        "Total Revenue": NaN,
        "Gross Profit": 784,
        "Operating Income": 442,
        "EBIT": 662,
        "Net Income": 274
    },
    "2013-12-31": {
        "Diluted EPS": 0.63,
        "Total Revenue": NaN,
        "Gross Profit": 873,
        "Operating Income": 516,
        "EBIT": 738,
        "Net Income": 334
    },
    "2013-09-30": {
        "Diluted EPS": 0.58,
        "Total Revenue": NaN,
        "Gross Profit": 809,
        "Operating Income": 478,
        "EBIT": 684,
        "Net Income": 309
    },
    "2013-06-30": {
        "Diluted EPS": 0.55,
        "Total Revenue": NaN,
        "Gross Profit": 806,
        "Operating Income": 469,
        "EBIT": 667,
        "Net Income": 292
    },
    "2013-03-31": {
        "Diluted EPS": 0.45,
        "Total Revenue": NaN,
        "Gross Profit": 735,
        "Operating Income": 378,
        "EBIT": 562,
        "Net Income": 236
    },
    "2012-12-31": {
        "Diluted EPS": 0.48,
        "Total Revenue": NaN,
        "Gross Profit": 750,
        "Operating Income": 395,
        "EBIT": 573,
        "Net Income": 254
    },
    "2012-09-30": {
        "Diluted EPS": 0.44,
        "Total Revenue": NaN,
        "Gross Profit": 712,
        "Operating Income": 381,
        "EBIT": 557,
        "Net Income": 234
    },
    "2012-06-30": {
        "Diluted EPS": 0.55,
        "Total Revenue": NaN,
        "Gross Profit": 825,
        "Operating Income": 483,
        "EBIT": 658,
        "Net Income": 297
    },
    "2012-03-31": {
        "Diluted EPS": 0.61,
        "Total Revenue": NaN,
        "Gross Profit": 856,
        "Operating Income": 515,
        "EBIT": 686,
        "Net Income": 327
    },
    "2011-12-31": {
        "Diluted EPS": 0.61,
        "Total Revenue": NaN,
        "Gross Profit": 859,
        "Operating Income": 520,
        "EBIT": 688,
        "Net Income": 328
    },
    "2011-09-30": {
        "Diluted EPS": 0.51,
        "Total Revenue": NaN,
        "Gross Profit": 773,
        "Operating Income": 443,
        "EBIT": 617,
        "Net Income": 282
    },
    "2011-06-30": {
        "Diluted EPS": 0.43,
        "Total Revenue": NaN,
        "Gross Profit": 730,
        "Operating Income": 400,
        "EBIT": 569,
        "Net Income": 240
    },
    "2011-03-31": {
        "Diluted EPS": 0.35,
        "Total Revenue": NaN,
        "Gross Profit": 651,
        "Operating Income": 339,
        "EBIT": 502,
        "Net Income": 193
    },
    "2010-12-31": {
        "Diluted EPS": 0.31,
        "Total Revenue": NaN,
        "Gross Profit": 599,
        "Operating Income": 294,
        "EBIT": 16,
        "Net Income": 170
    },
    "2010-09-30": {
        "Diluted EPS": 0.22,
        "Total Revenue": NaN,
        "Gross Profit": 523,
        "Operating Income": 237,
        "EBIT": 389,
        "Net Income": 120
    },
    "2010-06-30": {
        "Diluted EPS": 0.18,
        "Total Revenue": NaN,
        "Gross Profit": 509,
        "Operating Income": 220,
        "EBIT": 372,
        "Net Income": 100
    },
    "2010-03-31": {
        "Diluted EPS": 0.13,
        "Total Revenue": NaN,
        "Gross Profit": 463,
        "Operating Income": 171,
        "EBIT": 337,
        "Net Income": 68
    },
    "2009-12-31": {
        "Diluted EPS": 0.09,
        "Total Revenue": NaN,
        "Gross Profit": 457,
        "Operating Income": 165,
        "EBIT": 329,
        "Net Income": 46
    },
    "2009-09-30": {
        "Diluted EPS": 0.03,
        "Total Revenue": NaN,
        "Gross Profit": 365,
        "Operating Income": 111,
        "EBIT": 284,
        "Net Income": 13
    },
    "2009-06-30": {
        "Diluted EPS": 0.05,
        "Total Revenue": NaN,
        "Gross Profit": 356,
        "Operating Income": 143,
        "EBIT": 302,
        "Net Income": 27
    },
    "2009-03-31": {
        "Diluted EPS": 0.05,
        "Total Revenue": NaN,
        "Gross Profit": 425,
        "Operating Income": 160,
        "EBIT": 315,
        "Net Income": 26
    },
    "2023-09-30": {
        "Tax Effect Of Unusual Items": 18346998.867497,
        "Tax Rate For Calcs": 0.227067,
        "Normalized EBITDA": 1645400000.0,
        "Total Unusual Items": 80800000.0,
        "Total Unusual Items Excluding Goodwill": 80800000.0,
        "Net Income From Continuing Operation Net Minority Interest": 1228500000.0,
        "Reconciled Depreciation": 233900000.0,
        "Reconciled Cost Of Revenue": 6912100000.0,
        "EBITDA": 1726200000.0,
        "EBIT": 1492300000.0,
        "Net Interest Income": 16300000.0,
        "Interest Expense": NaN,
        "Interest Income": NaN,
        "Normalized Income": 1166046998.867497,
        "Net Income From Continuing And Discontinued Operation": 1228500000.0,
        "Total Expenses": 7204100000.0,
        "Diluted Average Shares": 525300000.0,
        "Basic Average Shares": 524100000.0,
        "Diluted EPS": 2.34,
        "Basic EPS": 2.35,
        "Diluted NI Availto Com Stockholders": 1228500000.0,
        "Net Income Common Stockholders": 1228500000.0,
        "Net Income": 1228500000.0,
        "Net Income Including Noncontrolling Interests": 1228500000.0,
        "Net Income Continuous Operations": 1228500000.0,
        "Tax Provision": 360900000.0,
        "Pretax Income": 1589400000.0,
        "Other Income Expense": 80800000.0,
        "Gain On Sale Of Security": 80800000.0,
        "Net Non Operating Interest Income Expense": 16300000.0,
        "Total Other Finance Cost": -16300000.0,
        "Interest Expense Non Operating": NaN,
        "Interest Income Non Operating": NaN,
        "Operating Income": 1492300000.0,
        "Operating Expense": 292000000.0,
        "Provision For Doubtful Accounts": 6200000.0,
        "Depreciation Amortization Depletion Income Statement": NaN,
        "Depreciation And Amortization In Income Statement": NaN,
        "Depreciation Income Statement": NaN,
        "Research And Development": 103500000.0,
        "Selling General And Administration": 182300000.0,
        "Gross Profit": 1784300000.0,
        "Cost Of Revenue": 6912100000.0,
        "Total Revenue": 8696400000.0,
        "Operating Revenue": 8696400000.0
    }
}