{
    "2023-03-31": {
        "Tax Effect Of Unusual Items": NaN,
        "Tax Rate For Calcs": NaN,
        "Normalized EBITDA": NaN,
        "Total Unusual Items": NaN,
        "Total Unusual Items Excluding Goodwill": NaN,
        "Net Income From Continuing Operation Net Minority Interest": NaN,
        "Reconciled Depreciation": NaN,
        "Reconciled Cost Of Revenue": NaN,
        "EBITDA": NaN,
        "EBIT": NaN,
        "Net Interest Income": NaN,
        "Interest Expense": NaN,
        "Interest Income": NaN,
        "Normalized Income": NaN,
        "Net Income From Continuing And Discontinued Operation": NaN,
        "Total Expenses": NaN,
        "Diluted Average Shares": NaN,
        "Basic Average Shares": NaN,
        "Diluted EPS": NaN,
        "Basic EPS": NaN,
        "Diluted NI Availto Com Stockholders": NaN,
        "Net Income Common Stockholders": NaN,
        "Otherunder Preferred Stock Dividend": NaN,
        "Net Income": NaN,
        "Net Income Including Noncontrolling Interests": NaN,
        "Net Income Continuous Operations": NaN,
        "Tax Provision": NaN,
        "Pretax Income": NaN,
        "Other Income Expense": NaN,
        "Other Non Operating Income Expenses": NaN,
        "Special Income Charges": NaN,
        "Other Special Charges": NaN,
        "Gain On Sale Of Security": NaN,
        "Net Non Operating Interest Income Expense": NaN,
        "Total Other Finance Cost": -1276000.0,
        "Interest Expense Non Operating": NaN,
        "Interest Income Non Operating": NaN,
        "Operating Income": NaN,
        "Operating Expense": NaN,
        "Research And Development": NaN,
        "Selling General And Administration": NaN,
        "Gross Profit": NaN,
        "Cost Of Revenue": NaN,
        "Total Revenue": NaN,
        "Operating Revenue": NaN
    },
    "2022-12-31": {
        "Tax Effect Of Unusual Items": 0.0,
        "Tax Rate For Calcs": 0.0,
        "Normalized EBITDA": -30164000.0,
        "Total Unusual Items": 10382000.0,
        "Total Unusual Items Excluding Goodwill": 10382000.0,
        "Net Income From Continuing Operation Net Minority Interest": -9362000.0,
        "Reconciled Depreciation": 1662000.0,
        "Reconciled Cost Of Revenue": 9611000.0,
        "EBITDA": -19782000.0,
        "EBIT": -21444000.0,
        "Net Interest Income": 1807000.0,
        "Interest Expense": NaN,
        "Interest Income": NaN,
        "Normalized Income": -19744000.0,
        "Net Income From Continuing And Discontinued Operation": -9362000.0,
        "Total Expenses": 21444000.0,
        "Diluted Average Shares": NaN,
        "Basic Average Shares": NaN,
        "Diluted EPS": NaN,
        "Basic EPS": NaN,
        "Diluted NI Availto Com Stockholders": -9362000.0,
        "Net Income Common Stockholders": -9362000.0,
        "Net Income": -9362000.0,
        "Net Income Including Noncontrolling Interests": -9362000.0,
        "Net Income Continuous Operations": -9362000.0,
        "Pretax Income": -9362000.0,
        "Other Income Expense": 10275000.0,
        "Other Non Operating Income Expenses": -107000.0,
        "Gain On Sale Of Security": 10382000.0,
        "Net Non Operating Interest Income Expense": 1807000.0,
        "Total Other Finance Cost": NaN,
        "Interest Expense Non Operating": NaN,
        "Interest Income Non Operating": NaN,
        "Operating Income": -21444000.0,
        "Operating Expense": 11833000.0,
        "Research And Development": 247000.0,
        "Selling General And Administration": 11586000.0,
        "Gross Profit": -9611000.0,
        "Cost Of Revenue": 9611000.0,
        "Total Revenue": 0.0,
        "Operating Revenue": 0.0
    },
    "2022-09-30": {
        "Tax Effect Of Unusual Items": NaN,
        "Tax Rate For Calcs": NaN,
        "Normalized EBITDA": NaN,
        "Total Unusual Items": NaN,
        "Total Unusual Items Excluding Goodwill": NaN,
        "Net Income From Continuing Operation Net Minority Interest": NaN,
        "Reconciled Depreciation": NaN,
        "Reconciled Cost Of Revenue": NaN,
        "EBITDA": NaN,
        "EBIT": NaN,
        "Net Interest Income": NaN,
        "Interest Expense": 159000.0,
        "Interest Income": 1261000.0,
        "Normalized Income": NaN,
        "Net Income From Continuing And Discontinued Operation": NaN,
        "Total Expenses": NaN,
        "Diluted Average Shares": 163490000.0,
        "Basic Average Shares": 163490000.0,
        "Diluted EPS": -0.21,
        "Basic EPS": -0.21,
        "Diluted NI Availto Com Stockholders": NaN,
        "Net Income Common Stockholders": NaN,
        "Net Income": NaN,
        "Net Income Including Noncontrolling Interests": NaN,
        "Net Income Continuous Operations": NaN,
        "Pretax Income": NaN,
        "Other Income Expense": NaN,
        "Other Non Operating Income Expenses": NaN,
        "Special Income Charges": NaN,
        "Other Special Charges": NaN,
        "Gain On Sale Of Security": NaN,
        "Net Non Operating Interest Income Expense": NaN,
        "Total Other Finance Cost": -1102000.0,
        "Interest Expense Non Operating": 159000.0,
        "Interest Income Non Operating": 1261000.0,
        "Operating Income": NaN,
        "Operating Expense": NaN,
        "Research And Development": NaN,
        "Selling General And Administration": NaN,
        "Gross Profit": NaN,
        "Cost Of Revenue": NaN,
        "Total Revenue": NaN,
        "Operating Revenue": NaN
    },
    "2022-06-30": {
        "Tax Effect Of Unusual Items": 0.0,
        "Tax Rate For Calcs": 0.0,
        "Normalized EBITDA": -23029000.0,
        "Total Unusual Items": 4495000.0,
        "Total Unusual Items Excluding Goodwill": 4495000.0,
        "Net Income From Continuing Operation Net Minority Interest": -15004000.0,
        "Reconciled Depreciation": 1119000.0,
        "Reconciled Cost Of Revenue": 6449000.0,
        "EBITDA": -18534000.0,
        "EBIT": -19653000.0,
        "Net Interest Income": 176000.0,
        "Normalized Income": -19499000.0,
        "Net Income From Continuing And Discontinued Operation": -15004000.0,
        "Total Expenses": 19653000.0,
        "Diluted Average Shares": 163249000.0,
        "Basic Average Shares": 163249000.0,
        "Diluted EPS": -0.09,
        "Basic EPS": -0.09,
        "Diluted NI Availto Com Stockholders": -15004000.0,
        "Net Income Common Stockholders": -15004000.0,
        "Net Income": -15004000.0,
        "Net Income Including Noncontrolling Interests": -15004000.0,
        "Net Income Continuous Operations": -15004000.0,
        "Pretax Income": -15004000.0,
        "Other Income Expense": 4473000.0,
        "Other Non Operating Income Expenses": -22000.0,
        "Gain On Sale Of Security": 4495000.0,
        "Net Non Operating Interest Income Expense": 176000.0,
        "Total Other Finance Cost": -176000.0,
        "Operating Income": -19653000.0,
        "Operating Expense": 13204000.0,
        "Research And Development": 250000.0,
        "Selling General And Administration": 12954000.0,
        "Gross Profit": -6449000.0,
        "Cost Of Revenue": 6449000.0,
        "Total Revenue": 0.0,
        "Operating Revenue": 0.0
    },
    "2022-03-31": {
        "Diluted EPS": -0.19,
        "Total Revenue": NaN,
        "Gross Profit": NaN,
        "Operating Income": -19,
        "EBIT": -18,
        "Net Income": -25
    },
    "2021-12-31": {
        "Diluted EPS": 0.03,
        "Total Revenue": NaN,
        "Gross Profit": NaN,
        "Operating Income": -22,
        "EBIT": -21,
        "Net Income": -19
    },
    "2021-09-30": {
        "Diluted EPS": -0.18,
        "Total Revenue": NaN,
        "Gross Profit": NaN,
        "Operating Income": -28,
        "EBIT": -26,
        "Net Income": -21
    },
    "2021-06-30": {
        "Diluted EPS": -0.09,
        "Total Revenue": NaN,
        "Gross Profit": NaN,
        "Operating Income": -10,
        "EBIT": -9,
        "Net Income": -11
    },
    "2021-03-31": {
        "Diluted EPS": -0.51,
        "Total Revenue": NaN,
        "Gross Profit": NaN,
        "Operating Income": -10,
        "EBIT": -9,
        "Net Income": -26
    },
    "2020-12-31": {
        "Diluted EPS": -1.3,
        "Total Revenue": NaN,
        "Gross Profit": NaN,
        "Operating Income": -25,
        "EBIT": -24,
        "Net Income": -40
    },
    "2020-09-30": {
        "Diluted EPS": -0.28,
        "Total Revenue": NaN,
        "Gross Profit": NaN,
        "Operating Income": -6,
        "EBIT": -5,
        "Net Income": -7
    },
    "2020-06-30": {
        "Diluted EPS": -0.19,
        "Total Revenue": NaN,
        "Gross Profit": NaN,
        "Operating Income": -3,
        "EBIT": -2,
        "Net Income": -4
    },
    "2020-03-31": {
        "Diluted EPS": -0.19,
        "Total Revenue": NaN,
        "Gross Profit": NaN,
        "Operating Income": -3,
        "EBIT": -3,
        "Net Income": -5
    },
    "2019-12-31": {
        "Diluted EPS": 0.0,
        "Total Revenue": NaN,
        "Gross Profit": NaN,
        "Operating Income": NaN,
        "EBIT": NaN,
        "Net Income": NaN
    },
    "2019-09-30": {
        "Diluted EPS": 0.0,
        "Total Revenue": NaN,
        "Gross Profit": NaN,
        "Operating Income": NaN,
        "EBIT": NaN,
        "Net Income": NaN
    },
    "2019-06-30": {
        "Diluted EPS": 0.0,
        "Total Revenue": NaN,
        "Gross Profit": NaN,
        "Operating Income": NaN,
        "EBIT": NaN,
        "Net Income": NaN
    },
    "2023-06-30": {
        "Tax Effect Of Unusual Items": NaN,
        "Tax Rate For Calcs": NaN,
        "Normalized EBITDA": NaN,
        "Total Unusual Items": NaN,
        "Total Unusual Items Excluding Goodwill": NaN,
        "Net Income From Continuing Operation Net Minority Interest": NaN,
        "Reconciled Depreciation": NaN,
        "Reconciled Cost Of Revenue": NaN,
        "EBITDA": NaN,
        "EBIT": NaN,
        "Net Interest Income": NaN,
        "Interest Expense": NaN,
        "Interest Income": NaN,
        "Normalized Income": NaN,
        "Net Income From Continuing And Discontinued Operation": NaN,
        "Total Expenses": NaN,
        "Diluted Average Shares": 163739000.0,
        "Basic Average Shares": 163739000.0,
        "Diluted EPS": -0.34,
        "Basic EPS": -0.34,
        "Diluted NI Availto Com Stockholders": NaN,
        "Net Income Common Stockholders": NaN,
        "Otherunder Preferred Stock Dividend": NaN,
        "Net Income": NaN,
        "Net Income Including Noncontrolling Interests": NaN,
        "Net Income Continuous Operations": NaN,
        "Tax Provision": 0.0,
        "Pretax Income": NaN,
        "Other Income Expense": NaN,
        "Other Non Operating Income Expenses": NaN,
        "Special Income Charges": 0.0,
        "Other Special Charges": NaN,
        "Gain On Sale Of Security": NaN,
        "Net Non Operating Interest Income Expense": NaN,
        "Total Other Finance Cost": 2449000.0,
        "Interest Expense Non Operating": NaN,
        "Interest Income Non Operating": NaN,
        "Operating Income": NaN,
        "Operating Expense": NaN,
        "Research And Development": NaN,
        "Selling General And Administration": NaN,
        "Gross Profit": NaN,
        "Cost Of Revenue": NaN,
        "Total Revenue": NaN,
        "Operating Revenue": NaN
    },
    "2023-09-30": {
        "Tax Effect Of Unusual Items": 0.0,
        "Tax Rate For Calcs": 0.0,
        "Normalized EBITDA": -22407000.0,
        "Total Unusual Items": 48817000.0,
        "Total Unusual Items Excluding Goodwill": 48817000.0,
        "Net Income From Continuing Operation Net Minority Interest": 8530000.0,
        "Reconciled Depreciation": 6380000.0,
        "Reconciled Cost Of Revenue": 17053000.0,
        "EBITDA": 26410000.0,
        "EBIT": 20030000.0,
        "Net Interest Income": -8633000.0,
        "Interest Expense": 11500000.0,
        "Interest Income": 2867000.0,
        "Normalized Income": -40287000.0,
        "Net Income From Continuing And Discontinued Operation": 8530000.0,
        "Total Expenses": 31603000.0,
        "Diluted Average Shares": 165548000.0,
        "Basic Average Shares": 164018000.0,
        "Diluted EPS": 0.03,
        "Basic EPS": 0.05,
        "Diluted NI Availto Com Stockholders": 8050000.0,
        "Net Income Common Stockholders": 8050000.0,
        "Otherunder Preferred Stock Dividend": 480000.0,
        "Net Income": 8530000.0,
        "Net Income Including Noncontrolling Interests": 8530000.0,
        "Net Income Continuous Operations": 8530000.0,
        "Tax Provision": 0.0,
        "Pretax Income": 8530000.0,
        "Other Income Expense": 48766000.0,
        "Other Non Operating Income Expenses": -51000.0,
        "Special Income Charges": 0.0,
        "Other Special Charges": NaN,
        "Gain On Sale Of Security": 48817000.0,
        "Net Non Operating Interest Income Expense": -8633000.0,
        "Total Other Finance Cost": NaN,
        "Interest Expense Non Operating": 11500000.0,
        "Interest Income Non Operating": 2867000.0,
        "Operating Income": -31603000.0,
        "Operating Expense": 14550000.0,
        "Research And Development": 1592000.0,
        "Selling General And Administration": 12958000.0,
        "Gross Profit": -17053000.0,
        "Cost Of Revenue": 17053000.0,
        "Total Revenue": 0.0,
        "Operating Revenue": 0.0
    },
    "2023-12-31": {
        "Tax Effect Of Unusual Items": 0.0,
        "Tax Rate For Calcs": 0.0,
        "Normalized EBITDA": -21134000.0,
        "Total Unusual Items": 16155000.0,
        "Total Unusual Items Excluding Goodwill": 16155000.0,
        "Net Income From Continuing Operation Net Minority Interest": -24183000.0,
        "Reconciled Depreciation": 2069000.0,
        "Reconciled Cost Of Revenue": 7979000.0,
        "EBITDA": -4979000.0,
        "EBIT": -7048000.0,
        "Net Interest Income": -10699000.0,
        "Interest Expense": 16485000.0,
        "Interest Income": 5786000.0,
        "Normalized Income": -40338000.0,
        "Net Income From Continuing And Discontinued Operation": -24183000.0,
        "Total Expenses": 29032000.0,
        "Diluted Average Shares": NaN,
        "Basic Average Shares": NaN,
        "Diluted EPS": NaN,
        "Basic EPS": NaN,
        "Diluted NI Availto Com Stockholders": -24183000.0,
        "Net Income Common Stockholders": -24183000.0,
        "Otherunder Preferred Stock Dividend": NaN,
        "Net Income": -24183000.0,
        "Net Income Including Noncontrolling Interests": -24183000.0,
        "Net Income Continuous Operations": -24183000.0,
        "Tax Provision": NaN,
        "Pretax Income": -23533000.0,
        "Other Income Expense": 16198000.0,
        "Other Non Operating Income Expenses": 43000.0,
        "Special Income Charges": NaN,
        "Other Special Charges": NaN,
        "Gain On Sale Of Security": 16155000.0,
        "Net Non Operating Interest Income Expense": -10699000.0,
        "Total Other Finance Cost": NaN,
        "Interest Expense Non Operating": 16485000.0,
        "Interest Income Non Operating": 5786000.0,
        "Operating Income": -29032000.0,
        "Operating Expense": 21053000.0,
        "Research And Development": 5876000.0,
        "Selling General And Administration": 15177000.0,
        "Gross Profit": -7979000.0,
        "Cost Of Revenue": 7979000.0,
        "Total Revenue": 0.0,
        "Operating Revenue": 0.0
    },
    "2024-03-31": {
        "Tax Effect Of Unusual Items": 0.0,
        "Tax Rate For Calcs": 0.0,
        "Normalized EBITDA": -25372000.0,
        "Total Unusual Items": -35158000.0,
        "Total Unusual Items Excluding Goodwill": -35158000.0,
        "Net Income From Continuing Operation Net Minority Interest": -85607000.0,
        "Reconciled Depreciation": 10023000.0,
        "Reconciled Cost Of Revenue": 21194000.0,
        "EBITDA": -60530000.0,
        "EBIT": -70553000.0,
        "Net Interest Income": -11452000.0,
        "Interest Expense": 15054000.0,
        "Interest Income": 3602000.0,
        "Normalized Income": -50449000.0,
        "Net Income From Continuing And Discontinued Operation": -85607000.0,
        "Total Expenses": 38982000.0,
        "Diluted Average Shares": 164355000.0,
        "Basic Average Shares": 164355000.0,
        "Diluted EPS": -0.52,
        "Basic EPS": -0.52,
        "Diluted NI Availto Com Stockholders": -85607000.0,
        "Net Income Common Stockholders": -85607000.0,
        "Otherunder Preferred Stock Dividend": NaN,
        "Net Income": -85607000.0,
        "Net Income Including Noncontrolling Interests": -85607000.0,
        "Net Income Continuous Operations": -85607000.0,
        "Tax Provision": NaN,
        "Pretax Income": -85607000.0,
        "Other Income Expense": -35173000.0,
        "Other Non Operating Income Expenses": -15000.0,
        "Special Income Charges": -21214000.0,
        "Other Special Charges": 21214000.0,
        "Gain On Sale Of Security": -13944000.0,
        "Net Non Operating Interest Income Expense": -11452000.0,
        "Total Other Finance Cost": NaN,
        "Interest Expense Non Operating": 15054000.0,
        "Interest Income Non Operating": 3602000.0,
        "Operating Income": -38982000.0,
        "Operating Expense": 17788000.0,
        "Research And Development": 1831000.0,
        "Selling General And Administration": 15957000.0,
        "Gross Profit": -21194000.0,
        "Cost Of Revenue": 21194000.0,
        "Total Revenue": 0.0,
        "Operating Revenue": 0.0
    },
    "2024-06-30": {
        "Tax Effect Of Unusual Items": 0.0,
        "Tax Rate For Calcs": 0.0,
        "Normalized EBITDA": -32539000.0,
        "Total Unusual Items": 4311000.0,
        "Total Unusual Items Excluding Goodwill": 4311000.0,
        "Net Income From Continuing Operation Net Minority Interest": -48212000.0,
        "Reconciled Depreciation": 7929000.0,
        "Reconciled Cost Of Revenue": 22220000.0,
        "EBITDA": -28228000.0,
        "EBIT": -36157000.0,
        "Net Interest Income": -11541000.0,
        "Interest Expense": 12055000.0,
        "Interest Income": 514000.0,
        "Normalized Income": -52523000.0,
        "Net Income From Continuing And Discontinued Operation": -48212000.0,
        "Total Expenses": 39922000.0,
        "Diluted Average Shares": 164691000.0,
        "Basic Average Shares": 164691000.0,
        "Diluted EPS": -0.29,
        "Basic EPS": -0.29,
        "Diluted NI Availto Com Stockholders": -48212000.0,
        "Net Income Common Stockholders": -48212000.0,
        "Otherunder Preferred Stock Dividend": NaN,
        "Net Income": -48212000.0,
        "Net Income Including Noncontrolling Interests": -48212000.0,
        "Net Income Continuous Operations": -48212000.0,
        "Tax Provision": 0.0,
        "Pretax Income": -48212000.0,
        "Other Income Expense": 3251000.0,
        "Other Non Operating Income Expenses": -1060000.0,
        "Special Income Charges": 0.0,
        "Other Special Charges": NaN,
        "Gain On Sale Of Security": 4311000.0,
        "Net Non Operating Interest Income Expense": -11541000.0,
        "Total Other Finance Cost": NaN,
        "Interest Expense Non Operating": 12055000.0,
        "Interest Income Non Operating": 514000.0,
        "Operating Income": -39922000.0,
        "Operating Expense": 17702000.0,
        "Research And Development": 1565000.0,
        "Selling General And Administration": 16137000.0,
        "Gross Profit": -22220000.0,
        "Cost Of Revenue": 22220000.0,
        "Total Revenue": 0.0,
        "Operating Revenue": 0.0
    },
    "2024-09-30": {
        "Tax Effect Of Unusual Items": 0.0,
        "Tax Rate For Calcs": 0.0,
        "Normalized EBITDA": -22991000.0,
        "Total Unusual Items": -44899000.0,
        "Total Unusual Items Excluding Goodwill": -44899000.0,
        "Net Income From Continuing Operation Net Minority Interest": -90639000.0,
        "Reconciled Depreciation": 8182000.0,
        "Reconciled Cost Of Revenue": 16965000.0,
        "EBITDA": -67890000.0,
        "EBIT": -76072000.0,
        "Net Interest Income": -14153000.0,
        "Interest Expense": 14567000.0,
        "Interest Income": 414000.0,
        "Normalized Income": -45740000.0,
        "Net Income From Continuing And Discontinued Operation": -90639000.0,
        "Total Expenses": 31298000.0,
        "Diluted Average Shares": 166513000.0,
        "Basic Average Shares": 166513000.0,
        "Diluted EPS": -0.54,
        "Basic EPS": -0.54,
        "Diluted NI Availto Com Stockholders": -90639000.0,
        "Net Income Common Stockholders": -90639000.0,
        "Otherunder Preferred Stock Dividend": 0.0,
        "Net Income": -90639000.0,
        "Net Income Including Noncontrolling Interests": -90639000.0,
        "Net Income Continuous Operations": -90639000.0,
        "Tax Provision": 0.0,
        "Pretax Income": -90639000.0,
        "Other Income Expense": -45188000.0,
        "Other Non Operating Income Expenses": -289000.0,
        "Special Income Charges": 0.0,
        "Other Special Charges": NaN,
        "Gain On Sale Of Security": -44899000.0,
        "Net Non Operating Interest Income Expense": -14153000.0,
        "Total Other Finance Cost": NaN,
        "Interest Expense Non Operating": 14567000.0,
        "Interest Income Non Operating": 414000.0,
        "Operating Income": -31298000.0,
        "Operating Expense": 14333000.0,
        "Research And Development": 1544000.0,
        "Selling General And Administration": 12789000.0,
        "Gross Profit": -16965000.0,
        "Cost Of Revenue": 16965000.0,
        "Total Revenue": 0.0,
        "Operating Revenue": 0.0
    }
}