{
    "2023-03-31": {
        "Tax Effect Of Unusual Items": NaN,
        "Tax Rate For Calcs": NaN,
        "Normalized EBITDA": NaN,
        "Total Unusual Items": NaN,
        "Total Unusual Items Excluding Goodwill": NaN,
        "Net Income From Continuing Operation Net Minority Interest": NaN,
        "Reconciled Depreciation": NaN,
        "EBITDA": NaN,
        "EBIT": NaN,
        "Net Interest Income": NaN,
        "Interest Expense": NaN,
        "Interest Income": NaN,
        "Normalized Income": NaN,
        "Net Income From Continuing And Discontinued Operation": NaN,
        "Total Expenses": NaN,
        "Rent Expense Supplemental": NaN,
        "Total Operating Income As Reported": NaN,
        "Diluted Average Shares": 86206817.0,
        "Basic Average Shares": 86206817.0,
        "Diluted EPS": -0.7,
        "Basic EPS": -0.7,
        "Diluted NI Availto Com Stockholders": NaN,
        "Net Income Common Stockholders": NaN,
        "Net Income": NaN,
        "Net Income Including Noncontrolling Interests": NaN,
        "Net Income Continuous Operations": NaN,
        "Pretax Income": NaN,
        "Other Income Expense": NaN,
        "Gain On Sale Of Security": NaN,
        "Net Non Operating Interest Income Expense": NaN,
        "Interest Expense Non Operating": NaN,
        "Interest Income Non Operating": NaN,
        "Operating Income": NaN,
        "Operating Expense": NaN,
        "Other Operating Expenses": NaN,
        "Research And Development": NaN,
        "Selling General And Administration": NaN,
        "General And Administrative Expense": NaN,
        "Other Gand A": NaN,
        "Total Revenue": NaN,
        "Operating Revenue": NaN
    },
    "2022-12-31": {
        "Tax Effect Of Unusual Items": NaN,
        "Tax Rate For Calcs": NaN,
        "Normalized EBITDA": NaN,
        "Total Unusual Items": NaN,
        "Total Unusual Items Excluding Goodwill": NaN,
        "Net Income From Continuing Operation Net Minority Interest": NaN,
        "Reconciled Depreciation": NaN,
        "EBITDA": NaN,
        "EBIT": NaN,
        "Net Interest Income": NaN,
        "Interest Expense": 0.0,
        "Interest Income": NaN,
        "Normalized Income": NaN,
        "Net Income From Continuing And Discontinued Operation": NaN,
        "Total Expenses": NaN,
        "Rent Expense Supplemental": NaN,
        "Total Operating Income As Reported": NaN,
        "Diluted Average Shares": NaN,
        "Basic Average Shares": NaN,
        "Diluted EPS": NaN,
        "Basic EPS": NaN,
        "Diluted NI Availto Com Stockholders": NaN,
        "Net Income Common Stockholders": NaN,
        "Net Income": NaN,
        "Net Income Including Noncontrolling Interests": NaN,
        "Net Income Continuous Operations": NaN,
        "Pretax Income": NaN,
        "Other Income Expense": NaN,
        "Gain On Sale Of Security": NaN,
        "Net Non Operating Interest Income Expense": NaN,
        "Interest Expense Non Operating": 0.0,
        "Interest Income Non Operating": NaN,
        "Operating Income": NaN,
        "Operating Expense": NaN,
        "Other Operating Expenses": NaN,
        "Research And Development": NaN,
        "Selling General And Administration": NaN,
        "General And Administrative Expense": NaN,
        "Other Gand A": NaN,
        "Total Revenue": NaN,
        "Operating Revenue": NaN
    },
    "2022-09-30": {
        "Tax Effect Of Unusual Items": NaN,
        "Tax Rate For Calcs": NaN,
        "Normalized EBITDA": NaN,
        "Total Unusual Items": NaN,
        "Total Unusual Items Excluding Goodwill": NaN,
        "Net Income From Continuing Operation Net Minority Interest": NaN,
        "Reconciled Depreciation": NaN,
        "EBITDA": NaN,
        "EBIT": NaN,
        "Net Interest Income": NaN,
        "Interest Expense": 0.0,
        "Interest Income": NaN,
        "Normalized Income": NaN,
        "Net Income From Continuing And Discontinued Operation": NaN,
        "Total Expenses": NaN,
        "Rent Expense Supplemental": NaN,
        "Total Operating Income As Reported": NaN,
        "Diluted Average Shares": 61989347.0,
        "Basic Average Shares": 61989347.0,
        "Diluted EPS": -0.93,
        "Basic EPS": -0.93,
        "Diluted NI Availto Com Stockholders": NaN,
        "Net Income Common Stockholders": NaN,
        "Net Income": NaN,
        "Net Income Including Noncontrolling Interests": NaN,
        "Net Income Continuous Operations": NaN,
        "Pretax Income": NaN,
        "Other Income Expense": NaN,
        "Gain On Sale Of Security": NaN,
        "Net Non Operating Interest Income Expense": NaN,
        "Interest Expense Non Operating": 0.0,
        "Interest Income Non Operating": NaN,
        "Operating Income": NaN,
        "Operating Expense": NaN,
        "Other Operating Expenses": NaN,
        "Research And Development": NaN,
        "Selling General And Administration": NaN,
        "General And Administrative Expense": NaN,
        "Other Gand A": NaN,
        "Total Revenue": NaN,
        "Operating Revenue": NaN
    },
    "2022-06-30": {
        "Tax Effect Of Unusual Items": 0.0,
        "Tax Rate For Calcs": 0.0,
        "Normalized EBITDA": -44624000.0,
        "Total Unusual Items": -1733000.0,
        "Total Unusual Items Excluding Goodwill": -1733000.0,
        "Net Income From Continuing Operation Net Minority Interest": -48532000.0,
        "Reconciled Depreciation": 2173000.0,
        "EBITDA": -46357000.0,
        "EBIT": -48530000.0,
        "Net Interest Income": 397000.0,
        "Interest Expense": 2000.0,
        "Interest Income": 399000.0,
        "Normalized Income": -46799000.0,
        "Net Income From Continuing And Discontinued Operation": -48532000.0,
        "Total Expenses": 47196000.0,
        "Rent Expense Supplemental": NaN,
        "Total Operating Income As Reported": -47886000.0,
        "Diluted Average Shares": 60818778.0,
        "Basic Average Shares": 60818778.0,
        "Diluted EPS": -0.8,
        "Basic EPS": -0.8,
        "Diluted NI Availto Com Stockholders": -48532000.0,
        "Net Income Common Stockholders": -48532000.0,
        "Net Income": -48532000.0,
        "Net Income Including Noncontrolling Interests": -48532000.0,
        "Net Income Continuous Operations": -48532000.0,
        "Pretax Income": -48532000.0,
        "Other Income Expense": -1733000.0,
        "Gain On Sale Of Security": -1733000.0,
        "Net Non Operating Interest Income Expense": 397000.0,
        "Interest Expense Non Operating": 2000.0,
        "Interest Income Non Operating": 399000.0,
        "Operating Income": -47196000.0,
        "Operating Expense": 47196000.0,
        "Other Operating Expenses": -690000.0,
        "Research And Development": 38469000.0,
        "Selling General And Administration": 9417000.0,
        "General And Administrative Expense": 9417000.0,
        "Other Gand A": 9417000.0,
        "Total Revenue": 0.0,
        "Operating Revenue": 0.0
    },
    "2022-03-31": {
        "Diluted EPS": -0.68,
        "Total Revenue": NaN,
        "Gross Profit": NaN,
        "Operating Income": -39,
        "EBIT": -37,
        "Net Income": -39
    },
    "2021-12-31": {
        "Diluted EPS": -0.55,
        "Total Revenue": NaN,
        "Gross Profit": NaN,
        "Operating Income": -30,
        "EBIT": -28,
        "Net Income": -29
    },
    "2021-09-30": {
        "Diluted EPS": -0.51,
        "Total Revenue": NaN,
        "Gross Profit": NaN,
        "Operating Income": -27,
        "EBIT": -26,
        "Net Income": -27
    },
    "2021-06-30": {
        "Diluted EPS": -0.46,
        "Total Revenue": NaN,
        "Gross Profit": NaN,
        "Operating Income": -24,
        "EBIT": -23,
        "Net Income": -24
    },
    "2021-03-31": {
        "Diluted EPS": -0.41,
        "Total Revenue": NaN,
        "Gross Profit": NaN,
        "Operating Income": -23,
        "EBIT": -22,
        "Net Income": -21
    },
    "2020-12-31": {
        "Diluted EPS": 5.81,
        "Total Revenue": NaN,
        "Gross Profit": NaN,
        "Operating Income": -19,
        "EBIT": -19,
        "Net Income": -21
    },
    "2020-09-30": {
        "Diluted EPS": -0.41,
        "Total Revenue": NaN,
        "Gross Profit": NaN,
        "Operating Income": -21,
        "EBIT": -21,
        "Net Income": -21
    },
    "2020-06-30": {
        "Diluted EPS": -1.72,
        "Total Revenue": NaN,
        "Gross Profit": NaN,
        "Operating Income": -21,
        "EBIT": -21,
        "Net Income": -20
    },
    "2020-03-31": {
        "Diluted EPS": -6.7,
        "Total Revenue": NaN,
        "Gross Profit": NaN,
        "Operating Income": -28,
        "EBIT": -27,
        "Net Income": -27
    },
    "2019-12-31": {
        "Diluted EPS": 0.0,
        "Total Revenue": NaN,
        "Gross Profit": NaN,
        "Operating Income": NaN,
        "EBIT": NaN,
        "Net Income": NaN
    },
    "2019-09-30": {
        "Diluted EPS": -2.93,
        "Total Revenue": NaN,
        "Gross Profit": NaN,
        "Operating Income": -12,
        "EBIT": -12,
        "Net Income": -11
    },
    "2019-06-30": {
        "Diluted EPS": -2.9,
        "Total Revenue": NaN,
        "Gross Profit": NaN,
        "Operating Income": -12,
        "EBIT": -12,
        "Net Income": -11
    },
    "2018-12-31": {
        "Diluted EPS": 0.0,
        "Total Revenue": NaN,
        "Gross Profit": NaN,
        "Operating Income": NaN,
        "EBIT": NaN,
        "Net Income": NaN
    },
    "2023-06-30": {
        "Tax Effect Of Unusual Items": 0.0,
        "Tax Rate For Calcs": 0.0,
        "Normalized EBITDA": -82175000.0,
        "Total Unusual Items": -107000.0,
        "Total Unusual Items Excluding Goodwill": -107000.0,
        "Net Income From Continuing Operation Net Minority Interest": -68339000.0,
        "Reconciled Depreciation": 2401000.0,
        "EBITDA": -82282000.0,
        "EBIT": -84683000.0,
        "Net Interest Income": 16451000.0,
        "Interest Expense": 0.0,
        "Interest Income": 16451000.0,
        "Normalized Income": -68232000.0,
        "Net Income From Continuing And Discontinued Operation": -68339000.0,
        "Total Expenses": 84683000.0,
        "Rent Expense Supplemental": 1900000.0,
        "Total Operating Income As Reported": -87147000.0,
        "Diluted Average Shares": 98057870.0,
        "Basic Average Shares": 98057870.0,
        "Diluted EPS": -0.7,
        "Basic EPS": -0.7,
        "Diluted NI Availto Com Stockholders": -68339000.0,
        "Net Income Common Stockholders": -68339000.0,
        "Net Income": -68339000.0,
        "Net Income Including Noncontrolling Interests": -68339000.0,
        "Net Income Continuous Operations": -68339000.0,
        "Pretax Income": -68339000.0,
        "Other Income Expense": -107000.0,
        "Gain On Sale Of Security": -107000.0,
        "Net Non Operating Interest Income Expense": 16451000.0,
        "Interest Expense Non Operating": 0.0,
        "Interest Income Non Operating": 16451000.0,
        "Operating Income": -84683000.0,
        "Operating Expense": 84683000.0,
        "Other Operating Expenses": -2464000.0,
        "Research And Development": 72691000.0,
        "Selling General And Administration": 14456000.0,
        "General And Administrative Expense": 14456000.0,
        "Other Gand A": 14456000.0,
        "Total Revenue": 0.0,
        "Operating Revenue": 0.0
    },
    "2023-09-30": {
        "Tax Effect Of Unusual Items": 0.0,
        "Tax Rate For Calcs": 0.0,
        "Normalized EBITDA": -90411000.0,
        "Total Unusual Items": 227000.0,
        "Total Unusual Items Excluding Goodwill": 227000.0,
        "Net Income From Continuing Operation Net Minority Interest": -92664000.0,
        "Reconciled Depreciation": 2480000.0,
        "EBITDA": -90184000.0,
        "EBIT": -92664000.0,
        "Net Interest Income": 18495000.0,
        "Interest Expense": 0.0,
        "Interest Income": 18495000.0,
        "Normalized Income": -92891000.0,
        "Net Income From Continuing And Discontinued Operation": -92664000.0,
        "Total Expenses": 111386000.0,
        "Rent Expense Supplemental": NaN,
        "Total Operating Income As Reported": -113026000.0,
        "Diluted Average Shares": 63542909.0,
        "Basic Average Shares": 63542909.0,
        "Diluted EPS": -1.456,
        "Basic EPS": -1.456,
        "Diluted NI Availto Com Stockholders": -92664000.0,
        "Net Income Common Stockholders": -92664000.0,
        "Net Income": -92664000.0,
        "Net Income Including Noncontrolling Interests": -92664000.0,
        "Net Income Continuous Operations": -92664000.0,
        "Pretax Income": -92664000.0,
        "Other Income Expense": 227000.0,
        "Gain On Sale Of Security": 227000.0,
        "Net Non Operating Interest Income Expense": 18495000.0,
        "Interest Expense Non Operating": 0.0,
        "Interest Income Non Operating": 18495000.0,
        "Operating Income": -111386000.0,
        "Operating Expense": 111386000.0,
        "Other Operating Expenses": -1640000.0,
        "Research And Development": 97421000.0,
        "Selling General And Administration": 15605000.0,
        "General And Administrative Expense": 15605000.0,
        "Other Gand A": 15605000.0,
        "Total Revenue": 0.0,
        "Operating Revenue": 0.0
    },
    "2023-12-31": {
        "Tax Effect Of Unusual Items": 0.0,
        "Tax Rate For Calcs": 0.0,
        "Normalized EBITDA": -101154000.0,
        "Total Unusual Items": -76699000.0,
        "Total Unusual Items Excluding Goodwill": -76699000.0,
        "Net Income From Continuing Operation Net Minority Interest": -180801000.0,
        "Reconciled Depreciation": 2948000.0,
        "EBITDA": -177853000.0,
        "EBIT": -180801000.0,
        "Net Interest Income": 17568000.0,
        "Interest Expense": 0.0,
        "Interest Income": 17568000.0,
        "Normalized Income": -104102000.0,
        "Net Income From Continuing And Discontinued Operation": -180801000.0,
        "Total Expenses": 121670000.0,
        "Rent Expense Supplemental": NaN,
        "Total Operating Income As Reported": -196676000.0,
        "Diluted Average Shares": NaN,
        "Basic Average Shares": NaN,
        "Diluted EPS": NaN,
        "Basic EPS": NaN,
        "Diluted NI Availto Com Stockholders": -180801000.0,
        "Net Income Common Stockholders": -180801000.0,
        "Net Income": -180801000.0,
        "Net Income Including Noncontrolling Interests": -180801000.0,
        "Net Income Continuous Operations": -180801000.0,
        "Pretax Income": -180801000.0,
        "Other Income Expense": -76699000.0,
        "Gain On Sale Of Security": -1699000.0,
        "Net Non Operating Interest Income Expense": 17568000.0,
        "Interest Expense Non Operating": 0.0,
        "Interest Income Non Operating": 17568000.0,
        "Operating Income": -121670000.0,
        "Operating Expense": 121670000.0,
        "Other Operating Expenses": -6000.0,
        "Research And Development": 104150000.0,
        "Selling General And Administration": 17526000.0,
        "General And Administrative Expense": 17526000.0,
        "Other Gand A": 17526000.0,
        "Total Revenue": 0.0,
        "Operating Revenue": 0.0
    },
    "2024-03-31": {
        "Tax Effect Of Unusual Items": 0.0,
        "Tax Rate For Calcs": 0.0,
        "Normalized EBITDA": -108915000.0,
        "Total Unusual Items": -2340000.0,
        "Total Unusual Items Excluding Goodwill": -2340000.0,
        "Net Income From Continuing Operation Net Minority Interest": -95020000.0,
        "Reconciled Depreciation": 3091000.0,
        "EBITDA": -111255000.0,
        "EBIT": -114346000.0,
        "Net Interest Income": 21666000.0,
        "Interest Expense": NaN,
        "Interest Income": 21666000.0,
        "Normalized Income": -92680000.0,
        "Net Income From Continuing And Discontinued Operation": -95020000.0,
        "Total Expenses": 114346000.0,
        "Rent Expense Supplemental": NaN,
        "Total Operating Income As Reported": -114472000.0,
        "Diluted Average Shares": 111690951.0,
        "Basic Average Shares": 111690951.0,
        "Diluted EPS": -0.85,
        "Basic EPS": -0.85,
        "Diluted NI Availto Com Stockholders": -95020000.0,
        "Net Income Common Stockholders": -95020000.0,
        "Net Income": -95020000.0,
        "Net Income Including Noncontrolling Interests": -95020000.0,
        "Net Income Continuous Operations": -95020000.0,
        "Pretax Income": -95020000.0,
        "Other Income Expense": -2340000.0,
        "Gain On Sale Of Security": -2340000.0,
        "Net Non Operating Interest Income Expense": 21666000.0,
        "Interest Expense Non Operating": NaN,
        "Interest Income Non Operating": 21666000.0,
        "Operating Income": -114346000.0,
        "Operating Expense": 114346000.0,
        "Other Operating Expenses": -126000.0,
        "Research And Development": 94587000.0,
        "Selling General And Administration": 19885000.0,
        "General And Administrative Expense": 19885000.0,
        "Other Gand A": 19885000.0,
        "Total Revenue": 0.0,
        "Operating Revenue": 0.0
    },
    "2024-06-30": {
        "Tax Effect Of Unusual Items": 0.0,
        "Tax Rate For Calcs": 0.0,
        "Normalized EBITDA": -149180000.0,
        "Total Unusual Items": 71000.0,
        "Total Unusual Items Excluding Goodwill": 71000.0,
        "Net Income From Continuing Operation Net Minority Interest": -128703000.0,
        "Reconciled Depreciation": 3478000.0,
        "EBITDA": -149109000.0,
        "EBIT": -152587000.0,
        "Net Interest Income": 23813000.0,
        "Interest Expense": NaN,
        "Interest Income": 23813000.0,
        "Normalized Income": -128774000.0,
        "Net Income From Continuing And Discontinued Operation": -128703000.0,
        "Total Expenses": 152587000.0,
        "Rent Expense Supplemental": NaN,
        "Total Operating Income As Reported": -152981000.0,
        "Diluted Average Shares": 117256561.0,
        "Basic Average Shares": 117256561.0,
        "Diluted EPS": -1.1,
        "Basic EPS": -1.1,
        "Diluted NI Availto Com Stockholders": -128703000.0,
        "Net Income Common Stockholders": -128703000.0,
        "Net Income": -128703000.0,
        "Net Income Including Noncontrolling Interests": -128703000.0,
        "Net Income Continuous Operations": -128703000.0,
        "Pretax Income": -128703000.0,
        "Other Income Expense": 71000.0,
        "Gain On Sale Of Security": 71000.0,
        "Net Non Operating Interest Income Expense": 23813000.0,
        "Interest Expense Non Operating": NaN,
        "Interest Income Non Operating": 23813000.0,
        "Operating Income": -152587000.0,
        "Operating Expense": 152587000.0,
        "Other Operating Expenses": -394000.0,
        "Research And Development": 131507000.0,
        "Selling General And Administration": 21474000.0,
        "General And Administrative Expense": 21474000.0,
        "Other Gand A": 21474000.0,
        "Total Revenue": 0.0,
        "Operating Revenue": 0.0
    }
}