{
    "2023-05-31": {
        "Tax Effect Of Unusual Items": 0.0,
        "Tax Rate For Calcs": 0.254356,
        "Normalized EBITDA": 4989000.0,
        "Net Income From Continuing Operation Net Minority Interest": 3295000.0,
        "Reconciled Depreciation": 518000.0,
        "Reconciled Cost Of Revenue": 1799000.0,
        "EBITDA": 4989000.0,
        "EBIT": 4471000.0,
        "Net Interest Income": 560000.0,
        "Interest Expense": 52000.0,
        "Interest Income": 612000.0,
        "Normalized Income": 3295000.0,
        "Net Income From Continuing And Discontinued Operation": 3295000.0,
        "Total Expenses": 3122000.0,
        "Total Operating Income As Reported": 3757000.0,
        "Diluted Average Shares": 24166344.0,
        "Basic Average Shares": 24054843.0,
        "Diluted EPS": 0.14,
        "Basic EPS": 0.14,
        "Diluted NI Availto Com Stockholders": 3295000.0,
        "Net Income Common Stockholders": 3295000.0,
        "Net Income": 3295000.0,
        "Net Income Including Noncontrolling Interests": 3295000.0,
        "Net Income Continuous Operations": 3295000.0,
        "Tax Provision": 1124000.0,
        "Pretax Income": 4419000.0,
        "Other Income Expense": 102000.0,
        "Other Non Operating Income Expenses": 102000.0,
        "Net Non Operating Interest Income Expense": 560000.0,
        "Interest Expense Non Operating": 52000.0,
        "Interest Income Non Operating": 612000.0,
        "Operating Income": 3757000.0,
        "Operating Expense": 916000.0,
        "Depreciation Amortization Depletion Income Statement": 111000.0,
        "Depreciation And Amortization In Income Statement": 111000.0,
        "Depreciation Income Statement": 111000.0,
        "Selling General And Administration": 805000.0,
        "General And Administrative Expense": 805000.0,
        "Other Gand A": 805000.0,
        "Gross Profit": 4673000.0,
        "Cost Of Revenue": 2206000.0,
        "Total Revenue": 6879000.0,
        "Operating Revenue": 6879000.0
    },
    "2023-02-28": {
        "Tax Effect Of Unusual Items": NaN,
        "Tax Rate For Calcs": NaN,
        "Normalized EBITDA": NaN,
        "Net Income From Continuing Operation Net Minority Interest": NaN,
        "Reconciled Depreciation": NaN,
        "Reconciled Cost Of Revenue": NaN,
        "EBITDA": NaN,
        "EBIT": NaN,
        "Net Interest Income": NaN,
        "Interest Expense": NaN,
        "Interest Income": NaN,
        "Normalized Income": NaN,
        "Net Income From Continuing And Discontinued Operation": NaN,
        "Total Expenses": NaN,
        "Total Operating Income As Reported": NaN,
        "Diluted Average Shares": 24142300.0,
        "Basic Average Shares": 24023775.0,
        "Diluted EPS": 0.01,
        "Basic EPS": 0.01,
        "Diluted NI Availto Com Stockholders": NaN,
        "Net Income Common Stockholders": NaN,
        "Net Income": NaN,
        "Net Income Including Noncontrolling Interests": NaN,
        "Net Income Continuous Operations": NaN,
        "Tax Provision": NaN,
        "Pretax Income": NaN,
        "Other Income Expense": NaN,
        "Other Non Operating Income Expenses": NaN,
        "Net Non Operating Interest Income Expense": NaN,
        "Interest Expense Non Operating": NaN,
        "Interest Income Non Operating": NaN,
        "Operating Income": NaN,
        "Operating Expense": NaN,
        "Depreciation Amortization Depletion Income Statement": NaN,
        "Depreciation And Amortization In Income Statement": NaN,
        "Depreciation Income Statement": NaN,
        "Selling General And Administration": NaN,
        "General And Administrative Expense": NaN,
        "Other Gand A": NaN,
        "Gross Profit": NaN,
        "Cost Of Revenue": NaN,
        "Total Revenue": NaN,
        "Operating Revenue": NaN
    },
    "2022-11-30": {
        "Tax Effect Of Unusual Items": NaN,
        "Tax Rate For Calcs": NaN,
        "Normalized EBITDA": NaN,
        "Net Income From Continuing Operation Net Minority Interest": NaN,
        "Reconciled Depreciation": NaN,
        "Reconciled Cost Of Revenue": NaN,
        "EBITDA": NaN,
        "EBIT": NaN,
        "Net Interest Income": NaN,
        "Interest Expense": NaN,
        "Interest Income": NaN,
        "Normalized Income": NaN,
        "Net Income From Continuing And Discontinued Operation": NaN,
        "Total Expenses": NaN,
        "Total Operating Income As Reported": NaN,
        "Diluted Average Shares": 24087893.0,
        "Basic Average Shares": 23985788.0,
        "Diluted EPS": 0.01,
        "Basic EPS": 0.01,
        "Diluted NI Availto Com Stockholders": NaN,
        "Net Income Common Stockholders": NaN,
        "Net Income": NaN,
        "Net Income Including Noncontrolling Interests": NaN,
        "Net Income Continuous Operations": NaN,
        "Tax Provision": NaN,
        "Pretax Income": NaN,
        "Other Income Expense": NaN,
        "Other Non Operating Income Expenses": NaN,
        "Net Non Operating Interest Income Expense": NaN,
        "Interest Expense Non Operating": NaN,
        "Interest Income Non Operating": NaN,
        "Operating Income": NaN,
        "Operating Expense": NaN,
        "Depreciation Amortization Depletion Income Statement": NaN,
        "Depreciation And Amortization In Income Statement": NaN,
        "Depreciation Income Statement": NaN,
        "Selling General And Administration": NaN,
        "General And Administrative Expense": NaN,
        "Other Gand A": NaN,
        "Gross Profit": NaN,
        "Cost Of Revenue": NaN,
        "Total Revenue": NaN,
        "Operating Revenue": NaN
    },
    "2022-08-31": {
        "Tax Effect Of Unusual Items": 0.0,
        "Tax Rate For Calcs": 0.25037,
        "Normalized EBITDA": 8268000.0,
        "Net Income From Continuing Operation Net Minority Interest": 5575000.0,
        "Reconciled Depreciation": 793000.0,
        "Reconciled Cost Of Revenue": 1659000.0,
        "EBITDA": 8268000.0,
        "EBIT": 7475000.0,
        "Net Interest Income": 703000.0,
        "Interest Expense": 38000.0,
        "Interest Income": 741000.0,
        "Normalized Income": 5575000.0,
        "Net Income From Continuing And Discontinued Operation": 5575000.0,
        "Total Expenses": 4395000.0,
        "Total Operating Income As Reported": 6485000.0,
        "Diluted Average Shares": 24073460.0,
        "Basic Average Shares": 23981778.0,
        "Diluted EPS": 0.23,
        "Basic EPS": 0.23,
        "Diluted NI Availto Com Stockholders": 5575000.0,
        "Net Income Common Stockholders": 5575000.0,
        "Net Income": 5575000.0,
        "Net Income Including Noncontrolling Interests": 5575000.0,
        "Net Income Continuous Operations": 5575000.0,
        "Tax Provision": 1862000.0,
        "Pretax Income": 7437000.0,
        "Other Income Expense": 249000.0,
        "Other Non Operating Income Expenses": 249000.0,
        "Net Non Operating Interest Income Expense": 703000.0,
        "Interest Expense Non Operating": 38000.0,
        "Interest Income Non Operating": 741000.0,
        "Operating Income": 6485000.0,
        "Operating Expense": 2051000.0,
        "Depreciation Amortization Depletion Income Statement": 108000.0,
        "Depreciation And Amortization In Income Statement": 108000.0,
        "Depreciation Income Statement": 108000.0,
        "Selling General And Administration": 1943000.0,
        "General And Administrative Expense": 1943000.0,
        "Other Gand A": 1943000.0,
        "Gross Profit": 8536000.0,
        "Cost Of Revenue": 2344000.0,
        "Total Revenue": 10880000.0,
        "Operating Revenue": 10880000.0
    },
    "2022-05-31": {
        "Tax Effect Of Unusual Items": 0.0,
        "Tax Rate For Calcs": 0.227,
        "Normalized EBITDA": 1561000.0,
        "Net Income From Continuing Operation Net Minority Interest": 837000.0,
        "Reconciled Depreciation": 444000.0,
        "Reconciled Cost Of Revenue": 1045000.0,
        "EBIT": 1117000.0,
        "Net Interest Income": 274000.0,
        "Interest Expense": 34000.0,
        "Interest Income": 308000.0,
        "Normalized Income": 837000.0,
        "Net Income From Continuing And Discontinued Operation": 837000.0,
        "Total Expenses": 2563000.0,
        "Total Operating Income As Reported": 624000.0,
        "Diluted Average Shares": 24124586.0,
        "Basic Average Shares": 23970290.0,
        "Diluted EPS": 0.03,
        "Basic EPS": 0.03,
        "Diluted NI Availto Com Stockholders": 837000.0,
        "Net Income Common Stockholders": 837000.0,
        "Net Income": 837000.0,
        "Net Income Including Noncontrolling Interests": 837000.0,
        "Net Income Continuous Operations": 837000.0,
        "Tax Provision": 246000.0,
        "Pretax Income": 1083000.0,
        "Other Income Expense": 185000.0,
        "Other Non Operating Income Expenses": 185000.0,
        "Net Non Operating Interest Income Expense": 274000.0,
        "Interest Expense Non Operating": 34000.0,
        "Interest Income Non Operating": 308000.0,
        "Operating Income": 624000.0,
        "Operating Expense": 1169000.0,
        "Depreciation Amortization Depletion Income Statement": 95000.0,
        "Depreciation And Amortization In Income Statement": 95000.0,
        "Depreciation Income Statement": 95000.0,
        "Selling General And Administration": 1074000.0,
        "General And Administrative Expense": 1074000.0,
        "Other Gand A": 1074000.0,
        "Gross Profit": 1793000.0,
        "Cost Of Revenue": 1394000.0,
        "Total Revenue": 3187000.0,
        "Operating Revenue": 3187000.0
    },
    "2022-02-28": {
        "Diluted EPS": 0.07,
        "Total Revenue": 5,
        "Gross Profit": 3,
        "Operating Income": 2,
        "EBIT": 2,
        "Net Income": 2
    },
    "2021-11-30": {
        "Diluted EPS": 0.06,
        "Total Revenue": 4,
        "Gross Profit": 3,
        "Operating Income": 1,
        "EBIT": 2,
        "Net Income": 2
    },
    "2021-08-31": {
        "Diluted EPS": 0.04,
        "Total Revenue": 5,
        "Gross Profit": 3,
        "Operating Income": 2,
        "EBIT": 2,
        "Net Income": 1
    },
    "2021-05-31": {
        "Diluted EPS": 0.03,
        "Total Revenue": 3,
        "Gross Profit": 2,
        "Operating Income": 0,
        "EBIT": 1,
        "Net Income": 1
    },
    "2021-02-28": {
        "Diluted EPS": 0.72,
        "Total Revenue": 5,
        "Gross Profit": 3,
        "Operating Income": 2,
        "EBIT": 2,
        "Net Income": 17
    },
    "2020-11-30": {
        "Diluted EPS": 0.04,
        "Total Revenue": 5,
        "Gross Profit": 2,
        "Operating Income": 1,
        "EBIT": 1,
        "Net Income": 1
    },
    "2020-08-31": {
        "Diluted EPS": 0.03,
        "Total Revenue": 10,
        "Gross Profit": 4,
        "Operating Income": 1,
        "EBIT": 1,
        "Net Income": 1
    },
    "2020-05-31": {
        "Diluted EPS": 0.0,
        "Total Revenue": 2,
        "Gross Profit": 1,
        "Operating Income": 0,
        "EBIT": 0,
        "Net Income": 0
    },
    "2020-02-29": {
        "Diluted EPS": 0.01,
        "Total Revenue": 4,
        "Gross Profit": 1,
        "Operating Income": 0,
        "EBIT": 0,
        "Net Income": 0
    },
    "2019-11-30": {
        "Diluted EPS": 0.24,
        "Total Revenue": 10,
        "Gross Profit": 2,
        "Operating Income": 1,
        "EBIT": 1,
        "Net Income": 6
    },
    "2019-08-31": {
        "Diluted EPS": 0.12,
        "Total Revenue": 9,
        "Gross Profit": 3,
        "Operating Income": 2,
        "EBIT": 2,
        "Net Income": 3
    },
    "2019-05-31": {
        "Diluted EPS": 0.05,
        "Total Revenue": 5,
        "Gross Profit": 2,
        "Operating Income": 1,
        "EBIT": 1,
        "Net Income": 1
    },
    "2019-02-28": {
        "Diluted EPS": 0.0,
        "Total Revenue": 3,
        "Gross Profit": 0,
        "Operating Income": 0,
        "EBIT": 0,
        "Net Income": 0
    },
    "2018-11-30": {
        "Diluted EPS": 0.03,
        "Total Revenue": 3,
        "Gross Profit": 1,
        "Operating Income": 1,
        "EBIT": 1,
        "Net Income": 1
    },
    "2018-08-31": {
        "Diluted EPS": 0.0,
        "Total Revenue": 4,
        "Gross Profit": 1,
        "Operating Income": 0,
        "EBIT": 0,
        "Net Income": 0
    },
    "2018-05-31": {
        "Diluted EPS": 0.0,
        "Total Revenue": 1,
        "Gross Profit": 1,
        "Operating Income": 0,
        "EBIT": 0,
        "Net Income": 0
    },
    "2018-02-28": {
        "Diluted EPS": 0.0,
        "Total Revenue": 1,
        "Gross Profit": 1,
        "Operating Income": 0,
        "EBIT": 0,
        "Net Income": 0
    },
    "2017-11-30": {
        "Diluted EPS": 0.0,
        "Total Revenue": 1,
        "Gross Profit": 1,
        "Operating Income": 0,
        "EBIT": 0,
        "Net Income": 0
    },
    "2017-08-31": {
        "Diluted EPS": -0.03,
        "Total Revenue": 1,
        "Gross Profit": 0,
        "Operating Income": -1,
        "EBIT": 0,
        "Net Income": -1
    },
    "2017-05-31": {
        "Diluted EPS": -0.02,
        "Total Revenue": 0,
        "Gross Profit": 0,
        "Operating Income": -1,
        "EBIT": 0,
        "Net Income": -1
    },
    "2017-02-28": {
        "Diluted EPS": -0.01,
        "Total Revenue": 0,
        "Gross Profit": 0,
        "Operating Income": 0,
        "EBIT": 0,
        "Net Income": 0
    },
    "2016-11-30": {
        "Diluted EPS": -0.01,
        "Total Revenue": 0,
        "Gross Profit": 0,
        "Operating Income": 0,
        "EBIT": 0,
        "Net Income": 0
    },
    "2016-08-31": {
        "Diluted EPS": -0.03,
        "Total Revenue": 0,
        "Gross Profit": 0,
        "Operating Income": -1,
        "EBIT": 0,
        "Net Income": -1
    },
    "2016-05-31": {
        "Diluted EPS": -0.02,
        "Total Revenue": 0,
        "Gross Profit": 0,
        "Operating Income": -1,
        "EBIT": 0,
        "Net Income": 0
    },
    "2016-02-29": {
        "Diluted EPS": -0.01,
        "Total Revenue": 0,
        "Gross Profit": 0,
        "Operating Income": -1,
        "EBIT": 0,
        "Net Income": 0
    },
    "2015-11-30": {
        "Diluted EPS": 0.0,
        "Total Revenue": 0,
        "Gross Profit": 0,
        "Operating Income": 0,
        "EBIT": 0,
        "Net Income": 0
    },
    "2015-08-31": {
        "Diluted EPS": 0.0,
        "Total Revenue": 0,
        "Gross Profit": 0,
        "Operating Income": -1,
        "EBIT": -1,
        "Net Income": -23
    },
    "2015-05-31": {
        "Diluted EPS": 0.0,
        "Total Revenue": 0,
        "Gross Profit": 0,
        "Operating Income": 0,
        "EBIT": 0,
        "Net Income": 0
    },
    "2015-02-28": {
        "Diluted EPS": 0.0,
        "Total Revenue": 0,
        "Gross Profit": 0,
        "Operating Income": 0,
        "EBIT": 0,
        "Net Income": 0
    },
    "2014-11-30": {
        "Diluted EPS": 0.0,
        "Total Revenue": 1,
        "Gross Profit": 1,
        "Operating Income": 0,
        "EBIT": 0,
        "Net Income": 0
    },
    "2014-08-31": {
        "Diluted EPS": 0.07,
        "Total Revenue": 0,
        "Gross Profit": 0,
        "Operating Income": -1,
        "EBIT": 0,
        "Net Income": 1
    },
    "2014-05-31": {
        "Diluted EPS": -0.02,
        "Total Revenue": 1,
        "Gross Profit": 1,
        "Operating Income": 0,
        "EBIT": 0,
        "Net Income": 0
    },
    "2014-02-28": {
        "Diluted EPS": -0.02,
        "Total Revenue": 1,
        "Gross Profit": 1,
        "Operating Income": 0,
        "EBIT": 0,
        "Net Income": 0
    },
    "2013-11-30": {
        "Diluted EPS": -0.04,
        "Total Revenue": 1,
        "Gross Profit": 0,
        "Operating Income": 0,
        "EBIT": 0,
        "Net Income": -1
    },
    "2013-08-31": {
        "Diluted EPS": -0.03,
        "Total Revenue": 1,
        "Gross Profit": 0,
        "Operating Income": 0,
        "EBIT": 0,
        "Net Income": -1
    },
    "2013-05-31": {
        "Diluted EPS": -0.04,
        "Total Revenue": 0,
        "Gross Profit": 0,
        "Operating Income": 0,
        "EBIT": 0,
        "Net Income": -1
    },
    "2013-02-28": {
        "Diluted EPS": -0.04,
        "Total Revenue": 0,
        "Gross Profit": 0,
        "Operating Income": 0,
        "EBIT": 0,
        "Net Income": -1
    },
    "2012-11-30": {
        "Diluted EPS": -0.06,
        "Total Revenue": 0,
        "Gross Profit": 0,
        "Operating Income": -1,
        "EBIT": 0,
        "Net Income": -1
    },
    "2012-08-31": {
        "Diluted EPS": -0.55,
        "Total Revenue": 0,
        "Gross Profit": 0,
        "Operating Income": -13,
        "EBIT": -13,
        "Net Income": -13
    },
    "2012-05-31": {
        "Diluted EPS": -0.06,
        "Total Revenue": 0,
        "Gross Profit": 0,
        "Operating Income": -1,
        "EBIT": -1,
        "Net Income": -1
    },
    "2012-02-29": {
        "Diluted EPS": -0.06,
        "Total Revenue": 0,
        "Gross Profit": 0,
        "Operating Income": -1,
        "EBIT": -1,
        "Net Income": -1
    },
    "2011-11-30": {
        "Diluted EPS": -0.06,
        "Total Revenue": 0,
        "Gross Profit": 0,
        "Operating Income": -1,
        "EBIT": -1,
        "Net Income": -1
    },
    "2011-08-31": {
        "Diluted EPS": -0.06,
        "Total Revenue": 0,
        "Gross Profit": 0,
        "Operating Income": -1,
        "EBIT": 0,
        "Net Income": -1
    },
    "2011-05-31": {
        "Diluted EPS": 0.0,
        "Total Revenue": 0,
        "Gross Profit": 0,
        "Operating Income": -1,
        "EBIT": 0,
        "Net Income": -1
    },
    "2011-02-28": {
        "Diluted EPS": -0.08,
        "Total Revenue": 0,
        "Gross Profit": 0,
        "Operating Income": -1,
        "EBIT": -1,
        "Net Income": -2
    },
    "2010-11-30": {
        "Diluted EPS": -0.07,
        "Total Revenue": 0,
        "Gross Profit": 0,
        "Operating Income": 0,
        "EBIT": 0,
        "Net Income": -1
    },
    "2010-08-31": {
        "Diluted EPS": -0.07,
        "Total Revenue": 0,
        "Gross Profit": 0,
        "Operating Income": 0,
        "EBIT": 0,
        "Net Income": -1
    },
    "2010-05-31": {
        "Diluted EPS": -0.07,
        "Total Revenue": 0,
        "Gross Profit": 0,
        "Operating Income": 0,
        "EBIT": 0,
        "Net Income": -1
    },
    "2010-02-28": {
        "Diluted EPS": -0.07,
        "Total Revenue": 0,
        "Gross Profit": 0,
        "Operating Income": -1,
        "EBIT": -1,
        "Net Income": -2
    },
    "2009-11-30": {
        "Diluted EPS": -0.06,
        "Total Revenue": 0,
        "Gross Profit": 0,
        "Operating Income": 0,
        "EBIT": 0,
        "Net Income": -1
    },
    "2009-08-31": {
        "Diluted EPS": -0.21,
        "Total Revenue": 0,
        "Gross Profit": 0,
        "Operating Income": 0,
        "EBIT": 0,
        "Net Income": -4
    },
    "2009-05-31": {
        "Diluted EPS": -0.07,
        "Total Revenue": 0,
        "Gross Profit": 0,
        "Operating Income": 0,
        "EBIT": 0,
        "Net Income": -1
    },
    "2009-02-28": {
        "Diluted EPS": -0.07,
        "Total Revenue": 0,
        "Gross Profit": 0,
        "Operating Income": 0,
        "EBIT": 0,
        "Net Income": -1
    },
    "2023-08-31": {
        "Tax Effect Of Unusual Items": 0.0,
        "Tax Rate For Calcs": 0.143552,
        "Normalized EBITDA": 1852000.0,
        "Net Income From Continuing Operation Net Minority Interest": 1056000.0,
        "Reconciled Depreciation": 562000.0,
        "Reconciled Cost Of Revenue": 1201000.0,
        "EBITDA": 1852000.0,
        "EBIT": 1290000.0,
        "Net Interest Income": 879000.0,
        "Interest Expense": 57000.0,
        "Interest Income": 936000.0,
        "Normalized Income": 1056000.0,
        "Net Income From Continuing And Discontinued Operation": 1056000.0,
        "Total Expenses": 3333000.0,
        "Total Operating Income As Reported": 44000.0,
        "Diluted Average Shares": NaN,
        "Basic Average Shares": NaN,
        "Diluted EPS": NaN,
        "Basic EPS": NaN,
        "Diluted NI Availto Com Stockholders": 1056000.0,
        "Net Income Common Stockholders": 1056000.0,
        "Net Income": 1056000.0,
        "Net Income Including Noncontrolling Interests": 1056000.0,
        "Net Income Continuous Operations": 1056000.0,
        "Tax Provision": 177000.0,
        "Pretax Income": 1233000.0,
        "Other Income Expense": 310000.0,
        "Other Non Operating Income Expenses": 310000.0,
        "Net Non Operating Interest Income Expense": 879000.0,
        "Interest Expense Non Operating": 57000.0,
        "Interest Income Non Operating": 936000.0,
        "Operating Income": 44000.0,
        "Operating Expense": 1720000.0,
        "Depreciation Amortization Depletion Income Statement": 150000.0,
        "Depreciation And Amortization In Income Statement": 150000.0,
        "Depreciation Income Statement": 150000.0,
        "Selling General And Administration": 1570000.0,
        "General And Administrative Expense": 1570000.0,
        "Other Gand A": -2395000.0,
        "Gross Profit": 1764000.0,
        "Cost Of Revenue": 1613000.0,
        "Total Revenue": 3377000.0,
        "Operating Revenue": 3377000.0
    },
    "2023-11-30": {
        "Tax Effect Of Unusual Items": 0.0,
        "Tax Rate For Calcs": 0.263026,
        "Normalized EBITDA": 3396000.0,
        "Net Income From Continuing Operation Net Minority Interest": 2065000.0,
        "Reconciled Depreciation": 486000.0,
        "Reconciled Cost Of Revenue": 1706000.0,
        "EBITDA": 3396000.0,
        "EBIT": 2910000.0,
        "Net Interest Income": 924000.0,
        "Interest Expense": 108000.0,
        "Interest Income": 1032000.0,
        "Normalized Income": 2065000.0,
        "Net Income From Continuing And Discontinued Operation": 2065000.0,
        "Total Expenses": 3630000.0,
        "Total Operating Income As Reported": 1756000.0,
        "Diluted Average Shares": 24153662.0,
        "Basic Average Shares": 24078544.0,
        "Diluted EPS": 0.09,
        "Basic EPS": 0.09,
        "Diluted NI Availto Com Stockholders": 2065000.0,
        "Net Income Common Stockholders": 2065000.0,
        "Net Income": 2065000.0,
        "Net Income Including Noncontrolling Interests": 2065000.0,
        "Net Income Continuous Operations": 2065000.0,
        "Tax Provision": 737000.0,
        "Pretax Income": 2802000.0,
        "Other Income Expense": 122000.0,
        "Other Non Operating Income Expenses": 122000.0,
        "Net Non Operating Interest Income Expense": 924000.0,
        "Interest Expense Non Operating": 108000.0,
        "Interest Income Non Operating": 1032000.0,
        "Operating Income": 1756000.0,
        "Operating Expense": 1586000.0,
        "Depreciation Amortization Depletion Income Statement": 148000.0,
        "Depreciation And Amortization In Income Statement": 148000.0,
        "Depreciation Income Statement": 148000.0,
        "Selling General And Administration": 1438000.0,
        "General And Administrative Expense": 1438000.0,
        "Other Gand A": 1438000.0,
        "Gross Profit": 3342000.0,
        "Cost Of Revenue": 2044000.0,
        "Total Revenue": 5386000.0,
        "Operating Revenue": 5386000.0
    },
    "2024-02-29": {
        "Tax Effect Of Unusual Items": 0.0,
        "Tax Rate For Calcs": 0.257862,
        "Normalized EBITDA": 778000.0,
        "Net Income From Continuing Operation Net Minority Interest": 118000.0,
        "Reconciled Depreciation": 508000.0,
        "Reconciled Cost Of Revenue": 1060000.0,
        "EBITDA": 778000.0,
        "EBIT": 270000.0,
        "Net Interest Income": 390000.0,
        "Interest Expense": 111000.0,
        "Interest Income": 501000.0,
        "Normalized Income": 118000.0,
        "Net Income From Continuing And Discontinued Operation": 118000.0,
        "Total Expenses": 3565000.0,
        "Total Operating Income As Reported": -368000.0,
        "Diluted Average Shares": 24149195.0,
        "Basic Average Shares": 24086826.0,
        "Diluted EPS": 0.004886,
        "Basic EPS": 0.004899,
        "Diluted NI Availto Com Stockholders": 118000.0,
        "Net Income Common Stockholders": 118000.0,
        "Net Income": 118000.0,
        "Net Income Including Noncontrolling Interests": 118000.0,
        "Net Income Continuous Operations": 118000.0,
        "Tax Provision": 41000.0,
        "Pretax Income": 159000.0,
        "Other Income Expense": 137000.0,
        "Other Non Operating Income Expenses": 137000.0,
        "Net Non Operating Interest Income Expense": 390000.0,
        "Interest Expense Non Operating": 111000.0,
        "Interest Income Non Operating": 501000.0,
        "Operating Income": -368000.0,
        "Operating Expense": 2145000.0,
        "Depreciation Amortization Depletion Income Statement": 148000.0,
        "Depreciation And Amortization In Income Statement": 148000.0,
        "Depreciation Income Statement": 148000.0,
        "Selling General And Administration": 1997000.0,
        "General And Administrative Expense": 1997000.0,
        "Other Gand A": 1997000.0,
        "Gross Profit": 1777000.0,
        "Cost Of Revenue": 1420000.0,
        "Total Revenue": 3197000.0,
        "Operating Revenue": 3197000.0
    },
    "2024-05-31": {
        "Tax Effect Of Unusual Items": 0.0,
        "Tax Rate For Calcs": 0.266615,
        "Normalized EBITDA": 4546000.0,
        "Net Income From Continuing Operation Net Minority Interest": 2825000.0,
        "Reconciled Depreciation": 585000.0,
        "Reconciled Cost Of Revenue": 2304000.0,
        "EBITDA": 4546000.0,
        "EBIT": 3961000.0,
        "Net Interest Income": 387000.0,
        "Interest Expense": 109000.0,
        "Interest Income": 496000.0,
        "Normalized Income": 2825000.0,
        "Net Income From Continuing And Discontinued Operation": 2825000.0,
        "Total Expenses": 4536000.0,
        "Total Operating Income As Reported": 3068000.0,
        "Diluted Average Shares": 24143039.0,
        "Basic Average Shares": 24087170.0,
        "Diluted EPS": 0.12,
        "Basic EPS": 0.12,
        "Diluted NI Availto Com Stockholders": 2825000.0,
        "Net Income Common Stockholders": 2825000.0,
        "Net Income": 2825000.0,
        "Net Income Including Noncontrolling Interests": 2825000.0,
        "Net Income Continuous Operations": 2825000.0,
        "Tax Provision": 1027000.0,
        "Pretax Income": 3852000.0,
        "Other Income Expense": 397000.0,
        "Other Non Operating Income Expenses": 397000.0,
        "Net Non Operating Interest Income Expense": 387000.0,
        "Interest Expense Non Operating": 109000.0,
        "Interest Income Non Operating": 496000.0,
        "Operating Income": 3068000.0,
        "Operating Expense": 1798000.0,
        "Depreciation Amortization Depletion Income Statement": 151000.0,
        "Depreciation And Amortization In Income Statement": 151000.0,
        "Depreciation Income Statement": 151000.0,
        "Selling General And Administration": 1647000.0,
        "General And Administrative Expense": 1647000.0,
        "Other Gand A": 1647000.0,
        "Gross Profit": 4866000.0,
        "Cost Of Revenue": 2738000.0,
        "Total Revenue": 7604000.0,
        "Operating Revenue": 7604000.0
    }
}