{
    "2023-03-31": {
        "Tax Effect Of Unusual Items": -2671227.528986,
        "Tax Rate For Calcs": 0.166567,
        "Normalized EBITDA": 9620137000.0,
        "Total Unusual Items": -16037000.0,
        "Total Unusual Items Excluding Goodwill": -16037000.0,
        "Net Income From Continuing Operation Net Minority Interest": 8101027000.0,
        "Reconciled Cost Of Revenue": 11125285000.0,
        "EBITDA": 9604100000.0,
        "EBIT": 9604100000.0,
        "Net Interest Income": 1451912000.0,
        "Interest Expense": 11687000.0,
        "Interest Income": 1463599000.0,
        "Normalized Income": 8114392772.471014,
        "Net Income From Continuing And Discontinued Operation": 8101027000.0,
        "Total Expenses": 30708032000.0,
        "Total Operating Income As Reported": 6929018000.0,
        "Diluted Average Shares": 1462594500.0,
        "Basic Average Shares": 1320680000.0,
        "Diluted EPS": 5.56,
        "Basic EPS": 6.12,
        "Diluted NI Availto Com Stockholders": 8101027000.0,
        "Net Income Common Stockholders": 8101027000.0,
        "Net Income": 8101027000.0,
        "Net Income Including Noncontrolling Interests": 8101027000.0,
        "Net Income Continuous Operations": 8101027000.0,
        "Earnings From Equity Interest Net Of Tax": 106389000.0,
        "Tax Provision": 1597775000.0,
        "Pretax Income": 9592413000.0,
        "Other Income Expense": 1211483000.0,
        "Other Non Operating Income Expenses": 1227520000.0,
        "Gain On Sale Of Security": -16037000.0,
        "Net Non Operating Interest Income Expense": 1451912000.0,
        "Interest Expense Non Operating": 11687000.0,
        "Interest Income Non Operating": 1463599000.0,
        "Operating Income": 6929018000.0,
        "Operating Expense": 19582747000.0,
        "Research And Development": 2506657000.0,
        "Selling General And Administration": 17076090000.0,
        "Selling And Marketing Expense": 16259688000.0,
        "General And Administrative Expense": 816402000.0,
        "Other Gand A": 816402000.0,
        "Salaries And Wages": NaN,
        "Gross Profit": 26511765000.0,
        "Cost Of Revenue": 11125285000.0,
        "Total Revenue": 37637050000.0,
        "Operating Revenue": 37637050000.0
    },
    "2022-12-31": {
        "Tax Effect Of Unusual Items": -2394915.451541,
        "Tax Rate For Calcs": 0.100546,
        "Normalized EBITDA": 10634258000.0,
        "Total Unusual Items": -23819000.0,
        "Total Unusual Items Excluding Goodwill": -23819000.0,
        "Net Income From Continuing Operation Net Minority Interest": 9453697000.0,
        "Reconciled Cost Of Revenue": 8926705000.0,
        "EBITDA": 10610439000.0,
        "EBIT": 10610439000.0,
        "Net Interest Income": 1339477000.0,
        "Interest Expense": 12221000.0,
        "Interest Income": 1351698000.0,
        "Normalized Income": 9475121084.548458,
        "Net Income From Continuing And Discontinued Operation": 9453697000.0,
        "Total Expenses": 30706293000.0,
        "Total Operating Income As Reported": 9113735000.0,
        "Diluted Average Shares": 1452303000.0,
        "Basic Average Shares": 1274784500.0,
        "Diluted EPS": 6.52,
        "Basic EPS": 7.4,
        "Diluted NI Availto Com Stockholders": 9505352000.0,
        "Net Income Common Stockholders": 9453697000.0,
        "Net Income": 9453697000.0,
        "Net Income Including Noncontrolling Interests": 9453697000.0,
        "Net Income Continuous Operations": 9453697000.0,
        "Earnings From Equity Interest Net Of Tax": -78908000.0,
        "Tax Provision": 1065613000.0,
        "Pretax Income": 10598218000.0,
        "Other Income Expense": 145006000.0,
        "Other Non Operating Income Expenses": 168825000.0,
        "Gain On Sale Of Security": -23819000.0,
        "Net Non Operating Interest Income Expense": 1339477000.0,
        "Interest Expense Non Operating": 12221000.0,
        "Interest Income Non Operating": 1351698000.0,
        "Operating Income": 9113735000.0,
        "Operating Expense": 21779588000.0,
        "Research And Development": 2406677000.0,
        "Selling General And Administration": 19372911000.0,
        "Selling And Marketing Expense": 17732384000.0,
        "General And Administrative Expense": 1640527000.0,
        "Other Gand A": 1640527000.0,
        "Salaries And Wages": NaN,
        "Gross Profit": 30893323000.0,
        "Cost Of Revenue": 8926705000.0,
        "Total Revenue": 39820028000.0,
        "Operating Revenue": 39820028000.0
    },
    "2022-09-30": {
        "Tax Effect Of Unusual Items": 6772196.163952,
        "Tax Rate For Calcs": 0.126882,
        "Normalized EBITDA": 12075291000.0,
        "Total Unusual Items": 53374000.0,
        "Total Unusual Items Excluding Goodwill": 53374000.0,
        "Net Income From Continuing Operation Net Minority Interest": 10588574000.0,
        "Reconciled Cost Of Revenue": 7414132000.0,
        "EBITDA": 12128665000.0,
        "EBIT": 12128665000.0,
        "Net Interest Income": 1078504000.0,
        "Interest Expense": 13646000.0,
        "Interest Income": 1092150000.0,
        "Normalized Income": 10541972196.163952,
        "Net Income From Continuing And Discontinued Operation": 10588574000.0,
        "Total Expenses": 25067691000.0,
        "Total Operating Income As Reported": 10436613000.0,
        "Diluted Average Shares": 1444041250.0,
        "Basic Average Shares": 1262814000.0,
        "Diluted EPS": 7.36,
        "Basic EPS": 8.4,
        "Diluted NI Availto Com Stockholders": 10588574000.0,
        "Net Income Common Stockholders": 10588574000.0,
        "Net Income": 10588574000.0,
        "Net Income Including Noncontrolling Interests": 10588574000.0,
        "Net Income Continuous Operations": 10588574000.0,
        "Earnings From Equity Interest Net Of Tax": 10732000.0,
        "Tax Provision": 1537177000.0,
        "Pretax Income": 12115019000.0,
        "Other Income Expense": 599902000.0,
        "Other Non Operating Income Expenses": 546528000.0,
        "Gain On Sale Of Security": 53374000.0,
        "Net Non Operating Interest Income Expense": 1078504000.0,
        "Interest Expense Non Operating": 13646000.0,
        "Interest Income Non Operating": 1092150000.0,
        "Operating Income": 10436613000.0,
        "Operating Expense": 17653559000.0,
        "Research And Development": 2698166000.0,
        "Selling General And Administration": 14955393000.0,
        "Selling And Marketing Expense": 14048820000.0,
        "General And Administrative Expense": 906573000.0,
        "Other Gand A": 906573000.0,
        "Salaries And Wages": NaN,
        "Gross Profit": 28090172000.0,
        "Cost Of Revenue": 7414132000.0,
        "Total Revenue": 35504304000.0,
        "Operating Revenue": 35504304000.0
    },
    "2022-06-30": {
        "Tax Effect Of Unusual Items": -29558562.531167,
        "Tax Rate For Calcs": 0.148275,
        "Normalized EBITDA": 10720393000.0,
        "Total Unusual Items": -199349000.0,
        "Total Unusual Items Excluding Goodwill": -199349000.0,
        "Net Income From Continuing Operation Net Minority Interest": 8896340000.0,
        "Reconciled Cost Of Revenue": 7961866000.0,
        "EBITDA": 10521044000.0,
        "EBIT": 10521044000.0,
        "Net Interest Income": 743843000.0,
        "Interest Expense": 13148000.0,
        "Interest Income": 756991000.0,
        "Normalized Income": 9066130437.468834,
        "Net Income From Continuing And Discontinued Operation": 8896340000.0,
        "Total Expenses": 22742401000.0,
        "Total Operating Income As Reported": 8697167000.0,
        "Diluted Average Shares": 1429236750.0,
        "Basic Average Shares": 1260604250.0,
        "Diluted EPS": 6.24,
        "Basic EPS": 7.04,
        "Diluted NI Availto Com Stockholders": 8896340000.0,
        "Net Income Common Stockholders": 8896340000.0,
        "Net Income": 8896340000.0,
        "Net Income Including Noncontrolling Interests": 8896340000.0,
        "Net Income Continuous Operations": 8896340000.0,
        "Earnings From Equity Interest Net Of Tax": -53493000.0,
        "Tax Provision": 1558063000.0,
        "Pretax Income": 10507896000.0,
        "Other Income Expense": 1066886000.0,
        "Other Non Operating Income Expenses": 1266235000.0,
        "Gain On Sale Of Security": -199349000.0,
        "Net Non Operating Interest Income Expense": 743843000.0,
        "Interest Expense Non Operating": 13148000.0,
        "Interest Income Non Operating": 756991000.0,
        "Operating Income": 8697167000.0,
        "Operating Expense": 14780535000.0,
        "Research And Development": 2611366000.0,
        "Selling General And Administration": 12169169000.0,
        "Selling And Marketing Expense": 11343447000.0,
        "General And Administrative Expense": 825722000.0,
        "Other Gand A": 825722000.0,
        "Salaries And Wages": NaN,
        "Gross Profit": 23477702000.0,
        "Cost Of Revenue": 7961866000.0,
        "Total Revenue": 31439568000.0,
        "Operating Revenue": 31439568000.0
    },
    "2022-03-31": {
        "Diluted EPS": 0.29,
        "Total Revenue": NaN,
        "Gross Profit": NaN,
        "Operating Income": 340,
        "EBIT": 340,
        "Net Income": 410
    },
    "2021-12-31": {
        "Diluted EPS": 0.75,
        "Total Revenue": NaN,
        "Gross Profit": NaN,
        "Operating Income": NaN,
        "EBIT": NaN,
        "Net Income": NaN
    },
    "2021-09-30": {
        "Diluted EPS": 0.18,
        "Total Revenue": NaN,
        "Gross Profit": NaN,
        "Operating Income": 332,
        "EBIT": 332,
        "Net Income": 255
    },
    "2021-06-30": {
        "Diluted EPS": 0.27,
        "Total Revenue": NaN,
        "Gross Profit": NaN,
        "Operating Income": 309,
        "EBIT": 309,
        "Net Income": 374
    },
    "2021-03-31": {
        "Diluted EPS": -0.36,
        "Total Revenue": NaN,
        "Gross Profit": NaN,
        "Operating Income": -633,
        "EBIT": -633,
        "Net Income": -443
    },
    "2020-12-31": {
        "Diluted EPS": -0.21,
        "Total Revenue": NaN,
        "Gross Profit": NaN,
        "Operating Income": -394,
        "EBIT": -365,
        "Net Income": -276
    },
    "2020-09-30": {
        "Diluted EPS": -0.1,
        "Total Revenue": NaN,
        "Gross Profit": NaN,
        "Operating Income": -191,
        "EBIT": -191,
        "Net Income": -116
    },
    "2020-06-30": {
        "Diluted EPS": -0.11,
        "Total Revenue": NaN,
        "Gross Profit": NaN,
        "Operating Income": -232,
        "EBIT": -232,
        "Net Income": -127
    },
    "2020-03-31": {
        "Diluted EPS": -0.5,
        "Total Revenue": 924,
        "Gross Profit": 665,
        "Operating Income": -621,
        "EBIT": -621,
        "Net Income": -582
    },
    "2019-12-31": {
        "Diluted EPS": -0.24,
        "Total Revenue": NaN,
        "Gross Profit": NaN,
        "Operating Income": -303,
        "EBIT": -303,
        "Net Income": -248
    },
    "2019-09-30": {
        "Diluted EPS": -0.28,
        "Total Revenue": NaN,
        "Gross Profit": 795,
        "Operating Income": -391,
        "EBIT": -391,
        "Net Income": -327
    },
    "2019-06-30": {
        "Diluted EPS": -0.12,
        "Total Revenue": NaN,
        "Gross Profit": 830,
        "Operating Income": -217,
        "EBIT": -217,
        "Net Income": -146
    },
    "2019-03-31": {
        "Diluted EPS": -0.24,
        "Total Revenue": 677,
        "Gross Profit": 547,
        "Operating Income": -316,
        "EBIT": -316,
        "Net Income": -280
    },
    "2018-12-31": {
        "Diluted EPS": 0.3,
        "Total Revenue": 787,
        "Gross Profit": 587,
        "Operating Income": -343,
        "EBIT": -343,
        "Net Income": -312
    },
    "2018-09-30": {
        "Diluted EPS": -0.16,
        "Total Revenue": 491,
        "Gross Profit": 378,
        "Operating Income": -185,
        "EBIT": -185,
        "Net Income": -160
    },
    "2018-06-30": {
        "Diluted EPS": -2.04,
        "Total Revenue": 409,
        "Gross Profit": 351,
        "Operating Income": NaN,
        "EBIT": NaN,
        "Net Income": -981
    },
    "2018-03-31": {
        "Diluted EPS": -0.12,
        "Total Revenue": 221,
        "Gross Profit": 170,
        "Operating Income": -40,
        "EBIT": -34,
        "Net Income": -45
    },
    "2017-12-31": {
        "Diluted EPS": 0.0,
        "Total Revenue": NaN,
        "Gross Profit": NaN,
        "Operating Income": NaN,
        "EBIT": NaN,
        "Net Income": NaN
    },
    "2023-06-30": {
        "Tax Effect Of Unusual Items": NaN,
        "Tax Rate For Calcs": NaN,
        "Normalized EBITDA": NaN,
        "Total Unusual Items": NaN,
        "Total Unusual Items Excluding Goodwill": NaN,
        "Net Income From Continuing Operation Net Minority Interest": NaN,
        "Reconciled Cost Of Revenue": NaN,
        "EBITDA": NaN,
        "EBIT": NaN,
        "Net Interest Income": NaN,
        "Interest Expense": NaN,
        "Interest Income": NaN,
        "Normalized Income": NaN,
        "Net Income From Continuing And Discontinued Operation": NaN,
        "Total Expenses": NaN,
        "Total Operating Income As Reported": NaN,
        "Diluted Average Shares": NaN,
        "Basic Average Shares": NaN,
        "Diluted EPS": NaN,
        "Basic EPS": NaN,
        "Diluted NI Availto Com Stockholders": NaN,
        "Net Income Common Stockholders": NaN,
        "Net Income": NaN,
        "Net Income Including Noncontrolling Interests": NaN,
        "Net Income Continuous Operations": NaN,
        "Earnings From Equity Interest Net Of Tax": NaN,
        "Tax Provision": NaN,
        "Pretax Income": NaN,
        "Other Income Expense": NaN,
        "Other Non Operating Income Expenses": NaN,
        "Gain On Sale Of Security": NaN,
        "Net Non Operating Interest Income Expense": NaN,
        "Interest Expense Non Operating": NaN,
        "Interest Income Non Operating": NaN,
        "Operating Income": NaN,
        "Operating Expense": NaN,
        "Research And Development": NaN,
        "Selling General And Administration": NaN,
        "Selling And Marketing Expense": NaN,
        "General And Administrative Expense": NaN,
        "Other Gand A": NaN,
        "Salaries And Wages": 1215125000.0,
        "Gross Profit": NaN,
        "Cost Of Revenue": NaN,
        "Total Revenue": NaN,
        "Operating Revenue": NaN
    },
    "2023-09-30": {
        "Tax Effect Of Unusual Items": 17398283.948044,
        "Tax Rate For Calcs": 0.18341,
        "Normalized EBITDA": 19073761000.0,
        "Total Unusual Items": 94860000.0,
        "Total Unusual Items Excluding Goodwill": 94860000.0,
        "Net Income From Continuing Operation Net Minority Interest": 15537122000.0,
        "Reconciled Cost Of Revenue": 26830233000.0,
        "EBITDA": 19168621000.0,
        "EBIT": 19168621000.0,
        "Net Interest Income": 2115148000.0,
        "Interest Expense": 12208000.0,
        "Interest Income": 2127356000.0,
        "Normalized Income": 15459660283.948044,
        "Net Income From Continuing And Discontinued Operation": 15537122000.0,
        "Total Expenses": 52184350000.0,
        "Total Operating Income As Reported": 16656021000.0,
        "Diluted Average Shares": 1466275500.0,
        "Basic Average Shares": 1365635500.0,
        "Diluted EPS": 10.6,
        "Basic EPS": 11.36,
        "Diluted NI Availto Com Stockholders": 15537122000.0,
        "Net Income Common Stockholders": 15537122000.0,
        "Net Income": 15537122000.0,
        "Net Income Including Noncontrolling Interests": 15537122000.0,
        "Net Income Continuous Operations": 15537122000.0,
        "Earnings From Equity Interest Net Of Tax": -105811000.0,
        "Tax Provision": 3513480000.0,
        "Pretax Income": 19156413000.0,
        "Other Income Expense": 385244000.0,
        "Other Non Operating Income Expenses": 290384000.0,
        "Gain On Sale Of Security": 94860000.0,
        "Net Non Operating Interest Income Expense": 2115148000.0,
        "Interest Expense Non Operating": 12208000.0,
        "Interest Income Non Operating": 2127356000.0,
        "Operating Income": 16656021000.0,
        "Operating Expense": 25354117000.0,
        "Research And Development": 2847323000.0,
        "Selling General And Administration": 22506794000.0,
        "Selling And Marketing Expense": 21748449000.0,
        "General And Administrative Expense": 758345000.0,
        "Other Gand A": 758345000.0,
        "Salaries And Wages": NaN,
        "Gross Profit": 42010138000.0,
        "Cost Of Revenue": 26830233000.0,
        "Total Revenue": 68840371000.0,
        "Operating Revenue": 68840371000.0
    },
    "2023-12-31": {
        "Tax Effect Of Unusual Items": -26485498.082721,
        "Tax Rate For Calcs": 0.133214,
        "Normalized EBITDA": 27082556000.0,
        "Total Unusual Items": -198819000.0,
        "Total Unusual Items Excluding Goodwill": -198819000.0,
        "Net Income From Continuing Operation Net Minority Interest": 23280309000.0,
        "Reconciled Cost Of Revenue": 35078272000.0,
        "EBITDA": 26883737000.0,
        "EBIT": 26883737000.0,
        "Net Interest Income": 4351229000.0,
        "Interest Expense": 8155000.0,
        "Interest Income": 4359384000.0,
        "Normalized Income": 23452642501.91728,
        "Net Income From Continuing And Discontinued Operation": 23280309000.0,
        "Total Expenses": 66486068000.0,
        "Total Operating Income As Reported": 22394968000.0,
        "Diluted Average Shares": 1470745000.0,
        "Basic Average Shares": 1369527750.0,
        "Diluted EPS": 15.84,
        "Basic EPS": 17.0,
        "Diluted NI Availto Com Stockholders": 23324296000.0,
        "Net Income Common Stockholders": 23280309000.0,
        "Net Income": 23280309000.0,
        "Net Income Including Noncontrolling Interests": 23280309000.0,
        "Net Income Continuous Operations": 23280309000.0,
        "Earnings From Equity Interest Net Of Tax": -15066000.0,
        "Tax Provision": 3580207000.0,
        "Pretax Income": 26875582000.0,
        "Other Income Expense": 129385000.0,
        "Other Non Operating Income Expenses": 328204000.0,
        "Gain On Sale Of Security": -198819000.0,
        "Net Non Operating Interest Income Expense": 4351229000.0,
        "Interest Expense Non Operating": 8155000.0,
        "Interest Income Non Operating": 4359384000.0,
        "Operating Income": 22394968000.0,
        "Operating Expense": 31407796000.0,
        "Research And Development": 2864430000.0,
        "Selling General And Administration": 28543366000.0,
        "Selling And Marketing Expense": 26638524000.0,
        "General And Administrative Expense": 1904842000.0,
        "Other Gand A": 1904842000.0,
        "Salaries And Wages": NaN,
        "Gross Profit": 53802764000.0,
        "Cost Of Revenue": 35078272000.0,
        "Total Revenue": 88881036000.0,
        "Operating Revenue": 88881036000.0
    },
    "2024-03-31": {
        "Tax Effect Of Unusual Items": 32825767.284554,
        "Tax Rate For Calcs": 0.153021,
        "Normalized EBITDA": 32903490000.0,
        "Total Unusual Items": 214518000.0,
        "Total Unusual Items Excluding Goodwill": 214518000.0,
        "Net Income From Continuing Operation Net Minority Interest": 27997826000.0,
        "Reconciled Cost Of Revenue": 32694686000.0,
        "EBITDA": 33118008000.0,
        "EBIT": 33118008000.0,
        "Net Interest Income": 5048589000.0,
        "Interest Expense": 0.0,
        "Interest Income": 5048589000.0,
        "Normalized Income": 27816133767.284554,
        "Net Income From Continuing And Discontinued Operation": 27997826000.0,
        "Total Expenses": 60838406000.0,
        "Total Operating Income As Reported": 25973653000.0,
        "Diluted Average Shares": 1476755250.0,
        "Basic Average Shares": 1377420500.0,
        "Diluted EPS": 18.96,
        "Basic EPS": 20.32,
        "Diluted NI Availto Com Stockholders": 27997826000.0,
        "Net Income Common Stockholders": 27997826000.0,
        "Net Income": 27997826000.0,
        "Net Income Including Noncontrolling Interests": 27997826000.0,
        "Net Income Continuous Operations": 27997826000.0,
        "Earnings From Equity Interest Net Of Tax": -52430000.0,
        "Tax Provision": 5067752000.0,
        "Pretax Income": 33118008000.0,
        "Other Income Expense": 2095766000.0,
        "Other Non Operating Income Expenses": 1881248000.0,
        "Gain On Sale Of Security": 214518000.0,
        "Net Non Operating Interest Income Expense": 5048589000.0,
        "Interest Expense Non Operating": 0.0,
        "Interest Income Non Operating": 5048589000.0,
        "Operating Income": 25973653000.0,
        "Operating Expense": 28143720000.0,
        "Research And Development": 2909620000.0,
        "Selling General And Administration": 25234100000.0,
        "Selling And Marketing Expense": 23410655000.0,
        "General And Administrative Expense": 1823445000.0,
        "Other Gand A": 1823445000.0,
        "Salaries And Wages": NaN,
        "Gross Profit": 54117373000.0,
        "Cost Of Revenue": 32694686000.0,
        "Total Revenue": 86812059000.0,
        "Operating Revenue": 86812059000.0
    },
    "2024-06-30": {
        "Tax Effect Of Unusual Items": 9371067.013064,
        "Tax Rate For Calcs": 0.155756,
        "Normalized EBITDA": 37913386000.0,
        "Total Unusual Items": 60165000.0,
        "Total Unusual Items Excluding Goodwill": 60165000.0,
        "Net Income From Continuing Operation Net Minority Interest": 32009355000.0,
        "Reconciled Cost Of Revenue": 33698098000.0,
        "EBITDA": 37973551000.0,
        "EBIT": 37973551000.0,
        "Net Interest Income": 4855592000.0,
        "Interest Expense": 0.0,
        "Interest Income": 4855592000.0,
        "Normalized Income": 31958561067.013065,
        "Net Income From Continuing And Discontinued Operation": 32009355000.0,
        "Total Expenses": 64494995000.0,
        "Total Operating Income As Reported": 32564536000.0,
        "Diluted Average Shares": 1481414750.0,
        "Basic Average Shares": 1383449000.0,
        "Diluted EPS": 21.6,
        "Basic EPS": 23.12,
        "Diluted NI Availto Com Stockholders": 32009355000.0,
        "Net Income Common Stockholders": 32009355000.0,
        "Net Income": 32009355000.0,
        "Net Income Including Noncontrolling Interests": 32009355000.0,
        "Net Income Continuous Operations": 32009355000.0,
        "Earnings From Equity Interest Net Of Tax": -49583000.0,
        "Tax Provision": 5914613000.0,
        "Pretax Income": 37973551000.0,
        "Other Income Expense": 553423000.0,
        "Other Non Operating Income Expenses": 493258000.0,
        "Gain On Sale Of Security": 60165000.0,
        "Net Non Operating Interest Income Expense": 4855592000.0,
        "Interest Expense Non Operating": 0.0,
        "Interest Income Non Operating": 4855592000.0,
        "Operating Income": 32564536000.0,
        "Operating Expense": 30796897000.0,
        "Research And Development": 2909210000.0,
        "Selling General And Administration": 27887687000.0,
        "Selling And Marketing Expense": 26049137000.0,
        "General And Administrative Expense": 1838550000.0,
        "Other Gand A": 1838550000.0,
        "Salaries And Wages": NaN,
        "Gross Profit": 63361433000.0,
        "Cost Of Revenue": 33698098000.0,
        "Total Revenue": 97059531000.0,
        "Operating Revenue": 97059531000.0
    },
    "2024-09-30": {
        "Tax Effect Of Unusual Items": -78812302.238113,
        "Tax Rate For Calcs": 0.143991,
        "Normalized EBITDA": 29727144000.0,
        "Total Unusual Items": -547343000.0,
        "Total Unusual Items Excluding Goodwill": -547343000.0,
        "Net Income From Continuing Operation Net Minority Interest": 24980694000.0,
        "Reconciled Cost Of Revenue": 39709214000.0,
        "EBITDA": 29179801000.0,
        "EBIT": 29179801000.0,
        "Net Interest Income": 5416080000.0,
        "Interest Expense": 0.0,
        "Interest Income": 5416080000.0,
        "Normalized Income": 25449224697.761887,
        "Net Income From Continuing And Discontinued Operation": 24980694000.0,
        "Total Expenses": 75061943000.0,
        "Total Operating Income As Reported": 24292458000.0,
        "Diluted Average Shares": 1477448250.0,
        "Basic Average Shares": 1385908250.0,
        "Diluted EPS": 16.92,
        "Basic EPS": 18.04,
        "Diluted NI Availto Com Stockholders": 24980694000.0,
        "Net Income Common Stockholders": 24980694000.0,
        "Net Income": 24980694000.0,
        "Net Income Including Noncontrolling Interests": 24980694000.0,
        "Net Income Continuous Operations": 24980694000.0,
        "Earnings From Equity Interest Net Of Tax": 2513000.0,
        "Tax Provision": 4201620000.0,
        "Pretax Income": 29179801000.0,
        "Other Income Expense": -528737000.0,
        "Other Non Operating Income Expenses": 18606000.0,
        "Gain On Sale Of Security": -547343000.0,
        "Net Non Operating Interest Income Expense": 5416080000.0,
        "Interest Expense Non Operating": 0.0,
        "Interest Income Non Operating": 5416080000.0,
        "Operating Income": 24292458000.0,
        "Operating Expense": 35352729000.0,
        "Research And Development": 3063353000.0,
        "Selling General And Administration": 32289376000.0,
        "Selling And Marketing Expense": 30483800000.0,
        "General And Administrative Expense": 1805576000.0,
        "Other Gand A": 1805576000.0,
        "Salaries And Wages": NaN,
        "Gross Profit": 59645187000.0,
        "Cost Of Revenue": 39709214000.0,
        "Total Revenue": 99354401000.0,
        "Operating Revenue": 99354401000.0
    }
}