{
    "2023-03-31": {
        "Tax Effect Of Unusual Items": NaN,
        "Tax Rate For Calcs": NaN,
        "Normalized EBITDA": NaN,
        "Net Income From Continuing Operation Net Minority Interest": NaN,
        "Reconciled Depreciation": NaN,
        "EBITDA": NaN,
        "EBIT": NaN,
        "Net Interest Income": NaN,
        "Interest Expense": NaN,
        "Interest Income": NaN,
        "Normalized Income": NaN,
        "Net Income From Continuing And Discontinued Operation": NaN,
        "Total Expenses": NaN,
        "Total Operating Income As Reported": NaN,
        "Diluted Average Shares": 30428053.0,
        "Basic Average Shares": 30428053.0,
        "Diluted EPS": -0.32,
        "Basic EPS": -0.32,
        "Diluted NI Availto Com Stockholders": NaN,
        "Net Income Common Stockholders": NaN,
        "Net Income": NaN,
        "Net Income Including Noncontrolling Interests": NaN,
        "Net Income Continuous Operations": NaN,
        "Tax Provision": NaN,
        "Pretax Income": NaN,
        "Net Non Operating Interest Income Expense": NaN,
        "Interest Expense Non Operating": NaN,
        "Interest Income Non Operating": NaN,
        "Operating Income": NaN,
        "Operating Expense": NaN,
        "Research And Development": NaN,
        "Selling General And Administration": NaN,
        "General And Administrative Expense": NaN,
        "Other Gand A": NaN,
        "Total Revenue": NaN,
        "Operating Revenue": NaN
    },
    "2022-12-31": {
        "Tax Effect Of Unusual Items": NaN,
        "Tax Rate For Calcs": NaN,
        "Normalized EBITDA": NaN,
        "Net Income From Continuing Operation Net Minority Interest": NaN,
        "Reconciled Depreciation": NaN,
        "EBITDA": NaN,
        "EBIT": NaN,
        "Net Interest Income": NaN,
        "Interest Expense": NaN,
        "Interest Income": NaN,
        "Normalized Income": NaN,
        "Net Income From Continuing And Discontinued Operation": NaN,
        "Total Expenses": NaN,
        "Total Operating Income As Reported": NaN,
        "Diluted Average Shares": NaN,
        "Basic Average Shares": NaN,
        "Diluted EPS": NaN,
        "Basic EPS": NaN,
        "Diluted NI Availto Com Stockholders": NaN,
        "Net Income Common Stockholders": NaN,
        "Net Income": NaN,
        "Net Income Including Noncontrolling Interests": NaN,
        "Net Income Continuous Operations": NaN,
        "Tax Provision": 0.0,
        "Pretax Income": NaN,
        "Net Non Operating Interest Income Expense": NaN,
        "Interest Expense Non Operating": NaN,
        "Interest Income Non Operating": NaN,
        "Operating Income": NaN,
        "Operating Expense": NaN,
        "Research And Development": NaN,
        "Selling General And Administration": NaN,
        "General And Administrative Expense": NaN,
        "Other Gand A": NaN,
        "Total Revenue": NaN,
        "Operating Revenue": NaN
    },
    "2022-09-30": {
        "Tax Effect Of Unusual Items": NaN,
        "Tax Rate For Calcs": NaN,
        "Normalized EBITDA": NaN,
        "Net Income From Continuing Operation Net Minority Interest": NaN,
        "Reconciled Depreciation": NaN,
        "EBITDA": NaN,
        "EBIT": NaN,
        "Net Interest Income": NaN,
        "Interest Expense": NaN,
        "Interest Income": NaN,
        "Normalized Income": NaN,
        "Net Income From Continuing And Discontinued Operation": NaN,
        "Total Expenses": NaN,
        "Total Operating Income As Reported": NaN,
        "Diluted Average Shares": 28458688.0,
        "Basic Average Shares": 28458688.0,
        "Diluted EPS": -0.26,
        "Basic EPS": -0.26,
        "Diluted NI Availto Com Stockholders": NaN,
        "Net Income Common Stockholders": NaN,
        "Net Income": NaN,
        "Net Income Including Noncontrolling Interests": NaN,
        "Net Income Continuous Operations": NaN,
        "Tax Provision": 0.0,
        "Pretax Income": NaN,
        "Net Non Operating Interest Income Expense": NaN,
        "Interest Expense Non Operating": NaN,
        "Interest Income Non Operating": NaN,
        "Operating Income": NaN,
        "Operating Expense": NaN,
        "Research And Development": NaN,
        "Selling General And Administration": NaN,
        "General And Administrative Expense": NaN,
        "Other Gand A": NaN,
        "Total Revenue": NaN,
        "Operating Revenue": NaN
    },
    "2022-06-30": {
        "Tax Effect Of Unusual Items": 0.0,
        "Tax Rate For Calcs": 0.17083,
        "Normalized EBITDA": -7092652.0,
        "Net Income From Continuing Operation Net Minority Interest": -5819200.0,
        "Reconciled Depreciation": 0.0,
        "EBITDA": -7092652.0,
        "EBIT": -7092652.0,
        "Net Interest Income": 74547.0,
        "Interest Expense": NaN,
        "Interest Income": 74547.0,
        "Normalized Income": -5819200.0,
        "Net Income From Continuing And Discontinued Operation": -5819200.0,
        "Total Expenses": 7092652.0,
        "Total Operating Income As Reported": -7092652.0,
        "Diluted Average Shares": 28451579.0,
        "Basic Average Shares": 28451579.0,
        "Diluted EPS": -0.2,
        "Basic EPS": -0.2,
        "Diluted NI Availto Com Stockholders": -5819200.0,
        "Net Income Common Stockholders": -5819200.0,
        "Net Income": -5819200.0,
        "Net Income Including Noncontrolling Interests": -5819200.0,
        "Net Income Continuous Operations": -5819200.0,
        "Tax Provision": -1198905.0,
        "Pretax Income": -7018105.0,
        "Net Non Operating Interest Income Expense": 74547.0,
        "Interest Expense Non Operating": NaN,
        "Interest Income Non Operating": 74547.0,
        "Operating Income": -7092652.0,
        "Operating Expense": 7092652.0,
        "Research And Development": 3761646.0,
        "Selling General And Administration": 3331006.0,
        "General And Administrative Expense": 3331006.0,
        "Other Gand A": 3331006.0,
        "Total Revenue": 0.0,
        "Operating Revenue": 0.0
    },
    "2022-03-31": {
        "Diluted EPS": -0.32,
        "Total Revenue": NaN,
        "Gross Profit": NaN,
        "Operating Income": -8,
        "EBIT": -8,
        "Net Income": -8
    },
    "2021-12-31": {
        "Diluted EPS": -0.25,
        "Total Revenue": NaN,
        "Gross Profit": NaN,
        "Operating Income": -6,
        "EBIT": -6,
        "Net Income": -6
    },
    "2021-09-30": {
        "Diluted EPS": -0.24,
        "Total Revenue": NaN,
        "Gross Profit": NaN,
        "Operating Income": -7,
        "EBIT": -7,
        "Net Income": -7
    },
    "2021-06-30": {
        "Diluted EPS": -0.03,
        "Total Revenue": NaN,
        "Gross Profit": NaN,
        "Operating Income": -5,
        "EBIT": -5,
        "Net Income": -1
    },
    "2021-03-31": {
        "Diluted EPS": -0.14,
        "Total Revenue": NaN,
        "Gross Profit": NaN,
        "Operating Income": -3,
        "EBIT": -3,
        "Net Income": -3
    },
    "2020-12-31": {
        "Diluted EPS": -0.1,
        "Total Revenue": NaN,
        "Gross Profit": NaN,
        "Operating Income": -4,
        "EBIT": -4,
        "Net Income": -4
    },
    "2020-09-30": {
        "Diluted EPS": -0.21,
        "Total Revenue": NaN,
        "Gross Profit": NaN,
        "Operating Income": -4,
        "EBIT": -4,
        "Net Income": -4
    },
    "2020-06-30": {
        "Diluted EPS": -0.19,
        "Total Revenue": NaN,
        "Gross Profit": NaN,
        "Operating Income": -3,
        "EBIT": -3,
        "Net Income": -3
    },
    "2020-03-31": {
        "Diluted EPS": -0.39,
        "Total Revenue": NaN,
        "Gross Profit": NaN,
        "Operating Income": -4,
        "EBIT": -4,
        "Net Income": -4
    },
    "2019-12-31": {
        "Diluted EPS": -1.06,
        "Total Revenue": NaN,
        "Gross Profit": NaN,
        "Operating Income": -6,
        "EBIT": -6,
        "Net Income": -4
    },
    "2019-09-30": {
        "Diluted EPS": -1.1,
        "Total Revenue": NaN,
        "Gross Profit": NaN,
        "Operating Income": -6,
        "EBIT": -6,
        "Net Income": -6
    },
    "2019-06-30": {
        "Diluted EPS": -0.75,
        "Total Revenue": NaN,
        "Gross Profit": NaN,
        "Operating Income": -4,
        "EBIT": -4,
        "Net Income": -4
    },
    "2019-03-31": {
        "Diluted EPS": 1.47,
        "Total Revenue": NaN,
        "Gross Profit": NaN,
        "Operating Income": -5,
        "EBIT": -5,
        "Net Income": 7
    },
    "2018-12-31": {
        "Diluted EPS": -0.53,
        "Total Revenue": NaN,
        "Gross Profit": NaN,
        "Operating Income": -2,
        "EBIT": -2,
        "Net Income": -2
    },
    "2018-09-30": {
        "Diluted EPS": -0.21,
        "Total Revenue": NaN,
        "Gross Profit": NaN,
        "Operating Income": -1,
        "EBIT": -1,
        "Net Income": -1
    },
    "2018-06-30": {
        "Diluted EPS": -0.17,
        "Total Revenue": NaN,
        "Gross Profit": NaN,
        "Operating Income": -1,
        "EBIT": -1,
        "Net Income": -1
    },
    "2018-03-31": {
        "Diluted EPS": -0.24,
        "Total Revenue": NaN,
        "Gross Profit": NaN,
        "Operating Income": -1,
        "EBIT": -1,
        "Net Income": -1
    },
    "2017-12-31": {
        "Diluted EPS": -8.8,
        "Total Revenue": NaN,
        "Gross Profit": NaN,
        "Operating Income": -16,
        "EBIT": -16,
        "Net Income": -14
    },
    "2017-09-30": {
        "Diluted EPS": -7.4,
        "Total Revenue": NaN,
        "Gross Profit": NaN,
        "Operating Income": -11,
        "EBIT": -11,
        "Net Income": -11
    },
    "2017-06-30": {
        "Diluted EPS": -8.8,
        "Total Revenue": NaN,
        "Gross Profit": NaN,
        "Operating Income": -13,
        "EBIT": -13,
        "Net Income": -14
    },
    "2017-03-31": {
        "Diluted EPS": -8.4,
        "Total Revenue": NaN,
        "Gross Profit": NaN,
        "Operating Income": -12,
        "EBIT": -12,
        "Net Income": -12
    },
    "2016-12-31": {
        "Diluted EPS": -6.4,
        "Total Revenue": NaN,
        "Gross Profit": NaN,
        "Operating Income": -11,
        "EBIT": -11,
        "Net Income": -10
    },
    "2016-09-30": {
        "Diluted EPS": -7.4,
        "Total Revenue": NaN,
        "Gross Profit": NaN,
        "Operating Income": -10,
        "EBIT": -10,
        "Net Income": -11
    },
    "2016-06-30": {
        "Diluted EPS": -6.6,
        "Total Revenue": NaN,
        "Gross Profit": NaN,
        "Operating Income": -9,
        "EBIT": -9,
        "Net Income": -9
    },
    "2016-03-31": {
        "Diluted EPS": -6.4,
        "Total Revenue": NaN,
        "Gross Profit": NaN,
        "Operating Income": -9,
        "EBIT": -9,
        "Net Income": -9
    },
    "2015-12-31": {
        "Diluted EPS": 208.4,
        "Total Revenue": NaN,
        "Gross Profit": NaN,
        "Operating Income": -9,
        "EBIT": -9,
        "Net Income": -8
    },
    "2015-09-30": {
        "Diluted EPS": -141.6,
        "Total Revenue": NaN,
        "Gross Profit": NaN,
        "Operating Income": -8,
        "EBIT": -8,
        "Net Income": -12
    },
    "2015-06-30": {
        "Diluted EPS": -86.0,
        "Total Revenue": NaN,
        "Gross Profit": NaN,
        "Operating Income": -5,
        "EBIT": -5,
        "Net Income": -7
    },
    "2015-03-31": {
        "Diluted EPS": -61.0,
        "Total Revenue": NaN,
        "Gross Profit": NaN,
        "Operating Income": -4,
        "EBIT": -4,
        "Net Income": -5
    },
    "2014-12-31": {
        "Diluted EPS": 0.0,
        "Total Revenue": NaN,
        "Gross Profit": NaN,
        "Operating Income": NaN,
        "EBIT": NaN,
        "Net Income": NaN
    },
    "2014-09-30": {
        "Diluted EPS": -46.0,
        "Total Revenue": NaN,
        "Gross Profit": NaN,
        "Operating Income": -4,
        "EBIT": -4,
        "Net Income": -4
    },
    "2013-12-31": {
        "Diluted EPS": 0.0,
        "Total Revenue": NaN,
        "Gross Profit": NaN,
        "Operating Income": NaN,
        "EBIT": NaN,
        "Net Income": NaN
    },
    "2023-06-30": {
        "Tax Effect Of Unusual Items": NaN,
        "Tax Rate For Calcs": NaN,
        "Normalized EBITDA": NaN,
        "Net Income From Continuing Operation Net Minority Interest": NaN,
        "Reconciled Depreciation": NaN,
        "EBITDA": NaN,
        "EBIT": NaN,
        "Net Interest Income": NaN,
        "Interest Expense": NaN,
        "Interest Income": NaN,
        "Normalized Income": NaN,
        "Net Income From Continuing And Discontinued Operation": NaN,
        "Total Expenses": NaN,
        "Total Operating Income As Reported": NaN,
        "Diluted Average Shares": 30802498.0,
        "Basic Average Shares": 30802498.0,
        "Diluted EPS": -0.37,
        "Basic EPS": -0.37,
        "Diluted NI Availto Com Stockholders": NaN,
        "Net Income Common Stockholders": NaN,
        "Net Income": NaN,
        "Net Income Including Noncontrolling Interests": NaN,
        "Net Income Continuous Operations": NaN,
        "Tax Provision": -1406021.0,
        "Pretax Income": NaN,
        "Net Non Operating Interest Income Expense": NaN,
        "Interest Expense Non Operating": NaN,
        "Interest Income Non Operating": NaN,
        "Operating Income": NaN,
        "Operating Expense": NaN,
        "Research And Development": NaN,
        "Selling General And Administration": NaN,
        "General And Administrative Expense": NaN,
        "Other Gand A": NaN,
        "Total Revenue": NaN,
        "Operating Revenue": NaN
    },
    "2023-09-30": {
        "Tax Effect Of Unusual Items": 0.0,
        "Tax Rate For Calcs": 0.0,
        "Normalized EBITDA": -9775549.0,
        "Net Income From Continuing Operation Net Minority Interest": -10849169.0,
        "Reconciled Depreciation": 4733.0,
        "EBITDA": -9775549.0,
        "EBIT": -9780282.0,
        "Net Interest Income": -329483.0,
        "Interest Expense": 1068887.0,
        "Interest Income": 739404.0,
        "Normalized Income": -10849169.0,
        "Net Income From Continuing And Discontinued Operation": -10849169.0,
        "Total Expenses": 10519686.0,
        "Total Operating Income As Reported": -10519686.0,
        "Diluted Average Shares": 30910520.0,
        "Basic Average Shares": 30910520.0,
        "Diluted EPS": -0.35,
        "Basic EPS": -0.35,
        "Diluted NI Availto Com Stockholders": -10849169.0,
        "Net Income Common Stockholders": -10849169.0,
        "Net Income": -10849169.0,
        "Net Income Including Noncontrolling Interests": -10849169.0,
        "Net Income Continuous Operations": -10849169.0,
        "Tax Provision": 0.0,
        "Pretax Income": -10849169.0,
        "Net Non Operating Interest Income Expense": -329483.0,
        "Interest Expense Non Operating": 1068887.0,
        "Interest Income Non Operating": 739404.0,
        "Operating Income": -10519686.0,
        "Operating Expense": 10519686.0,
        "Research And Development": 6448528.0,
        "Selling General And Administration": 4071158.0,
        "General And Administrative Expense": 4071158.0,
        "Other Gand A": 4071158.0,
        "Total Revenue": 0.0,
        "Operating Revenue": 0.0
    },
    "2023-12-31": {
        "Tax Effect Of Unusual Items": 0.0,
        "Tax Rate For Calcs": 0.21,
        "Normalized EBITDA": -9718686.0,
        "Net Income From Continuing Operation Net Minority Interest": -10898216.0,
        "Reconciled Depreciation": 4735.0,
        "EBITDA": -9718686.0,
        "EBIT": -9723421.0,
        "Net Interest Income": -491253.0,
        "Interest Expense": 1174793.0,
        "Interest Income": 683540.0,
        "Normalized Income": -10898216.0,
        "Net Income From Continuing And Discontinued Operation": -10898216.0,
        "Total Expenses": 10406961.0,
        "Total Operating Income As Reported": -10406961.0,
        "Diluted Average Shares": NaN,
        "Basic Average Shares": NaN,
        "Diluted EPS": NaN,
        "Basic EPS": NaN,
        "Diluted NI Availto Com Stockholders": -10898216.0,
        "Net Income Common Stockholders": -10898216.0,
        "Net Income": -10898216.0,
        "Net Income Including Noncontrolling Interests": -10898216.0,
        "Net Income Continuous Operations": -10898216.0,
        "Tax Provision": 2.0,
        "Pretax Income": -10898214.0,
        "Net Non Operating Interest Income Expense": -491253.0,
        "Interest Expense Non Operating": 1174793.0,
        "Interest Income Non Operating": 683540.0,
        "Operating Income": -10406961.0,
        "Operating Expense": 10406961.0,
        "Research And Development": 7465718.0,
        "Selling General And Administration": 2941243.0,
        "General And Administrative Expense": 2941243.0,
        "Other Gand A": 2941243.0,
        "Total Revenue": 0.0,
        "Operating Revenue": 0.0
    },
    "2024-03-31": {
        "Tax Effect Of Unusual Items": 0.0,
        "Tax Rate For Calcs": 0.0,
        "Normalized EBITDA": -9423997.0,
        "Net Income From Continuing Operation Net Minority Interest": -10603477.0,
        "Reconciled Depreciation": 4735.0,
        "EBITDA": -9423997.0,
        "EBIT": -9428732.0,
        "Net Interest Income": -505850.0,
        "Interest Expense": 1174745.0,
        "Interest Income": 668895.0,
        "Normalized Income": -10603477.0,
        "Net Income From Continuing And Discontinued Operation": -10603477.0,
        "Total Expenses": 10097627.0,
        "Total Operating Income As Reported": -10097627.0,
        "Diluted Average Shares": 34815870.0,
        "Basic Average Shares": 34815870.0,
        "Diluted EPS": -0.3,
        "Basic EPS": -0.3,
        "Diluted NI Availto Com Stockholders": -10603477.0,
        "Net Income Common Stockholders": -10603477.0,
        "Net Income": -10603477.0,
        "Net Income Including Noncontrolling Interests": -10603477.0,
        "Net Income Continuous Operations": -10603477.0,
        "Tax Provision": NaN,
        "Pretax Income": -10603477.0,
        "Net Non Operating Interest Income Expense": -505850.0,
        "Interest Expense Non Operating": 1174745.0,
        "Interest Income Non Operating": 668895.0,
        "Operating Income": -10097627.0,
        "Operating Expense": 10097627.0,
        "Research And Development": 6704164.0,
        "Selling General And Administration": 3393463.0,
        "General And Administrative Expense": 3393463.0,
        "Other Gand A": 3393463.0,
        "Total Revenue": 0.0,
        "Operating Revenue": 0.0
    },
    "2024-06-30": {
        "Tax Effect Of Unusual Items": 0.0,
        "Tax Rate For Calcs": 0.094505,
        "Normalized EBITDA": -8003636.0,
        "Net Income From Continuing Operation Net Minority Interest": -8327897.0,
        "Reconciled Depreciation": 5459.0,
        "EBITDA": -8003636.0,
        "EBIT": -8009095.0,
        "Net Interest Income": -512762.0,
        "Interest Expense": 1187971.0,
        "Interest Income": 675209.0,
        "Normalized Income": -8327897.0,
        "Net Income From Continuing And Discontinued Operation": -8327897.0,
        "Total Expenses": 8684304.0,
        "Total Operating Income As Reported": -8684304.0,
        "Diluted Average Shares": 36693561.0,
        "Basic Average Shares": 36693561.0,
        "Diluted EPS": -0.23,
        "Basic EPS": -0.23,
        "Diluted NI Availto Com Stockholders": -8327897.0,
        "Net Income Common Stockholders": -8327897.0,
        "Net Income": -8327897.0,
        "Net Income Including Noncontrolling Interests": -8327897.0,
        "Net Income Continuous Operations": -8327897.0,
        "Tax Provision": -869169.0,
        "Pretax Income": -9197066.0,
        "Net Non Operating Interest Income Expense": -512762.0,
        "Interest Expense Non Operating": 1187971.0,
        "Interest Income Non Operating": 675209.0,
        "Operating Income": -8684304.0,
        "Operating Expense": 8684304.0,
        "Research And Development": 4527698.0,
        "Selling General And Administration": 4156606.0,
        "General And Administrative Expense": 4156606.0,
        "Other Gand A": 4156606.0,
        "Total Revenue": 0.0,
        "Operating Revenue": 0.0
    },
    "2024-09-30": {
        "Tax Effect Of Unusual Items": 0.0,
        "Tax Rate For Calcs": 0.0,
        "Normalized EBITDA": -9506464.0,
        "Net Income From Continuing Operation Net Minority Interest": -10726658.0,
        "Reconciled Depreciation": 5460.0,
        "EBITDA": -9506464.0,
        "EBIT": -9511924.0,
        "Net Interest Income": -547964.0,
        "Interest Expense": 1214734.0,
        "Interest Income": 666770.0,
        "Normalized Income": -10726658.0,
        "Net Income From Continuing And Discontinued Operation": -10726658.0,
        "Total Expenses": 10178694.0,
        "Total Operating Income As Reported": -10178694.0,
        "Diluted Average Shares": 36806592.0,
        "Basic Average Shares": 36806592.0,
        "Diluted EPS": -0.29,
        "Basic EPS": -0.29,
        "Diluted NI Availto Com Stockholders": -10726658.0,
        "Net Income Common Stockholders": -10726658.0,
        "Net Income": -10726658.0,
        "Net Income Including Noncontrolling Interests": -10726658.0,
        "Net Income Continuous Operations": -10726658.0,
        "Tax Provision": 0.0,
        "Pretax Income": -10726658.0,
        "Net Non Operating Interest Income Expense": -547964.0,
        "Interest Expense Non Operating": 1214734.0,
        "Interest Income Non Operating": 666770.0,
        "Operating Income": -10178694.0,
        "Operating Expense": 10178694.0,
        "Research And Development": 6803900.0,
        "Selling General And Administration": 3374794.0,
        "General And Administrative Expense": 3374794.0,
        "Other Gand A": 3374794.0,
        "Total Revenue": 0.0,
        "Operating Revenue": 0.0
    }
}