{
    "2023-12-31": {
        "Tax Effect Of Unusual Items": -4526550.0,
        "Tax Rate For Calcs": 0.21,
        "Normalized EBITDA": 6775000.0,
        "Total Unusual Items": -21555000.0,
        "Total Unusual Items Excluding Goodwill": -21555000.0,
        "Net Income From Continuing Operation Net Minority Interest": -36476000.0,
        "Reconciled Depreciation": 657000.0,
        "Reconciled Cost Of Revenue": 797000.0,
        "EBITDA": -14780000.0,
        "EBIT": -15437000.0,
        "Net Interest Income": 515000.0,
        "Interest Income": 515000.0,
        "Normalized Income": -19447550.0,
        "Net Income From Continuing And Discontinued Operation": -36476000.0,
        "Total Expenses": 16183000.0,
        "Total Operating Income As Reported": -37055000.0,
        "Diluted Average Shares": NaN,
        "Basic Average Shares": NaN,
        "Diluted EPS": NaN,
        "Basic EPS": NaN,
        "Diluted NI Availto Com Stockholders": -36476000.0,
        "Net Income Common Stockholders": -36476000.0,
        "Net Income": -36476000.0,
        "Net Income Including Noncontrolling Interests": -36476000.0,
        "Net Income Continuous Operations": -36476000.0,
        "Tax Provision": 4000.0,
        "Pretax Income": -36472000.0,
        "Other Income Expense": -21550000.0,
        "Other Non Operating Income Expenses": 5000.0,
        "Special Income Charges": -21618000.0,
        "Write Off": -4982000.0,
        "Restructuring And Mergern Acquisition": NaN,
        "Gain On Sale Of Security": 63000.0,
        "Net Non Operating Interest Income Expense": 515000.0,
        "Interest Income Non Operating": 515000.0,
        "Operating Income": -15437000.0,
        "Operating Expense": 15093000.0,
        "Depreciation Amortization Depletion Income Statement": 364000.0,
        "Depreciation And Amortization In Income Statement": 364000.0,
        "Amortization": 364000.0,
        "Amortization Of Intangibles Income Statement": 364000.0,
        "Research And Development": 7892000.0,
        "Selling General And Administration": 6837000.0,
        "Selling And Marketing Expense": 927000.0,
        "General And Administrative Expense": 5910000.0,
        "Other Gand A": 5910000.0,
        "Gross Profit": -344000.0,
        "Cost Of Revenue": 1090000.0,
        "Total Revenue": 746000.0,
        "Operating Revenue": 746000.0
    },
    "2023-09-30": {
        "Tax Effect Of Unusual Items": 0.0,
        "Tax Rate For Calcs": 0.0,
        "Normalized EBITDA": -7169000.0,
        "Total Unusual Items": -11126000.0,
        "Total Unusual Items Excluding Goodwill": -11126000.0,
        "Net Income From Continuing Operation Net Minority Interest": -28981000.0,
        "Reconciled Depreciation": 1237000.0,
        "Reconciled Cost Of Revenue": 804000.0,
        "EBITDA": -18295000.0,
        "EBIT": -19532000.0,
        "Net Interest Income": 806000.0,
        "Interest Income": 806000.0,
        "Normalized Income": -17855000.0,
        "Net Income From Continuing And Discontinued Operation": -28981000.0,
        "Total Expenses": 21359000.0,
        "Total Operating Income As Reported": -30754000.0,
        "Diluted Average Shares": 25706023.0,
        "Basic Average Shares": 25706023.0,
        "Diluted EPS": -1.13,
        "Basic EPS": -1.13,
        "Diluted NI Availto Com Stockholders": -28981000.0,
        "Net Income Common Stockholders": -28981000.0,
        "Net Income": -28981000.0,
        "Net Income Including Noncontrolling Interests": -28981000.0,
        "Net Income Continuous Operations": -28981000.0,
        "Tax Provision": 0.0,
        "Pretax Income": -28981000.0,
        "Other Income Expense": -10255000.0,
        "Other Non Operating Income Expenses": 871000.0,
        "Special Income Charges": -11222000.0,
        "Write Off": 11222000.0,
        "Restructuring And Mergern Acquisition": 11222000.0,
        "Gain On Sale Of Security": 96000.0,
        "Net Non Operating Interest Income Expense": 806000.0,
        "Interest Income Non Operating": 806000.0,
        "Operating Income": -19532000.0,
        "Operating Expense": 20137000.0,
        "Depreciation Amortization Depletion Income Statement": 819000.0,
        "Depreciation And Amortization In Income Statement": 819000.0,
        "Amortization": 819000.0,
        "Amortization Of Intangibles Income Statement": 819000.0,
        "Research And Development": 10011000.0,
        "Selling General And Administration": 9307000.0,
        "Selling And Marketing Expense": 1750000.0,
        "General And Administrative Expense": 7557000.0,
        "Other Gand A": 7557000.0,
        "Gross Profit": 605000.0,
        "Cost Of Revenue": 1222000.0,
        "Total Revenue": 1827000.0,
        "Operating Revenue": 1827000.0
    },
    "2023-06-30": {
        "Tax Effect Of Unusual Items": -980070.0,
        "Tax Rate For Calcs": 0.21,
        "Normalized EBITDA": -18949000.0,
        "Total Unusual Items": -4667000.0,
        "Total Unusual Items Excluding Goodwill": -4667000.0,
        "Net Income From Continuing Operation Net Minority Interest": -28660000.0,
        "Reconciled Depreciation": 1237000.0,
        "Reconciled Cost Of Revenue": 525000.0,
        "EBITDA": -23616000.0,
        "EBIT": -24853000.0,
        "Net Interest Income": 874000.0,
        "Interest Income": 874000.0,
        "Normalized Income": -24973070.0,
        "Net Income From Continuing And Discontinued Operation": -28660000.0,
        "Total Expenses": 26130000.0,
        "Total Operating Income As Reported": -29959000.0,
        "Diluted Average Shares": 25512057.0,
        "Basic Average Shares": 25512057.0,
        "Diluted EPS": -1.12,
        "Basic EPS": -1.12,
        "Diluted NI Availto Com Stockholders": -28660000.0,
        "Net Income Common Stockholders": -28660000.0,
        "Net Income": -28660000.0,
        "Net Income Including Noncontrolling Interests": -28660000.0,
        "Net Income Continuous Operations": -28660000.0,
        "Tax Provision": 3000.0,
        "Pretax Income": -28657000.0,
        "Other Income Expense": -4678000.0,
        "Other Non Operating Income Expenses": -11000.0,
        "Special Income Charges": -5106000.0,
        "Write Off": 5106000.0,
        "Restructuring And Mergern Acquisition": 5106000.0,
        "Gain On Sale Of Security": 439000.0,
        "Net Non Operating Interest Income Expense": 874000.0,
        "Interest Income Non Operating": 874000.0,
        "Operating Income": -24853000.0,
        "Operating Expense": 25187000.0,
        "Depreciation Amortization Depletion Income Statement": 819000.0,
        "Depreciation And Amortization In Income Statement": 819000.0,
        "Amortization": 819000.0,
        "Amortization Of Intangibles Income Statement": 819000.0,
        "Research And Development": 11706000.0,
        "Selling General And Administration": 12662000.0,
        "Selling And Marketing Expense": 4410000.0,
        "General And Administrative Expense": 8252000.0,
        "Other Gand A": 8252000.0,
        "Gross Profit": 334000.0,
        "Cost Of Revenue": 943000.0,
        "Total Revenue": 1277000.0,
        "Operating Revenue": 1277000.0
    },
    "2023-03-31": {
        "Tax Effect Of Unusual Items": NaN,
        "Tax Rate For Calcs": NaN,
        "Normalized EBITDA": NaN,
        "Total Unusual Items": NaN,
        "Total Unusual Items Excluding Goodwill": NaN,
        "Net Income From Continuing Operation Net Minority Interest": NaN,
        "Reconciled Depreciation": NaN,
        "Reconciled Cost Of Revenue": NaN,
        "EBITDA": NaN,
        "EBIT": NaN,
        "Net Interest Income": NaN,
        "Interest Income": NaN,
        "Normalized Income": NaN,
        "Net Income From Continuing And Discontinued Operation": NaN,
        "Total Expenses": NaN,
        "Total Operating Income As Reported": NaN,
        "Diluted Average Shares": 25471288.0,
        "Basic Average Shares": 25471288.0,
        "Diluted EPS": -0.84,
        "Basic EPS": -0.84,
        "Diluted NI Availto Com Stockholders": NaN,
        "Net Income Common Stockholders": NaN,
        "Net Income": NaN,
        "Net Income Including Noncontrolling Interests": NaN,
        "Net Income Continuous Operations": NaN,
        "Tax Provision": NaN,
        "Pretax Income": NaN,
        "Other Income Expense": NaN,
        "Other Non Operating Income Expenses": 1049000.0,
        "Special Income Charges": NaN,
        "Write Off": NaN,
        "Restructuring And Mergern Acquisition": NaN,
        "Gain On Sale Of Security": NaN,
        "Net Non Operating Interest Income Expense": NaN,
        "Interest Income Non Operating": NaN,
        "Operating Income": NaN,
        "Operating Expense": NaN,
        "Depreciation Amortization Depletion Income Statement": NaN,
        "Depreciation And Amortization In Income Statement": NaN,
        "Amortization": NaN,
        "Amortization Of Intangibles Income Statement": NaN,
        "Research And Development": NaN,
        "Selling General And Administration": NaN,
        "Selling And Marketing Expense": NaN,
        "General And Administrative Expense": NaN,
        "Other Gand A": NaN,
        "Gross Profit": NaN,
        "Cost Of Revenue": NaN,
        "Total Revenue": NaN,
        "Operating Revenue": NaN
    },
    "2024-03-31": {
        "Tax Effect Of Unusual Items": 0.0,
        "Tax Rate For Calcs": 0.0,
        "Normalized EBITDA": -6738000.0,
        "Total Unusual Items": -331000.0,
        "Total Unusual Items Excluding Goodwill": -331000.0,
        "Net Income From Continuing Operation Net Minority Interest": -7229000.0,
        "Reconciled Depreciation": 201000.0,
        "Reconciled Cost Of Revenue": 1685000.0,
        "EBITDA": -7069000.0,
        "EBIT": -7270000.0,
        "Net Interest Income": 372000.0,
        "Interest Income": 372000.0,
        "Normalized Income": -6898000.0,
        "Net Income From Continuing And Discontinued Operation": -7229000.0,
        "Total Expenses": 10711000.0,
        "Total Operating Income As Reported": -7353000.0,
        "Diluted Average Shares": 25879043.0,
        "Basic Average Shares": 25879043.0,
        "Diluted EPS": -0.28,
        "Basic EPS": -0.28,
        "Diluted NI Availto Com Stockholders": -7229000.0,
        "Net Income Common Stockholders": -7229000.0,
        "Net Income": -7229000.0,
        "Net Income Including Noncontrolling Interests": -7229000.0,
        "Net Income Continuous Operations": -7229000.0,
        "Tax Provision": 0.0,
        "Pretax Income": -7229000.0,
        "Other Income Expense": -331000.0,
        "Other Non Operating Income Expenses": NaN,
        "Special Income Charges": -83000.0,
        "Write Off": 83000.0,
        "Restructuring And Mergern Acquisition": NaN,
        "Gain On Sale Of Security": -248000.0,
        "Net Non Operating Interest Income Expense": 372000.0,
        "Interest Income Non Operating": 372000.0,
        "Operating Income": -7270000.0,
        "Operating Expense": 8825000.0,
        "Depreciation Amortization Depletion Income Statement": 0.0,
        "Depreciation And Amortization In Income Statement": 0.0,
        "Amortization": 0.0,
        "Amortization Of Intangibles Income Statement": 0.0,
        "Research And Development": 2895000.0,
        "Selling General And Administration": 5930000.0,
        "Selling And Marketing Expense": 805000.0,
        "General And Administrative Expense": 5125000.0,
        "Other Gand A": 5125000.0,
        "Gross Profit": 1555000.0,
        "Cost Of Revenue": 1886000.0,
        "Total Revenue": 3441000.0,
        "Operating Revenue": 3441000.0
    },
    "2022-12-31": {
        "Tax Effect Of Unusual Items": NaN,
        "Tax Rate For Calcs": NaN,
        "Normalized EBITDA": NaN,
        "Total Unusual Items": NaN,
        "Total Unusual Items Excluding Goodwill": NaN,
        "Net Income From Continuing Operation Net Minority Interest": NaN,
        "Reconciled Depreciation": NaN,
        "Reconciled Cost Of Revenue": NaN,
        "EBITDA": NaN,
        "EBIT": NaN,
        "Net Interest Income": NaN,
        "Interest Income": NaN,
        "Normalized Income": NaN,
        "Net Income From Continuing And Discontinued Operation": NaN,
        "Total Expenses": NaN,
        "Total Operating Income As Reported": NaN,
        "Diluted Average Shares": NaN,
        "Basic Average Shares": NaN,
        "Diluted EPS": NaN,
        "Basic EPS": NaN,
        "Diluted NI Availto Com Stockholders": NaN,
        "Net Income Common Stockholders": NaN,
        "Net Income": NaN,
        "Net Income Including Noncontrolling Interests": NaN,
        "Net Income Continuous Operations": NaN,
        "Tax Provision": NaN,
        "Pretax Income": NaN,
        "Other Income Expense": NaN,
        "Other Non Operating Income Expenses": NaN,
        "Special Income Charges": NaN,
        "Write Off": NaN,
        "Restructuring And Mergern Acquisition": NaN,
        "Gain On Sale Of Security": NaN,
        "Net Non Operating Interest Income Expense": NaN,
        "Total Other Finance Cost": -866000.0,
        "Interest Income Non Operating": NaN,
        "Operating Income": NaN,
        "Operating Expense": NaN,
        "Depreciation Amortization Depletion Income Statement": NaN,
        "Depreciation And Amortization In Income Statement": NaN,
        "Amortization": NaN,
        "Amortization Of Intangibles Income Statement": NaN,
        "Research And Development": NaN,
        "Selling General And Administration": NaN,
        "Selling And Marketing Expense": NaN,
        "General And Administrative Expense": NaN,
        "Other Gand A": NaN,
        "Gross Profit": NaN,
        "Cost Of Revenue": NaN,
        "Total Revenue": NaN,
        "Operating Revenue": NaN
    },
    "2022-09-30": {
        "Tax Effect Of Unusual Items": NaN,
        "Tax Rate For Calcs": NaN,
        "Normalized EBITDA": NaN,
        "Total Unusual Items": NaN,
        "Total Unusual Items Excluding Goodwill": NaN,
        "Net Income From Continuing Operation Net Minority Interest": NaN,
        "Reconciled Depreciation": NaN,
        "Reconciled Cost Of Revenue": NaN,
        "EBITDA": NaN,
        "EBIT": NaN,
        "Net Interest Income": NaN,
        "Interest Income": NaN,
        "Normalized Income": NaN,
        "Net Income From Continuing And Discontinued Operation": NaN,
        "Total Expenses": NaN,
        "Total Operating Income As Reported": NaN,
        "Diluted Average Shares": NaN,
        "Basic Average Shares": NaN,
        "Diluted EPS": NaN,
        "Basic EPS": NaN,
        "Diluted NI Availto Com Stockholders": NaN,
        "Net Income Common Stockholders": NaN,
        "Net Income": NaN,
        "Net Income Including Noncontrolling Interests": NaN,
        "Net Income Continuous Operations": NaN,
        "Tax Provision": NaN,
        "Pretax Income": NaN,
        "Other Income Expense": NaN,
        "Other Non Operating Income Expenses": NaN,
        "Special Income Charges": NaN,
        "Write Off": NaN,
        "Restructuring And Mergern Acquisition": 0.0,
        "Gain On Sale Of Security": NaN,
        "Net Non Operating Interest Income Expense": NaN,
        "Total Other Finance Cost": -806000.0,
        "Interest Income Non Operating": NaN,
        "Operating Income": NaN,
        "Operating Expense": NaN,
        "Depreciation Amortization Depletion Income Statement": NaN,
        "Depreciation And Amortization In Income Statement": NaN,
        "Amortization": NaN,
        "Amortization Of Intangibles Income Statement": NaN,
        "Research And Development": NaN,
        "Selling General And Administration": NaN,
        "Selling And Marketing Expense": NaN,
        "General And Administrative Expense": NaN,
        "Other Gand A": NaN,
        "Gross Profit": NaN,
        "Cost Of Revenue": NaN,
        "Total Revenue": NaN,
        "Operating Revenue": NaN
    },
    "2024-06-30": {
        "Tax Effect Of Unusual Items": 0.0,
        "Tax Rate For Calcs": 0.0,
        "Normalized EBITDA": -5876000.0,
        "Total Unusual Items": 204000.0,
        "Total Unusual Items Excluding Goodwill": 204000.0,
        "Net Income From Continuing Operation Net Minority Interest": -5323000.0,
        "Reconciled Depreciation": 203000.0,
        "Reconciled Cost Of Revenue": 366000.0,
        "EBITDA": -5672000.0,
        "EBIT": -5875000.0,
        "Net Interest Income": 346000.0,
        "Interest Income": 346000.0,
        "Normalized Income": -5527000.0,
        "Net Income From Continuing And Discontinued Operation": -5323000.0,
        "Total Expenses": 8588000.0,
        "Total Operating Income As Reported": -5787000.0,
        "Diluted Average Shares": 26622924.0,
        "Basic Average Shares": 26622924.0,
        "Diluted EPS": -0.2,
        "Basic EPS": -0.2,
        "Diluted NI Availto Com Stockholders": -5323000.0,
        "Net Income Common Stockholders": -5323000.0,
        "Net Income": -5323000.0,
        "Net Income Including Noncontrolling Interests": -5323000.0,
        "Net Income Continuous Operations": -5323000.0,
        "Tax Provision": 0.0,
        "Pretax Income": -5323000.0,
        "Other Income Expense": 206000.0,
        "Other Non Operating Income Expenses": 2000.0,
        "Special Income Charges": 88000.0,
        "Write Off": -88000.0,
        "Restructuring And Mergern Acquisition": NaN,
        "Gain On Sale Of Security": 116000.0,
        "Net Non Operating Interest Income Expense": 346000.0,
        "Interest Income Non Operating": 346000.0,
        "Operating Income": -5875000.0,
        "Operating Expense": 8019000.0,
        "Depreciation Amortization Depletion Income Statement": 0.0,
        "Depreciation And Amortization In Income Statement": 0.0,
        "Amortization": 0.0,
        "Amortization Of Intangibles Income Statement": 0.0,
        "Research And Development": 2348000.0,
        "Selling General And Administration": 5671000.0,
        "Selling And Marketing Expense": 1380000.0,
        "General And Administrative Expense": 4291000.0,
        "Other Gand A": 4291000.0,
        "Gross Profit": 2144000.0,
        "Cost Of Revenue": 569000.0,
        "Total Revenue": 2713000.0,
        "Operating Revenue": 2713000.0
    }
}