{
    "2023-03-31": {
        "Tax Effect Of Unusual Items": NaN,
        "Tax Rate For Calcs": NaN,
        "Normalized EBITDA": NaN,
        "Total Unusual Items": NaN,
        "Total Unusual Items Excluding Goodwill": NaN,
        "Net Income From Continuing Operation Net Minority Interest": NaN,
        "Reconciled Depreciation": NaN,
        "Reconciled Cost Of Revenue": NaN,
        "EBITDA": NaN,
        "EBIT": NaN,
        "Net Interest Income": NaN,
        "Interest Expense": NaN,
        "Interest Income": NaN,
        "Normalized Income": NaN,
        "Net Income From Continuing And Discontinued Operation": NaN,
        "Total Expenses": NaN,
        "Total Operating Income As Reported": NaN,
        "Diluted Average Shares": NaN,
        "Basic Average Shares": NaN,
        "Diluted EPS": NaN,
        "Basic EPS": NaN,
        "Diluted NI Availto Com Stockholders": NaN,
        "Net Income Common Stockholders": NaN,
        "Net Income": NaN,
        "Net Income Including Noncontrolling Interests": NaN,
        "Net Income Continuous Operations": NaN,
        "Tax Provision": NaN,
        "Pretax Income": NaN,
        "Other Income Expense": NaN,
        "Other Non Operating Income Expenses": NaN,
        "Special Income Charges": NaN,
        "Gain On Sale Of Ppe": 0.0,
        "Other Special Charges": -15000000.0,
        "Earnings From Equity Interest": NaN,
        "Gain On Sale Of Security": NaN,
        "Net Non Operating Interest Income Expense": NaN,
        "Interest Expense Non Operating": NaN,
        "Interest Income Non Operating": NaN,
        "Operating Income": NaN,
        "Operating Expense": NaN,
        "Other Taxes": NaN,
        "Depreciation Amortization Depletion Income Statement": NaN,
        "Depreciation And Amortization In Income Statement": NaN,
        "Selling General And Administration": -28000000.0,
        "General And Administrative Expense": -28000000.0,
        "Salaries And Wages": -28000000.0,
        "Gross Profit": NaN,
        "Cost Of Revenue": NaN,
        "Total Revenue": NaN,
        "Operating Revenue": NaN
    },
    "2022-12-31": {
        "Tax Effect Of Unusual Items": NaN,
        "Tax Rate For Calcs": NaN,
        "Normalized EBITDA": NaN,
        "Total Unusual Items": NaN,
        "Total Unusual Items Excluding Goodwill": NaN,
        "Net Income From Continuing Operation Net Minority Interest": NaN,
        "Reconciled Depreciation": NaN,
        "Reconciled Cost Of Revenue": NaN,
        "EBITDA": NaN,
        "EBIT": NaN,
        "Net Interest Income": NaN,
        "Interest Expense": NaN,
        "Interest Income": NaN,
        "Normalized Income": NaN,
        "Net Income From Continuing And Discontinued Operation": NaN,
        "Total Expenses": NaN,
        "Total Operating Income As Reported": NaN,
        "Diluted Average Shares": NaN,
        "Basic Average Shares": NaN,
        "Diluted EPS": NaN,
        "Basic EPS": NaN,
        "Diluted NI Availto Com Stockholders": NaN,
        "Net Income Common Stockholders": NaN,
        "Net Income": NaN,
        "Net Income Including Noncontrolling Interests": NaN,
        "Net Income Continuous Operations": NaN,
        "Tax Provision": NaN,
        "Pretax Income": NaN,
        "Other Income Expense": NaN,
        "Other Non Operating Income Expenses": NaN,
        "Special Income Charges": NaN,
        "Gain On Sale Of Ppe": -33000000.0,
        "Other Special Charges": NaN,
        "Earnings From Equity Interest": NaN,
        "Gain On Sale Of Security": NaN,
        "Net Non Operating Interest Income Expense": NaN,
        "Interest Expense Non Operating": NaN,
        "Interest Income Non Operating": NaN,
        "Operating Income": NaN,
        "Operating Expense": NaN,
        "Other Taxes": 0.0,
        "Depreciation Amortization Depletion Income Statement": NaN,
        "Depreciation And Amortization In Income Statement": NaN,
        "Selling General And Administration": NaN,
        "General And Administrative Expense": NaN,
        "Salaries And Wages": NaN,
        "Gross Profit": NaN,
        "Cost Of Revenue": NaN,
        "Total Revenue": NaN,
        "Operating Revenue": NaN
    },
    "2022-09-30": {
        "Tax Effect Of Unusual Items": NaN,
        "Tax Rate For Calcs": NaN,
        "Normalized EBITDA": NaN,
        "Total Unusual Items": NaN,
        "Total Unusual Items Excluding Goodwill": NaN,
        "Net Income From Continuing Operation Net Minority Interest": NaN,
        "Reconciled Depreciation": NaN,
        "Reconciled Cost Of Revenue": NaN,
        "EBITDA": NaN,
        "EBIT": NaN,
        "Net Interest Income": NaN,
        "Interest Expense": NaN,
        "Interest Income": NaN,
        "Normalized Income": NaN,
        "Net Income From Continuing And Discontinued Operation": NaN,
        "Total Expenses": NaN,
        "Total Operating Income As Reported": NaN,
        "Diluted Average Shares": NaN,
        "Basic Average Shares": NaN,
        "Diluted EPS": NaN,
        "Basic EPS": NaN,
        "Diluted NI Availto Com Stockholders": NaN,
        "Net Income Common Stockholders": NaN,
        "Net Income": NaN,
        "Net Income Including Noncontrolling Interests": NaN,
        "Net Income Continuous Operations": NaN,
        "Tax Provision": NaN,
        "Pretax Income": NaN,
        "Other Income Expense": NaN,
        "Other Non Operating Income Expenses": NaN,
        "Special Income Charges": NaN,
        "Gain On Sale Of Ppe": NaN,
        "Other Special Charges": -17000000.0,
        "Earnings From Equity Interest": NaN,
        "Gain On Sale Of Security": NaN,
        "Net Non Operating Interest Income Expense": NaN,
        "Interest Expense Non Operating": NaN,
        "Interest Income Non Operating": NaN,
        "Operating Income": NaN,
        "Operating Expense": NaN,
        "Other Taxes": NaN,
        "Depreciation Amortization Depletion Income Statement": NaN,
        "Depreciation And Amortization In Income Statement": NaN,
        "Selling General And Administration": NaN,
        "General And Administrative Expense": NaN,
        "Salaries And Wages": NaN,
        "Gross Profit": NaN,
        "Cost Of Revenue": NaN,
        "Total Revenue": NaN,
        "Operating Revenue": NaN
    },
    "2022-06-30": {
        "Tax Effect Of Unusual Items": -72800000.0,
        "Tax Rate For Calcs": 0.4,
        "Normalized EBITDA": 727000000.0,
        "Total Unusual Items": -182000000.0,
        "Total Unusual Items Excluding Goodwill": -182000000.0,
        "Net Income From Continuing Operation Net Minority Interest": 131000000.0,
        "Reconciled Depreciation": 312000000.0,
        "Reconciled Cost Of Revenue": 1473000000.0,
        "EBITDA": 545000000.0,
        "EBIT": 233000000.0,
        "Net Interest Income": -116000000.0,
        "Interest Expense": 135000000.0,
        "Interest Income": 19000000.0,
        "Normalized Income": 240200000.0,
        "Net Income From Continuing And Discontinued Operation": 131000000.0,
        "Total Expenses": 1785000000.0,
        "Total Operating Income As Reported": 296000000.0,
        "Diluted Average Shares": 500000000.0,
        "Basic Average Shares": 497000000.0,
        "Diluted EPS": 0.26,
        "Basic EPS": 0.26,
        "Diluted NI Availto Com Stockholders": 131000000.0,
        "Net Income Common Stockholders": 131000000.0,
        "Net Income": 131000000.0,
        "Net Income Including Noncontrolling Interests": 131000000.0,
        "Net Income Continuous Operations": 131000000.0,
        "Tax Provision": -33000000.0,
        "Pretax Income": 98000000.0,
        "Other Income Expense": -77000000.0,
        "Other Non Operating Income Expenses": 98000000.0,
        "Special Income Charges": 5000000.0,
        "Gain On Sale Of Ppe": 5000000.0,
        "Other Special Charges": NaN,
        "Earnings From Equity Interest": 7000000.0,
        "Gain On Sale Of Security": -187000000.0,
        "Net Non Operating Interest Income Expense": -116000000.0,
        "Interest Expense Non Operating": 135000000.0,
        "Interest Income Non Operating": 19000000.0,
        "Operating Income": 291000000.0,
        "Operating Expense": 269000000.0,
        "Other Taxes": NaN,
        "Depreciation Amortization Depletion Income Statement": 269000000.0,
        "Depreciation And Amortization In Income Statement": 269000000.0,
        "Gross Profit": 560000000.0,
        "Cost Of Revenue": 1516000000.0,
        "Total Revenue": 2076000000.0,
        "Operating Revenue": 2076000000.0
    },
    "2023-06-30": {
        "Tax Effect Of Unusual Items": 14806451.612903,
        "Tax Rate For Calcs": 0.205645,
        "Normalized EBITDA": 1182000000.0,
        "Total Unusual Items": 72000000.0,
        "Total Unusual Items Excluding Goodwill": 72000000.0,
        "Net Income From Continuing Operation Net Minority Interest": 591000000.0,
        "Reconciled Depreciation": 325000000.0,
        "Reconciled Cost Of Revenue": 1302000000.0,
        "EBITDA": 1254000000.0,
        "EBIT": 929000000.0,
        "Net Interest Income": -150000000.0,
        "Interest Expense": 185000000.0,
        "Interest Income": 35000000.0,
        "Normalized Income": 533806451.612903,
        "Net Income From Continuing And Discontinued Operation": 591000000.0,
        "Total Expenses": 1598000000.0,
        "Total Operating Income As Reported": 794000000.0,
        "Diluted Average Shares": 500000000.0,
        "Basic Average Shares": 497000000.0,
        "Diluted EPS": 1.18,
        "Basic EPS": 1.19,
        "Diluted NI Availto Com Stockholders": 591000000.0,
        "Net Income Common Stockholders": 591000000.0,
        "Net Income": 591000000.0,
        "Net Income Including Noncontrolling Interests": 591000000.0,
        "Net Income Continuous Operations": 591000000.0,
        "Tax Provision": 153000000.0,
        "Pretax Income": 744000000.0,
        "Other Income Expense": 71000000.0,
        "Other Non Operating Income Expenses": -1000000.0,
        "Special Income Charges": 15000000.0,
        "Gain On Sale Of Ppe": 0.0,
        "Other Special Charges": -15000000.0,
        "Earnings From Equity Interest": 0.0,
        "Gain On Sale Of Security": 57000000.0,
        "Net Non Operating Interest Income Expense": -150000000.0,
        "Interest Expense Non Operating": 185000000.0,
        "Interest Income Non Operating": 35000000.0,
        "Operating Income": 823000000.0,
        "Operating Expense": 250000000.0,
        "Other Taxes": NaN,
        "Depreciation Amortization Depletion Income Statement": 279000000.0,
        "Depreciation And Amortization In Income Statement": 279000000.0,
        "Selling General And Administration": -29000000.0,
        "General And Administrative Expense": -29000000.0,
        "Salaries And Wages": -29000000.0,
        "Gross Profit": 1073000000.0,
        "Cost Of Revenue": 1348000000.0,
        "Total Revenue": 2421000000.0,
        "Operating Revenue": 2421000000.0
    },
    "2022-03-31": {
        "Diluted EPS": 0.0,
        "Total Revenue": NaN,
        "Gross Profit": NaN,
        "Operating Income": -52,
        "EBIT": 309,
        "Net Income": -2
    },
    "2021-12-31": {
        "Diluted EPS": 0.88,
        "Total Revenue": NaN,
        "Gross Profit": NaN,
        "Operating Income": 902,
        "EBIT": NaN,
        "Net Income": 445
    },
    "2021-09-30": {
        "Diluted EPS": -3.1,
        "Total Revenue": NaN,
        "Gross Profit": NaN,
        "Operating Income": NaN,
        "EBIT": NaN,
        "Net Income": NaN
    },
    "2021-06-30": {
        "Diluted EPS": -0.35,
        "Total Revenue": NaN,
        "Gross Profit": NaN,
        "Operating Income": -294,
        "EBIT": 112,
        "Net Income": -177
    },
    "2021-03-31": {
        "Diluted EPS": 1.28,
        "Total Revenue": NaN,
        "Gross Profit": NaN,
        "Operating Income": 741,
        "EBIT": NaN,
        "Net Income": 648
    },
    "2020-12-31": {
        "Diluted EPS": 0.85,
        "Total Revenue": NaN,
        "Gross Profit": NaN,
        "Operating Income": 433,
        "EBIT": 838,
        "Net Income": 431
    },
    "2020-09-30": {
        "Diluted EPS": 1.14,
        "Total Revenue": NaN,
        "Gross Profit": NaN,
        "Operating Income": 633,
        "EBIT": NaN,
        "Net Income": 575
    },
    "2020-06-30": {
        "Diluted EPS": 0.89,
        "Total Revenue": NaN,
        "Gross Profit": NaN,
        "Operating Income": 407,
        "EBIT": 800,
        "Net Income": 451
    },
    "2020-03-31": {
        "Diluted EPS": 0.88,
        "Total Revenue": NaN,
        "Gross Profit": NaN,
        "Operating Income": 797,
        "EBIT": NaN,
        "Net Income": 448
    },
    "2019-12-31": {
        "Diluted EPS": 0.86,
        "Total Revenue": NaN,
        "Gross Profit": NaN,
        "Operating Income": 507,
        "EBIT": 896,
        "Net Income": 437
    },
    "2019-09-30": {
        "Diluted EPS": 0.79,
        "Total Revenue": NaN,
        "Gross Profit": NaN,
        "Operating Income": 490,
        "EBIT": 879,
        "Net Income": 403
    },
    "2019-06-30": {
        "Diluted EPS": 0.3,
        "Total Revenue": NaN,
        "Gross Profit": NaN,
        "Operating Income": 160,
        "EBIT": 531,
        "Net Income": 153
    },
    "2019-03-31": {
        "Diluted EPS": 1.38,
        "Total Revenue": NaN,
        "Gross Profit": NaN,
        "Operating Income": 786,
        "EBIT": NaN,
        "Net Income": 700
    },
    "2018-12-31": {
        "Diluted EPS": 0.39,
        "Total Revenue": NaN,
        "Gross Profit": NaN,
        "Operating Income": 501,
        "EBIT": 872,
        "Net Income": 199
    },
    "2018-09-30": {
        "Diluted EPS": 0.81,
        "Total Revenue": NaN,
        "Gross Profit": NaN,
        "Operating Income": 554,
        "EBIT": 924,
        "Net Income": 412
    },
    "2018-06-30": {
        "Diluted EPS": 0.53,
        "Total Revenue": NaN,
        "Gross Profit": NaN,
        "Operating Income": 411,
        "EBIT": 758,
        "Net Income": 269
    },
    "2018-03-31": {
        "Diluted EPS": 1.1,
        "Total Revenue": NaN,
        "Gross Profit": NaN,
        "Operating Income": 832,
        "EBIT": NaN,
        "Net Income": 558
    },
    "2017-12-31": {
        "Diluted EPS": 1.88,
        "Total Revenue": NaN,
        "Gross Profit": NaN,
        "Operating Income": 363,
        "EBIT": 699,
        "Net Income": 956
    },
    "2017-09-30": {
        "Diluted EPS": 0.78,
        "Total Revenue": NaN,
        "Gross Profit": NaN,
        "Operating Income": 693,
        "EBIT": NaN,
        "Net Income": 395
    },
    "2017-06-30": {
        "Diluted EPS": 0.22,
        "Total Revenue": NaN,
        "Gross Profit": NaN,
        "Operating Income": 195,
        "EBIT": 908,
        "Net Income": 109
    },
    "2017-03-31": {
        "Diluted EPS": 0.22,
        "Total Revenue": NaN,
        "Gross Profit": NaN,
        "Operating Income": 178,
        "EBIT": NaN,
        "Net Income": 114
    },
    "2016-12-31": {
        "Diluted EPS": -0.19,
        "Total Revenue": NaN,
        "Gross Profit": NaN,
        "Operating Income": -153,
        "EBIT": 715,
        "Net Income": -98
    },
    "2016-09-30": {
        "Diluted EPS": 0.64,
        "Total Revenue": NaN,
        "Gross Profit": NaN,
        "Operating Income": 577,
        "EBIT": 894,
        "Net Income": 327
    },
    "2016-06-30": {
        "Diluted EPS": 0.37,
        "Total Revenue": NaN,
        "Gross Profit": NaN,
        "Operating Income": 347,
        "EBIT": 641,
        "Net Income": 187
    },
    "2016-03-31": {
        "Diluted EPS": 0.93,
        "Total Revenue": NaN,
        "Gross Profit": NaN,
        "Operating Income": 827,
        "EBIT": NaN,
        "Net Income": 471
    },
    "2015-12-31": {
        "Diluted EPS": 0.6,
        "Total Revenue": NaN,
        "Gross Profit": NaN,
        "Operating Income": 532,
        "EBIT": 941,
        "Net Income": 309
    },
    "2015-09-30": {
        "Diluted EPS": 0.87,
        "Total Revenue": NaN,
        "Gross Profit": NaN,
        "Operating Income": 814,
        "EBIT": NaN,
        "Net Income": 439
    },
    "2015-06-30": {
        "Diluted EPS": 0.68,
        "Total Revenue": NaN,
        "Gross Profit": NaN,
        "Operating Income": 568,
        "EBIT": 936,
        "Net Income": 345
    },
    "2015-03-31": {
        "Diluted EPS": 1.15,
        "Total Revenue": NaN,
        "Gross Profit": NaN,
        "Operating Income": NaN,
        "EBIT": NaN,
        "Net Income": 586
    },
    "2014-12-31": {
        "Diluted EPS": 0.94,
        "Total Revenue": NaN,
        "Gross Profit": NaN,
        "Operating Income": 807,
        "EBIT": NaN,
        "Net Income": 476
    },
    "2014-09-30": {
        "Diluted EPS": 0.87,
        "Total Revenue": NaN,
        "Gross Profit": NaN,
        "Operating Income": 746,
        "EBIT": NaN,
        "Net Income": 444
    },
    "2014-06-30": {
        "Diluted EPS": 0.42,
        "Total Revenue": NaN,
        "Gross Profit": NaN,
        "Operating Income": 365,
        "EBIT": 704,
        "Net Income": 212
    },
    "2014-03-31": {
        "Diluted EPS": 0.76,
        "Total Revenue": NaN,
        "Gross Profit": NaN,
        "Operating Income": 705,
        "EBIT": NaN,
        "Net Income": 386
    },
    "2013-12-31": {
        "Diluted EPS": 0.39,
        "Total Revenue": NaN,
        "Gross Profit": NaN,
        "Operating Income": 365,
        "EBIT": 704,
        "Net Income": 200
    },
    "2013-09-30": {
        "Diluted EPS": 0.77,
        "Total Revenue": NaN,
        "Gross Profit": NaN,
        "Operating Income": 712,
        "EBIT": NaN,
        "Net Income": 390
    },
    "2013-06-30": {
        "Diluted EPS": 0.66,
        "Total Revenue": NaN,
        "Gross Profit": NaN,
        "Operating Income": 612,
        "EBIT": 940,
        "Net Income": 333
    },
    "2013-03-31": {
        "Diluted EPS": 0.63,
        "Total Revenue": NaN,
        "Gross Profit": NaN,
        "Operating Income": 610,
        "EBIT": 950,
        "Net Income": 320
    },
    "2012-12-31": {
        "Diluted EPS": 0.44,
        "Total Revenue": NaN,
        "Gross Profit": NaN,
        "Operating Income": 468,
        "EBIT": 769,
        "Net Income": 224
    },
    "2012-09-30": {
        "Diluted EPS": 0.68,
        "Total Revenue": NaN,
        "Gross Profit": NaN,
        "Operating Income": 594,
        "EBIT": 925,
        "Net Income": 347
    },
    "2012-06-30": {
        "Diluted EPS": 0.42,
        "Total Revenue": NaN,
        "Gross Profit": NaN,
        "Operating Income": 433,
        "EBIT": 729,
        "Net Income": 211
    },
    "2012-03-31": {
        "Diluted EPS": 0.97,
        "Total Revenue": NaN,
        "Gross Profit": NaN,
        "Operating Income": 783,
        "EBIT": NaN,
        "Net Income": 493
    },
    "2011-12-31": {
        "Diluted EPS": 0.71,
        "Total Revenue": NaN,
        "Gross Profit": NaN,
        "Operating Income": 709,
        "EBIT": 985,
        "Net Income": 360
    },
    "2011-09-30": {
        "Diluted EPS": 0.58,
        "Total Revenue": NaN,
        "Gross Profit": NaN,
        "Operating Income": 556,
        "EBIT": 857,
        "Net Income": 294
    },
    "2011-06-30": {
        "Diluted EPS": 0.63,
        "Total Revenue": NaN,
        "Gross Profit": NaN,
        "Operating Income": 621,
        "EBIT": 895,
        "Net Income": 323
    },
    "2011-03-31": {
        "Diluted EPS": 1.04,
        "Total Revenue": NaN,
        "Gross Profit": NaN,
        "Operating Income": 856,
        "EBIT": NaN,
        "Net Income": 526
    },
    "2010-12-31": {
        "Diluted EPS": 0.55,
        "Total Revenue": NaN,
        "Gross Profit": NaN,
        "Operating Income": 589,
        "EBIT": 867,
        "Net Income": 282
    },
    "2010-09-30": {
        "Diluted EPS": 1.12,
        "Total Revenue": NaN,
        "Gross Profit": NaN,
        "Operating Income": 971,
        "EBIT": NaN,
        "Net Income": 567
    },
    "2010-06-30": {
        "Diluted EPS": 0.44,
        "Total Revenue": NaN,
        "Gross Profit": NaN,
        "Operating Income": 431,
        "EBIT": 698,
        "Net Income": 224
    },
    "2010-03-31": {
        "Diluted EPS": 0.97,
        "Total Revenue": NaN,
        "Gross Profit": NaN,
        "Operating Income": 946,
        "EBIT": NaN,
        "Net Income": 491
    },
    "2009-12-31": {
        "Diluted EPS": 0.69,
        "Total Revenue": NaN,
        "Gross Profit": NaN,
        "Operating Income": 628,
        "EBIT": 865,
        "Net Income": 349
    },
    "2009-09-30": {
        "Diluted EPS": 0.96,
        "Total Revenue": NaN,
        "Gross Profit": NaN,
        "Operating Income": 924,
        "EBIT": NaN,
        "Net Income": 488
    },
    "2009-06-30": {
        "Diluted EPS": 0.61,
        "Total Revenue": NaN,
        "Gross Profit": NaN,
        "Operating Income": 637,
        "EBIT": 868,
        "Net Income": 311
    },
    "2009-03-31": {
        "Diluted EPS": 0.88,
        "Total Revenue": NaN,
        "Gross Profit": NaN,
        "Operating Income": 927,
        "EBIT": NaN,
        "Net Income": 444
    },
    "2023-09-30": {
        "Tax Effect Of Unusual Items": -5250000.0,
        "Tax Rate For Calcs": 0.21,
        "Normalized EBITDA": 607000000.0,
        "Total Unusual Items": -25000000.0,
        "Total Unusual Items Excluding Goodwill": -25000000.0,
        "Net Income From Continuing Operation Net Minority Interest": 139000000.0,
        "Reconciled Depreciation": 332000000.0,
        "Reconciled Cost Of Revenue": 1573000000.0,
        "EBITDA": 582000000.0,
        "EBIT": 250000000.0,
        "Net Interest Income": -158000000.0,
        "Interest Expense": 185000000.0,
        "Interest Income": 27000000.0,
        "Normalized Income": 158750000.0,
        "Net Income From Continuing And Discontinued Operation": 139000000.0,
        "Total Expenses": 1905000000.0,
        "Total Operating Income As Reported": 551000000.0,
        "Diluted Average Shares": 500000000.0,
        "Basic Average Shares": 498000000.0,
        "Diluted EPS": 0.27,
        "Basic EPS": 0.28,
        "Diluted NI Availto Com Stockholders": 139000000.0,
        "Net Income Common Stockholders": 139000000.0,
        "Net Income": 139000000.0,
        "Net Income Including Noncontrolling Interests": 139000000.0,
        "Net Income Continuous Operations": 139000000.0,
        "Tax Provision": -74000000.0,
        "Pretax Income": 65000000.0,
        "Other Income Expense": -328000000.0,
        "Other Non Operating Income Expenses": -303000000.0,
        "Special Income Charges": 15000000.0,
        "Gain On Sale Of Ppe": 0.0,
        "Other Special Charges": -15000000.0,
        "Earnings From Equity Interest": 0.0,
        "Gain On Sale Of Security": -40000000.0,
        "Net Non Operating Interest Income Expense": -158000000.0,
        "Interest Expense Non Operating": 185000000.0,
        "Interest Income Non Operating": 27000000.0,
        "Operating Income": 551000000.0,
        "Operating Expense": 282000000.0,
        "Other Taxes": NaN,
        "Depreciation Amortization Depletion Income Statement": 282000000.0,
        "Depreciation And Amortization In Income Statement": 282000000.0,
        "Selling General And Administration": NaN,
        "General And Administrative Expense": NaN,
        "Salaries And Wages": NaN,
        "Gross Profit": 833000000.0,
        "Cost Of Revenue": 1623000000.0,
        "Total Revenue": 2456000000.0,
        "Operating Revenue": 2456000000.0
    },
    "2023-12-31": {
        "Tax Effect Of Unusual Items": 15187772.925764,
        "Tax Rate For Calcs": 0.20524,
        "Normalized EBITDA": 1088000000.0,
        "Total Unusual Items": 74000000.0,
        "Total Unusual Items Excluding Goodwill": 74000000.0,
        "Net Income From Continuing Operation Net Minority Interest": 546000000.0,
        "Reconciled Depreciation": 337000000.0,
        "Reconciled Cost Of Revenue": 1569000000.0,
        "EBITDA": 1162000000.0,
        "EBIT": 825000000.0,
        "Net Interest Income": -105000000.0,
        "Interest Expense": 138000000.0,
        "Interest Income": 33000000.0,
        "Normalized Income": 487187772.925764,
        "Net Income From Continuing And Discontinued Operation": 546000000.0,
        "Total Expenses": 2124000000.0,
        "Total Operating Income As Reported": 692000000.0,
        "Diluted Average Shares": 500000000.0,
        "Basic Average Shares": 498000000.0,
        "Diluted EPS": 1.092,
        "Basic EPS": 1.1,
        "Diluted NI Availto Com Stockholders": 546000000.0,
        "Net Income Common Stockholders": 546000000.0,
        "Net Income": 546000000.0,
        "Net Income Including Noncontrolling Interests": 546000000.0,
        "Net Income Continuous Operations": 546000000.0,
        "Tax Provision": 141000000.0,
        "Pretax Income": 687000000.0,
        "Other Income Expense": 311000000.0,
        "Other Non Operating Income Expenses": 237000000.0,
        "Special Income Charges": -52000000.0,
        "Gain On Sale Of Ppe": -7000000.0,
        "Other Special Charges": NaN,
        "Earnings From Equity Interest": 0.0,
        "Gain On Sale Of Security": 126000000.0,
        "Net Non Operating Interest Income Expense": -105000000.0,
        "Interest Expense Non Operating": 138000000.0,
        "Interest Income Non Operating": 33000000.0,
        "Operating Income": 481000000.0,
        "Operating Expense": 510000000.0,
        "Other Taxes": NaN,
        "Depreciation Amortization Depletion Income Statement": 292000000.0,
        "Depreciation And Amortization In Income Statement": 292000000.0,
        "Selling General And Administration": NaN,
        "General And Administrative Expense": NaN,
        "Salaries And Wages": NaN,
        "Gross Profit": 991000000.0,
        "Cost Of Revenue": 1614000000.0,
        "Total Revenue": 2605000000.0,
        "Operating Revenue": 2605000000.0
    },
    "2024-03-31": {
        "Tax Effect Of Unusual Items": 16324000.0,
        "Tax Rate For Calcs": 0.154,
        "Normalized EBITDA": 1074000000.0,
        "Total Unusual Items": 106000000.0,
        "Total Unusual Items Excluding Goodwill": 106000000.0,
        "Net Income From Continuing Operation Net Minority Interest": 532000000.0,
        "Reconciled Depreciation": 346000000.0,
        "Reconciled Cost Of Revenue": 1729000000.0,
        "EBITDA": 1180000000.0,
        "EBIT": 834000000.0,
        "Net Interest Income": -179000000.0,
        "Interest Expense": 205000000.0,
        "Interest Income": 26000000.0,
        "Normalized Income": 442324000.0,
        "Net Income From Continuing And Discontinued Operation": 532000000.0,
        "Total Expenses": 2056000000.0,
        "Total Operating Income As Reported": 685000000.0,
        "Diluted Average Shares": 500000000.0,
        "Basic Average Shares": 499000000.0,
        "Diluted EPS": 1.06,
        "Basic EPS": 1.07,
        "Diluted NI Availto Com Stockholders": 532000000.0,
        "Net Income Common Stockholders": 532000000.0,
        "Net Income": 532000000.0,
        "Net Income Including Noncontrolling Interests": 532000000.0,
        "Net Income Continuous Operations": 532000000.0,
        "Tax Provision": 97000000.0,
        "Pretax Income": 629000000.0,
        "Other Income Expense": 104000000.0,
        "Other Non Operating Income Expenses": -2000000.0,
        "Special Income Charges": 11000000.0,
        "Gain On Sale Of Ppe": NaN,
        "Other Special Charges": -11000000.0,
        "Earnings From Equity Interest": 0.0,
        "Gain On Sale Of Security": 95000000.0,
        "Net Non Operating Interest Income Expense": -179000000.0,
        "Interest Expense Non Operating": 205000000.0,
        "Interest Income Non Operating": 26000000.0,
        "Operating Income": 704000000.0,
        "Operating Expense": 276000000.0,
        "Other Taxes": NaN,
        "Depreciation Amortization Depletion Income Statement": 295000000.0,
        "Depreciation And Amortization In Income Statement": 295000000.0,
        "Selling General And Administration": -19000000.0,
        "General And Administrative Expense": -19000000.0,
        "Salaries And Wages": -19000000.0,
        "Gross Profit": 980000000.0,
        "Cost Of Revenue": 1780000000.0,
        "Total Revenue": 2760000000.0,
        "Operating Revenue": 2760000000.0
    },
    "2024-06-30": {
        "Tax Effect Of Unusual Items": 109839.816934,
        "Tax Rate For Calcs": 0.006865,
        "Normalized EBITDA": 966000000.0,
        "Total Unusual Items": 16000000.0,
        "Total Unusual Items Excluding Goodwill": 16000000.0,
        "Net Income From Continuing Operation Net Minority Interest": 434000000.0,
        "Reconciled Depreciation": 327000000.0,
        "Reconciled Cost Of Revenue": 1514000000.0,
        "EBITDA": 982000000.0,
        "EBIT": 655000000.0,
        "Net Interest Income": -182000000.0,
        "Interest Expense": 218000000.0,
        "Interest Income": 36000000.0,
        "Normalized Income": 418109839.816934,
        "Net Income From Continuing And Discontinued Operation": 434000000.0,
        "Total Expenses": 1823000000.0,
        "Total Operating Income As Reported": 582000000.0,
        "Diluted Average Shares": 500000000.0,
        "Basic Average Shares": 498000000.0,
        "Diluted EPS": 0.87,
        "Basic EPS": 0.87,
        "Diluted NI Availto Com Stockholders": 434000000.0,
        "Net Income Common Stockholders": 434000000.0,
        "Net Income": 434000000.0,
        "Net Income Including Noncontrolling Interests": 434000000.0,
        "Net Income Continuous Operations": 434000000.0,
        "Tax Provision": 3000000.0,
        "Pretax Income": 437000000.0,
        "Other Income Expense": 19000000.0,
        "Other Non Operating Income Expenses": 2000000.0,
        "Special Income Charges": 9000000.0,
        "Gain On Sale Of Ppe": NaN,
        "Other Special Charges": -9000000.0,
        "Earnings From Equity Interest": 1000000.0,
        "Gain On Sale Of Security": 7000000.0,
        "Net Non Operating Interest Income Expense": -182000000.0,
        "Interest Expense Non Operating": 218000000.0,
        "Interest Income Non Operating": 36000000.0,
        "Operating Income": 600000000.0,
        "Operating Expense": 267000000.0,
        "Other Taxes": NaN,
        "Depreciation Amortization Depletion Income Statement": 285000000.0,
        "Depreciation And Amortization In Income Statement": 285000000.0,
        "Selling General And Administration": -18000000.0,
        "General And Administrative Expense": -18000000.0,
        "Salaries And Wages": -18000000.0,
        "Gross Profit": 867000000.0,
        "Cost Of Revenue": 1556000000.0,
        "Total Revenue": 2423000000.0,
        "Operating Revenue": 2423000000.0
    }
}