{
    "2023-06-30": {
        "Tax Effect Of Unusual Items": NaN,
        "Tax Rate For Calcs": NaN,
        "Normalized EBITDA": NaN,
        "Total Unusual Items": 0.0,
        "Total Unusual Items Excluding Goodwill": 0.0,
        "Net Income From Continuing Operation Net Minority Interest": NaN,
        "Reconciled Depreciation": NaN,
        "Reconciled Cost Of Revenue": NaN,
        "EBITDA": NaN,
        "EBIT": NaN,
        "Net Interest Income": NaN,
        "Interest Expense": NaN,
        "Normalized Income": NaN,
        "Net Income From Continuing And Discontinued Operation": NaN,
        "Total Expenses": NaN,
        "Total Operating Income As Reported": NaN,
        "Diluted Average Shares": NaN,
        "Basic Average Shares": NaN,
        "Diluted EPS": NaN,
        "Basic EPS": NaN,
        "Diluted NI Availto Com Stockholders": NaN,
        "Average Dilution Earnings": 0.0,
        "Net Income Common Stockholders": NaN,
        "Net Income": NaN,
        "Minority Interests": NaN,
        "Net Income Including Noncontrolling Interests": NaN,
        "Net Income Continuous Operations": NaN,
        "Tax Provision": NaN,
        "Pretax Income": NaN,
        "Other Income Expense": NaN,
        "Other Non Operating Income Expenses": NaN,
        "Special Income Charges": 0.0,
        "Impairment Of Capital Assets": 0.0,
        "Restructuring And Mergern Acquisition": 0.0,
        "Net Non Operating Interest Income Expense": NaN,
        "Interest Expense Non Operating": NaN,
        "Operating Income": NaN,
        "Operating Expense": NaN,
        "Selling General And Administration": NaN,
        "Gross Profit": NaN,
        "Cost Of Revenue": NaN,
        "Total Revenue": NaN,
        "Operating Revenue": NaN
    },
    "2023-03-31": {
        "Tax Effect Of Unusual Items": NaN,
        "Tax Rate For Calcs": NaN,
        "Normalized EBITDA": NaN,
        "Total Unusual Items": 0.0,
        "Total Unusual Items Excluding Goodwill": 0.0,
        "Net Income From Continuing Operation Net Minority Interest": NaN,
        "Reconciled Depreciation": NaN,
        "Reconciled Cost Of Revenue": NaN,
        "EBITDA": NaN,
        "EBIT": NaN,
        "Net Interest Income": NaN,
        "Interest Expense": NaN,
        "Normalized Income": NaN,
        "Net Income From Continuing And Discontinued Operation": NaN,
        "Total Expenses": NaN,
        "Total Operating Income As Reported": NaN,
        "Diluted Average Shares": NaN,
        "Basic Average Shares": NaN,
        "Diluted EPS": NaN,
        "Basic EPS": NaN,
        "Diluted NI Availto Com Stockholders": NaN,
        "Average Dilution Earnings": NaN,
        "Net Income Common Stockholders": NaN,
        "Net Income": NaN,
        "Minority Interests": NaN,
        "Net Income Including Noncontrolling Interests": NaN,
        "Net Income Continuous Operations": NaN,
        "Tax Provision": NaN,
        "Pretax Income": NaN,
        "Other Income Expense": NaN,
        "Other Non Operating Income Expenses": NaN,
        "Special Income Charges": 0.0,
        "Impairment Of Capital Assets": 0.0,
        "Restructuring And Mergern Acquisition": 0.0,
        "Net Non Operating Interest Income Expense": NaN,
        "Interest Expense Non Operating": NaN,
        "Operating Income": NaN,
        "Operating Expense": NaN,
        "Selling General And Administration": NaN,
        "Gross Profit": NaN,
        "Cost Of Revenue": NaN,
        "Total Revenue": NaN,
        "Operating Revenue": NaN
    },
    "2022-12-31": {
        "Tax Effect Of Unusual Items": NaN,
        "Tax Rate For Calcs": NaN,
        "Normalized EBITDA": NaN,
        "Total Unusual Items": -1564000000.0,
        "Total Unusual Items Excluding Goodwill": -1564000000.0,
        "Net Income From Continuing Operation Net Minority Interest": NaN,
        "Reconciled Depreciation": NaN,
        "Reconciled Cost Of Revenue": NaN,
        "EBITDA": NaN,
        "EBIT": NaN,
        "Net Interest Income": NaN,
        "Interest Expense": NaN,
        "Normalized Income": NaN,
        "Net Income From Continuing And Discontinued Operation": NaN,
        "Total Expenses": NaN,
        "Total Operating Income As Reported": NaN,
        "Diluted Average Shares": NaN,
        "Basic Average Shares": NaN,
        "Diluted EPS": NaN,
        "Basic EPS": NaN,
        "Diluted NI Availto Com Stockholders": NaN,
        "Average Dilution Earnings": NaN,
        "Net Income Common Stockholders": NaN,
        "Net Income": NaN,
        "Minority Interests": NaN,
        "Net Income Including Noncontrolling Interests": NaN,
        "Net Income Continuous Operations": NaN,
        "Tax Provision": NaN,
        "Pretax Income": NaN,
        "Other Income Expense": NaN,
        "Other Non Operating Income Expenses": NaN,
        "Special Income Charges": -1564000000.0,
        "Impairment Of Capital Assets": 1564000000.0,
        "Restructuring And Mergern Acquisition": 0.0,
        "Net Non Operating Interest Income Expense": NaN,
        "Interest Expense Non Operating": NaN,
        "Operating Income": NaN,
        "Operating Expense": NaN,
        "Selling General And Administration": NaN,
        "Gross Profit": NaN,
        "Cost Of Revenue": NaN,
        "Total Revenue": NaN,
        "Operating Revenue": NaN
    },
    "2022-09-30": {
        "Tax Effect Of Unusual Items": NaN,
        "Tax Rate For Calcs": NaN,
        "Normalized EBITDA": NaN,
        "Total Unusual Items": NaN,
        "Total Unusual Items Excluding Goodwill": NaN,
        "Net Income From Continuing Operation Net Minority Interest": NaN,
        "Reconciled Depreciation": NaN,
        "Reconciled Cost Of Revenue": NaN,
        "EBITDA": NaN,
        "EBIT": NaN,
        "Net Interest Income": NaN,
        "Interest Expense": NaN,
        "Normalized Income": NaN,
        "Net Income From Continuing And Discontinued Operation": NaN,
        "Total Expenses": NaN,
        "Total Operating Income As Reported": NaN,
        "Diluted Average Shares": NaN,
        "Basic Average Shares": NaN,
        "Diluted EPS": NaN,
        "Basic EPS": NaN,
        "Diluted NI Availto Com Stockholders": NaN,
        "Average Dilution Earnings": 0.0,
        "Net Income Common Stockholders": NaN,
        "Net Income": NaN,
        "Minority Interests": NaN,
        "Net Income Including Noncontrolling Interests": NaN,
        "Net Income Continuous Operations": NaN,
        "Tax Provision": NaN,
        "Pretax Income": NaN,
        "Other Income Expense": NaN,
        "Other Non Operating Income Expenses": NaN,
        "Special Income Charges": NaN,
        "Impairment Of Capital Assets": NaN,
        "Restructuring And Mergern Acquisition": NaN,
        "Net Non Operating Interest Income Expense": NaN,
        "Interest Expense Non Operating": NaN,
        "Operating Income": NaN,
        "Operating Expense": NaN,
        "Selling General And Administration": NaN,
        "Gross Profit": NaN,
        "Cost Of Revenue": NaN,
        "Total Revenue": NaN,
        "Operating Revenue": NaN
    },
    "2022-06-30": {
        "Tax Effect Of Unusual Items": -288044000.0,
        "Tax Rate For Calcs": 0.214,
        "Normalized EBITDA": 4181000000.0,
        "Total Unusual Items": -1346000000.0,
        "Total Unusual Items Excluding Goodwill": -1346000000.0,
        "Net Income From Continuing Operation Net Minority Interest": 1429000000.0,
        "Reconciled Depreciation": 760000000.0,
        "Reconciled Cost Of Revenue": 9415000000.0,
        "EBITDA": 2835000000.0,
        "EBIT": 2075000000.0,
        "Net Interest Income": -236000000.0,
        "Interest Expense": 236000000.0,
        "Normalized Income": 2486956000.0,
        "Net Income From Continuing And Discontinued Operation": 1429000000.0,
        "Total Expenses": 16802000000.0,
        "Total Operating Income As Reported": 2077000000.0,
        "Diluted Average Shares": 1389000000.0,
        "Basic Average Shares": 1382000000.0,
        "Diluted EPS": 1.03,
        "Basic EPS": 1.03,
        "Diluted NI Availto Com Stockholders": 1429000000.0,
        "Average Dilution Earnings": 0.0,
        "Net Income Common Stockholders": 1429000000.0,
        "Net Income": 1429000000.0,
        "Minority Interests": -17000000.0,
        "Net Income Including Noncontrolling Interests": 1446000000.0,
        "Net Income Continuous Operations": 1446000000.0,
        "Tax Provision": 393000000.0,
        "Pretax Income": 1839000000.0,
        "Other Income Expense": -1348000000.0,
        "Other Non Operating Income Expenses": -2000000.0,
        "Special Income Charges": -1346000000.0,
        "Impairment Of Capital Assets": 1359000000.0,
        "Restructuring And Mergern Acquisition": -13000000.0,
        "Net Non Operating Interest Income Expense": -236000000.0,
        "Interest Expense Non Operating": 236000000.0,
        "Operating Income": 3423000000.0,
        "Operating Expense": 7387000000.0,
        "Selling General And Administration": 7387000000.0,
        "Gross Profit": 10810000000.0,
        "Cost Of Revenue": 9415000000.0,
        "Total Revenue": 20225000000.0,
        "Operating Revenue": 20225000000.0
    },
    "2022-03-31": {
        "Diluted EPS": 3.06,
        "Total Revenue": NaN,
        "Gross Profit": NaN,
        "Operating Income": NaN,
        "EBIT": NaN,
        "Net Income": NaN
    },
    "2021-12-31": {
        "Diluted EPS": 0.95,
        "Total Revenue": NaN,
        "Gross Profit": NaN,
        "Operating Income": NaN,
        "EBIT": NaN,
        "Net Income": NaN
    },
    "2021-09-30": {
        "Diluted EPS": 1.6,
        "Total Revenue": NaN,
        "Gross Profit": NaN,
        "Operating Income": NaN,
        "EBIT": NaN,
        "Net Income": NaN
    },
    "2021-06-30": {
        "Diluted EPS": 1.7,
        "Total Revenue": NaN,
        "Gross Profit": NaN,
        "Operating Income": NaN,
        "EBIT": NaN,
        "Net Income": NaN
    },
    "2021-03-31": {
        "Diluted EPS": 1.24,
        "Total Revenue": NaN,
        "Gross Profit": NaN,
        "Operating Income": NaN,
        "EBIT": NaN,
        "Net Income": NaN
    },
    "2020-12-31": {
        "Diluted EPS": 1.33,
        "Total Revenue": NaN,
        "Gross Profit": NaN,
        "Operating Income": NaN,
        "EBIT": NaN,
        "Net Income": NaN
    },
    "2020-09-30": {
        "Diluted EPS": 1.65,
        "Total Revenue": NaN,
        "Gross Profit": NaN,
        "Operating Income": NaN,
        "EBIT": NaN,
        "Net Income": NaN
    },
    "2020-06-30": {
        "Diluted EPS": 1.18,
        "Total Revenue": NaN,
        "Gross Profit": NaN,
        "Operating Income": NaN,
        "EBIT": NaN,
        "Net Income": NaN
    },
    "2020-03-31": {
        "Diluted EPS": 0.96,
        "Total Revenue": NaN,
        "Gross Profit": NaN,
        "Operating Income": NaN,
        "EBIT": NaN,
        "Net Income": NaN
    },
    "2019-12-31": {
        "Diluted EPS": 1.27,
        "Total Revenue": NaN,
        "Gross Profit": NaN,
        "Operating Income": NaN,
        "EBIT": NaN,
        "Net Income": NaN
    },
    "2019-09-30": {
        "Diluted EPS": 1.49,
        "Total Revenue": NaN,
        "Gross Profit": NaN,
        "Operating Income": NaN,
        "EBIT": NaN,
        "Net Income": NaN
    },
    "2019-06-30": {
        "Diluted EPS": 1.44,
        "Total Revenue": NaN,
        "Gross Profit": NaN,
        "Operating Income": NaN,
        "EBIT": NaN,
        "Net Income": NaN
    },
    "2019-03-31": {
        "Diluted EPS": 1.0,
        "Total Revenue": NaN,
        "Gross Profit": NaN,
        "Operating Income": NaN,
        "EBIT": NaN,
        "Net Income": NaN
    },
    "2018-12-31": {
        "Diluted EPS": 4.81,
        "Total Revenue": NaN,
        "Gross Profit": NaN,
        "Operating Income": NaN,
        "EBIT": NaN,
        "Net Income": NaN
    },
    "2018-09-30": {
        "Diluted EPS": 1.75,
        "Total Revenue": NaN,
        "Gross Profit": NaN,
        "Operating Income": NaN,
        "EBIT": NaN,
        "Net Income": NaN
    },
    "2018-06-30": {
        "Diluted EPS": 1.28,
        "Total Revenue": NaN,
        "Gross Profit": NaN,
        "Operating Income": NaN,
        "EBIT": NaN,
        "Net Income": NaN
    },
    "2018-03-31": {
        "Diluted EPS": 0.94,
        "Total Revenue": NaN,
        "Gross Profit": NaN,
        "Operating Income": NaN,
        "EBIT": NaN,
        "Net Income": NaN
    },
    "2017-12-31": {
        "Diluted EPS": -0.48,
        "Total Revenue": NaN,
        "Gross Profit": NaN,
        "Operating Income": NaN,
        "EBIT": NaN,
        "Net Income": -710
    },
    "2017-09-30": {
        "Diluted EPS": 1.49,
        "Total Revenue": NaN,
        "Gross Profit": NaN,
        "Operating Income": NaN,
        "EBIT": NaN,
        "Net Income": NaN
    },
    "2017-06-30": {
        "Diluted EPS": 1.46,
        "Total Revenue": NaN,
        "Gross Profit": NaN,
        "Operating Income": NaN,
        "EBIT": NaN,
        "Net Income": NaN
    },
    "2017-03-31": {
        "Diluted EPS": 0.91,
        "Total Revenue": NaN,
        "Gross Profit": NaN,
        "Operating Income": NaN,
        "EBIT": NaN,
        "Net Income": NaN
    },
    "2016-12-31": {
        "Diluted EPS": 0.97,
        "Total Revenue": NaN,
        "Gross Profit": NaN,
        "Operating Income": NaN,
        "EBIT": NaN,
        "Net Income": NaN
    },
    "2016-09-30": {
        "Diluted EPS": 1.37,
        "Total Revenue": NaN,
        "Gross Profit": NaN,
        "Operating Income": NaN,
        "EBIT": NaN,
        "Net Income": NaN
    },
    "2016-06-30": {
        "Diluted EPS": 1.38,
        "Total Revenue": NaN,
        "Gross Profit": NaN,
        "Operating Income": NaN,
        "EBIT": NaN,
        "Net Income": NaN
    },
    "2016-03-31": {
        "Diluted EPS": 0.64,
        "Total Revenue": NaN,
        "Gross Profit": NaN,
        "Operating Income": NaN,
        "EBIT": NaN,
        "Net Income": 931
    },
    "2015-12-31": {
        "Diluted EPS": 1.17,
        "Total Revenue": NaN,
        "Gross Profit": NaN,
        "Operating Income": NaN,
        "EBIT": NaN,
        "Net Income": NaN
    },
    "2015-09-30": {
        "Diluted EPS": 0.36,
        "Total Revenue": NaN,
        "Gross Profit": NaN,
        "Operating Income": NaN,
        "EBIT": NaN,
        "Net Income": 533
    },
    "2015-06-30": {
        "Diluted EPS": 1.33,
        "Total Revenue": NaN,
        "Gross Profit": NaN,
        "Operating Income": NaN,
        "EBIT": NaN,
        "Net Income": NaN
    },
    "2015-03-31": {
        "Diluted EPS": 0.81,
        "Total Revenue": NaN,
        "Gross Profit": NaN,
        "Operating Income": NaN,
        "EBIT": NaN,
        "Net Income": NaN
    },
    "2014-12-31": {
        "Diluted EPS": 0.87,
        "Total Revenue": NaN,
        "Gross Profit": NaN,
        "Operating Income": NaN,
        "EBIT": NaN,
        "Net Income": NaN
    },
    "2014-09-30": {
        "Diluted EPS": 1.32,
        "Total Revenue": NaN,
        "Gross Profit": NaN,
        "Operating Income": NaN,
        "EBIT": NaN,
        "Net Income": NaN
    },
    "2014-06-30": {
        "Diluted EPS": 1.29,
        "Total Revenue": NaN,
        "Gross Profit": NaN,
        "Operating Income": NaN,
        "EBIT": NaN,
        "Net Income": NaN
    },
    "2014-03-31": {
        "Diluted EPS": 0.79,
        "Total Revenue": NaN,
        "Gross Profit": NaN,
        "Operating Income": NaN,
        "EBIT": NaN,
        "Net Income": NaN
    },
    "2013-12-31": {
        "Diluted EPS": 1.12,
        "Total Revenue": NaN,
        "Gross Profit": NaN,
        "Operating Income": NaN,
        "EBIT": NaN,
        "Net Income": NaN
    },
    "2013-09-30": {
        "Diluted EPS": 1.23,
        "Total Revenue": NaN,
        "Gross Profit": NaN,
        "Operating Income": NaN,
        "EBIT": NaN,
        "Net Income": NaN
    },
    "2013-06-30": {
        "Diluted EPS": 1.28,
        "Total Revenue": NaN,
        "Gross Profit": NaN,
        "Operating Income": NaN,
        "EBIT": NaN,
        "Net Income": NaN
    },
    "2013-03-31": {
        "Diluted EPS": 0.69,
        "Total Revenue": NaN,
        "Gross Profit": NaN,
        "Operating Income": NaN,
        "EBIT": NaN,
        "Net Income": NaN
    },
    "2012-12-31": {
        "Diluted EPS": 1.06,
        "Total Revenue": NaN,
        "Gross Profit": NaN,
        "Operating Income": NaN,
        "EBIT": NaN,
        "Net Income": NaN
    },
    "2012-09-30": {
        "Diluted EPS": 1.21,
        "Total Revenue": NaN,
        "Gross Profit": NaN,
        "Operating Income": NaN,
        "EBIT": NaN,
        "Net Income": NaN
    },
    "2012-06-30": {
        "Diluted EPS": 0.94,
        "Total Revenue": NaN,
        "Gross Profit": NaN,
        "Operating Income": NaN,
        "EBIT": NaN,
        "Net Income": NaN
    },
    "2012-03-31": {
        "Diluted EPS": 0.71,
        "Total Revenue": NaN,
        "Gross Profit": NaN,
        "Operating Income": NaN,
        "EBIT": NaN,
        "Net Income": NaN
    },
    "2011-12-31": {
        "Diluted EPS": 0.9,
        "Total Revenue": NaN,
        "Gross Profit": NaN,
        "Operating Income": NaN,
        "EBIT": NaN,
        "Net Income": NaN
    },
    "2011-09-30": {
        "Diluted EPS": 1.25,
        "Total Revenue": NaN,
        "Gross Profit": NaN,
        "Operating Income": NaN,
        "EBIT": NaN,
        "Net Income": NaN
    },
    "2011-06-30": {
        "Diluted EPS": 1.17,
        "Total Revenue": NaN,
        "Gross Profit": NaN,
        "Operating Income": NaN,
        "EBIT": NaN,
        "Net Income": NaN
    },
    "2011-03-31": {
        "Diluted EPS": 0.71,
        "Total Revenue": NaN,
        "Gross Profit": NaN,
        "Operating Income": NaN,
        "EBIT": NaN,
        "Net Income": NaN
    },
    "2010-12-31": {
        "Diluted EPS": 0.85,
        "Total Revenue": NaN,
        "Gross Profit": NaN,
        "Operating Income": NaN,
        "EBIT": NaN,
        "Net Income": NaN
    },
    "2010-09-30": {
        "Diluted EPS": 1.19,
        "Total Revenue": NaN,
        "Gross Profit": NaN,
        "Operating Income": NaN,
        "EBIT": NaN,
        "Net Income": NaN
    },
    "2010-06-30": {
        "Diluted EPS": 0.98,
        "Total Revenue": NaN,
        "Gross Profit": NaN,
        "Operating Income": NaN,
        "EBIT": NaN,
        "Net Income": NaN
    },
    "2010-03-31": {
        "Diluted EPS": 0.89,
        "Total Revenue": NaN,
        "Gross Profit": NaN,
        "Operating Income": 840,
        "EBIT": NaN,
        "Net Income": NaN
    },
    "2009-12-31": {
        "Diluted EPS": 0.9,
        "Total Revenue": NaN,
        "Gross Profit": NaN,
        "Operating Income": NaN,
        "EBIT": NaN,
        "Net Income": NaN
    },
    "2009-09-30": {
        "Diluted EPS": 1.09,
        "Total Revenue": NaN,
        "Gross Profit": NaN,
        "Operating Income": NaN,
        "EBIT": NaN,
        "Net Income": NaN
    },
    "2009-06-30": {
        "Diluted EPS": 1.06,
        "Total Revenue": NaN,
        "Gross Profit": NaN,
        "Operating Income": NaN,
        "EBIT": NaN,
        "Net Income": NaN
    },
    "2009-03-31": {
        "Diluted EPS": 0.72,
        "Total Revenue": NaN,
        "Gross Profit": NaN,
        "Operating Income": NaN,
        "EBIT": NaN,
        "Net Income": NaN
    },
    "2023-09-30": {
        "Tax Effect Of Unusual Items": 0.0,
        "Tax Rate For Calcs": 0.196,
        "Normalized EBITDA": 4918000000.0,
        "Total Unusual Items": -6000000.0,
        "Total Unusual Items Excluding Goodwill": -6000000.0,
        "Net Income From Continuing Operation Net Minority Interest": 3092000000.0,
        "Reconciled Depreciation": 841000000.0,
        "Reconciled Cost Of Revenue": 10675000000.0,
        "EBITDA": 4918000000.0,
        "EBIT": 4077000000.0,
        "Net Interest Income": -201000000.0,
        "Interest Expense": 201000000.0,
        "Normalized Income": 3092000000.0,
        "Net Income From Continuing And Discontinued Operation": 3092000000.0,
        "Total Expenses": 19438000000.0,
        "Total Operating Income As Reported": 4015000000.0,
        "Diluted Average Shares": 1383000000.0,
        "Basic Average Shares": 1376000000.0,
        "Diluted EPS": 2.24,
        "Basic EPS": 2.25,
        "Diluted NI Availto Com Stockholders": 3092000000.0,
        "Average Dilution Earnings": 0.0,
        "Net Income Common Stockholders": 3092000000.0,
        "Net Income": 3092000000.0,
        "Minority Interests": -24000000.0,
        "Net Income Including Noncontrolling Interests": 3116000000.0,
        "Net Income Continuous Operations": 3116000000.0,
        "Tax Provision": 760000000.0,
        "Pretax Income": 3876000000.0,
        "Other Income Expense": 62000000.0,
        "Other Non Operating Income Expenses": 62000000.0,
        "Special Income Charges": -6000000.0,
        "Impairment Of Capital Assets": 6000000.0,
        "Restructuring And Mergern Acquisition": 0.0,
        "Net Non Operating Interest Income Expense": -201000000.0,
        "Interest Expense Non Operating": 201000000.0,
        "Operating Income": 4015000000.0,
        "Operating Expense": 8763000000.0,
        "Selling General And Administration": 8763000000.0,
        "Gross Profit": 12778000000.0,
        "Cost Of Revenue": 10675000000.0,
        "Total Revenue": 23453000000.0,
        "Operating Revenue": 23453000000.0
    },
    "2023-12-31": {
        "Tax Effect Of Unusual Items": -125563600.782779,
        "Tax Rate For Calcs": 0.136334,
        "Normalized EBITDA": 3832000000.0,
        "Total Unusual Items": -921000000.0,
        "Total Unusual Items Excluding Goodwill": -921000000.0,
        "Net Income From Continuing Operation Net Minority Interest": 1302000000.0,
        "Reconciled Depreciation": 1161000000.0,
        "Reconciled Cost Of Revenue": 13097000000.0,
        "EBITDA": 2911000000.0,
        "EBIT": 1750000000.0,
        "Net Interest Income": -217000000.0,
        "Interest Expense": 217000000.0,
        "Normalized Income": 2097436399.217221,
        "Net Income From Continuing And Discontinued Operation": 1302000000.0,
        "Total Expenses": 25246000000.0,
        "Total Operating Income As Reported": 1683000000.0,
        "Diluted Average Shares": 1381000000.0,
        "Basic Average Shares": 1374000000.0,
        "Diluted EPS": 0.94,
        "Basic EPS": 0.947598,
        "Diluted NI Availto Com Stockholders": 1302000000.0,
        "Average Dilution Earnings": NaN,
        "Net Income Common Stockholders": 1302000000.0,
        "Net Income": 1302000000.0,
        "Minority Interests": -22000000.0,
        "Net Income Including Noncontrolling Interests": 1324000000.0,
        "Net Income Continuous Operations": 1324000000.0,
        "Tax Provision": 209000000.0,
        "Pretax Income": 1533000000.0,
        "Other Income Expense": -854000000.0,
        "Other Non Operating Income Expenses": 67000000.0,
        "Special Income Charges": -921000000.0,
        "Impairment Of Capital Assets": 921000000.0,
        "Restructuring And Mergern Acquisition": 0.0,
        "Net Non Operating Interest Income Expense": -217000000.0,
        "Interest Expense Non Operating": 217000000.0,
        "Operating Income": 2604000000.0,
        "Operating Expense": 12149000000.0,
        "Selling General And Administration": 12149000000.0,
        "Gross Profit": 14753000000.0,
        "Cost Of Revenue": 13097000000.0,
        "Total Revenue": 27850000000.0,
        "Operating Revenue": 27850000000.0
    },
    "2024-03-31": {
        "Tax Effect Of Unusual Items": 0.0,
        "Tax Rate For Calcs": 0.202,
        "Normalized EBITDA": 3543000000.0,
        "Total Unusual Items": NaN,
        "Total Unusual Items Excluding Goodwill": NaN,
        "Net Income From Continuing Operation Net Minority Interest": 2042000000.0,
        "Reconciled Depreciation": 768000000.0,
        "Reconciled Cost Of Revenue": 8248000000.0,
        "EBITDA": 3543000000.0,
        "EBIT": 2775000000.0,
        "Net Interest Income": -202000000.0,
        "Interest Expense": 202000000.0,
        "Normalized Income": 2042000000.0,
        "Net Income From Continuing And Discontinued Operation": 2042000000.0,
        "Total Expenses": 15533000000.0,
        "Total Operating Income As Reported": 2717000000.0,
        "Diluted Average Shares": 1380000000.0,
        "Basic Average Shares": 1375000000.0,
        "Diluted EPS": 1.48,
        "Basic EPS": 1.49,
        "Diluted NI Availto Com Stockholders": 2042000000.0,
        "Average Dilution Earnings": 0.0,
        "Net Income Common Stockholders": 2042000000.0,
        "Net Income": 2042000000.0,
        "Minority Interests": -11000000.0,
        "Net Income Including Noncontrolling Interests": 2053000000.0,
        "Net Income Continuous Operations": 2053000000.0,
        "Tax Provision": 520000000.0,
        "Pretax Income": 2573000000.0,
        "Other Income Expense": 58000000.0,
        "Other Non Operating Income Expenses": 58000000.0,
        "Special Income Charges": NaN,
        "Impairment Of Capital Assets": NaN,
        "Restructuring And Mergern Acquisition": NaN,
        "Net Non Operating Interest Income Expense": -202000000.0,
        "Interest Expense Non Operating": 202000000.0,
        "Operating Income": 2717000000.0,
        "Operating Expense": 7285000000.0,
        "Selling General And Administration": 7285000000.0,
        "Gross Profit": 10002000000.0,
        "Cost Of Revenue": 8248000000.0,
        "Total Revenue": 18250000000.0,
        "Operating Revenue": 18250000000.0
    },
    "2024-06-30": {
        "Tax Effect Of Unusual Items": 0.0,
        "Tax Rate For Calcs": 0.201,
        "Normalized EBITDA": 4993000000.0,
        "Total Unusual Items": NaN,
        "Total Unusual Items Excluding Goodwill": NaN,
        "Net Income From Continuing Operation Net Minority Interest": 3083000000.0,
        "Reconciled Depreciation": 889000000.0,
        "Reconciled Cost Of Revenue": 9919000000.0,
        "EBITDA": 4993000000.0,
        "EBIT": 4104000000.0,
        "Net Interest Income": -234000000.0,
        "Interest Expense": 234000000.0,
        "Normalized Income": 3083000000.0,
        "Net Income From Continuing And Discontinued Operation": 3083000000.0,
        "Total Expenses": 18453000000.0,
        "Total Operating Income As Reported": 4048000000.0,
        "Diluted Average Shares": 1379000000.0,
        "Basic Average Shares": 1375000000.0,
        "Diluted EPS": 2.23,
        "Basic EPS": 2.24,
        "Diluted NI Availto Com Stockholders": 3083000000.0,
        "Average Dilution Earnings": 0.0,
        "Net Income Common Stockholders": 3083000000.0,
        "Net Income": 3083000000.0,
        "Minority Interests": -11000000.0,
        "Net Income Including Noncontrolling Interests": 3094000000.0,
        "Net Income Continuous Operations": 3094000000.0,
        "Tax Provision": 776000000.0,
        "Pretax Income": 3870000000.0,
        "Other Income Expense": 56000000.0,
        "Other Non Operating Income Expenses": 56000000.0,
        "Special Income Charges": NaN,
        "Impairment Of Capital Assets": NaN,
        "Restructuring And Mergern Acquisition": NaN,
        "Net Non Operating Interest Income Expense": -234000000.0,
        "Interest Expense Non Operating": 234000000.0,
        "Operating Income": 4048000000.0,
        "Operating Expense": 8534000000.0,
        "Selling General And Administration": 8534000000.0,
        "Gross Profit": 12582000000.0,
        "Cost Of Revenue": 9919000000.0,
        "Total Revenue": 22501000000.0,
        "Operating Revenue": 22501000000.0
    },
    "2024-09-30": {
        "Tax Effect Of Unusual Items": 0.0,
        "Tax Rate For Calcs": 0.203,
        "Normalized EBITDA": 4812000000.0,
        "Total Unusual Items": NaN,
        "Total Unusual Items Excluding Goodwill": NaN,
        "Net Income From Continuing Operation Net Minority Interest": 2930000000.0,
        "Reconciled Depreciation": 899000000.0,
        "Reconciled Cost Of Revenue": 10396000000.0,
        "EBITDA": 4812000000.0,
        "EBIT": 3913000000.0,
        "Net Interest Income": -219000000.0,
        "Interest Expense": 219000000.0,
        "Normalized Income": 2930000000.0,
        "Net Income From Continuing And Discontinued Operation": 2930000000.0,
        "Total Expenses": 19447000000.0,
        "Total Operating Income As Reported": 3872000000.0,
        "Diluted Average Shares": 1378000000.0,
        "Basic Average Shares": 1373000000.0,
        "Diluted EPS": 2.13,
        "Basic EPS": 2.13,
        "Diluted NI Availto Com Stockholders": 2930000000.0,
        "Average Dilution Earnings": 0.0,
        "Net Income Common Stockholders": 2930000000.0,
        "Net Income": 2930000000.0,
        "Minority Interests": -15000000.0,
        "Net Income Including Noncontrolling Interests": 2945000000.0,
        "Net Income Continuous Operations": 2945000000.0,
        "Tax Provision": 749000000.0,
        "Pretax Income": 3694000000.0,
        "Other Income Expense": 41000000.0,
        "Other Non Operating Income Expenses": 41000000.0,
        "Special Income Charges": NaN,
        "Impairment Of Capital Assets": NaN,
        "Restructuring And Mergern Acquisition": NaN,
        "Net Non Operating Interest Income Expense": -219000000.0,
        "Interest Expense Non Operating": 219000000.0,
        "Operating Income": 3872000000.0,
        "Operating Expense": 9051000000.0,
        "Selling General And Administration": 9051000000.0,
        "Gross Profit": 12923000000.0,
        "Cost Of Revenue": 10396000000.0,
        "Total Revenue": 23319000000.0,
        "Operating Revenue": 23319000000.0
    }
}