{
    "2022-12-31": {
        "Tax Effect Of Unusual Items": 0.0,
        "Tax Rate For Calcs": 0.0,
        "Normalized EBITDA": -2285543.0,
        "Total Unusual Items": 0.0,
        "Total Unusual Items Excluding Goodwill": 0.0,
        "Net Income From Continuing Operation Net Minority Interest": -2311618.0,
        "Reconciled Depreciation": 33275.0,
        "Reconciled Cost Of Revenue": 223687.0,
        "EBITDA": -2285543.0,
        "EBIT": -2318818.0,
        "Net Interest Income": 7200.0,
        "Interest Expense": NaN,
        "Interest Income": NaN,
        "Normalized Income": -2311618.0,
        "Net Income From Continuing And Discontinued Operation": -2311618.0,
        "Total Expenses": 2828927.0,
        "Total Operating Income As Reported": -2318818.0,
        "Diluted Average Shares": 10098658.0,
        "Basic Average Shares": 10098658.0,
        "Diluted EPS": -0.23,
        "Basic EPS": -0.23,
        "Diluted NI Availto Com Stockholders": -2311618.0,
        "Net Income Common Stockholders": -2311618.0,
        "Net Income": -2311618.0,
        "Net Income Including Noncontrolling Interests": -2311618.0,
        "Net Income Continuous Operations": -2311618.0,
        "Tax Provision": 0.0,
        "Pretax Income": -2311618.0,
        "Other Income Expense": NaN,
        "Special Income Charges": 0.0,
        "Other Special Charges": NaN,
        "Net Non Operating Interest Income Expense": 7200.0,
        "Total Other Finance Cost": -7200.0,
        "Interest Expense Non Operating": NaN,
        "Interest Income Non Operating": NaN,
        "Operating Income": -2318818.0,
        "Operating Expense": 2605240.0,
        "Research And Development": 248157.0,
        "Selling General And Administration": 2357083.0,
        "Selling And Marketing Expense": 1047549.0,
        "General And Administrative Expense": 1309534.0,
        "Other Gand A": 1309534.0,
        "Gross Profit": 286422.0,
        "Cost Of Revenue": 223687.0,
        "Total Revenue": 510109.0,
        "Operating Revenue": 510109.0
    },
    "2022-09-30": {
        "Tax Effect Of Unusual Items": 0.0,
        "Tax Rate For Calcs": 0.0,
        "Normalized EBITDA": -2088611.0,
        "Total Unusual Items": 0.0,
        "Total Unusual Items Excluding Goodwill": 0.0,
        "Net Income From Continuing Operation Net Minority Interest": -2111589.0,
        "Reconciled Depreciation": 30957.0,
        "Reconciled Cost Of Revenue": 148159.0,
        "EBITDA": -2088611.0,
        "EBIT": -2119568.0,
        "Net Interest Income": 7979.0,
        "Interest Expense": NaN,
        "Interest Income": 7979.0,
        "Normalized Income": -2111589.0,
        "Net Income From Continuing And Discontinued Operation": -2111589.0,
        "Total Expenses": 2342848.0,
        "Total Operating Income As Reported": -2119568.0,
        "Diluted Average Shares": 10053463.0,
        "Basic Average Shares": 10053463.0,
        "Diluted EPS": -0.21,
        "Basic EPS": -0.21,
        "Diluted NI Availto Com Stockholders": -2111589.0,
        "Net Income Common Stockholders": -2111589.0,
        "Net Income": -2111589.0,
        "Net Income Including Noncontrolling Interests": -2111589.0,
        "Net Income Continuous Operations": -2111589.0,
        "Tax Provision": 0.0,
        "Pretax Income": -2111589.0,
        "Other Income Expense": NaN,
        "Special Income Charges": 0.0,
        "Other Special Charges": NaN,
        "Net Non Operating Interest Income Expense": 7979.0,
        "Total Other Finance Cost": NaN,
        "Interest Expense Non Operating": NaN,
        "Interest Income Non Operating": 7979.0,
        "Operating Income": -2119568.0,
        "Operating Expense": 2194689.0,
        "Research And Development": 140384.0,
        "Selling General And Administration": 2054305.0,
        "Selling And Marketing Expense": 867985.0,
        "General And Administrative Expense": 1186320.0,
        "Other Gand A": 1186320.0,
        "Gross Profit": 75121.0,
        "Cost Of Revenue": 148159.0,
        "Total Revenue": 223280.0,
        "Operating Revenue": 223280.0
    },
    "2022-06-30": {
        "Tax Effect Of Unusual Items": 0.0,
        "Tax Rate For Calcs": 0.0,
        "Normalized EBITDA": -1938540.0,
        "Total Unusual Items": 0.0,
        "Total Unusual Items Excluding Goodwill": 0.0,
        "Net Income From Continuing Operation Net Minority Interest": -1965428.0,
        "Reconciled Depreciation": 27553.0,
        "Reconciled Cost Of Revenue": 53020.0,
        "EBITDA": -1938540.0,
        "EBIT": -1966093.0,
        "Net Interest Income": 665.0,
        "Interest Income": 665.0,
        "Normalized Income": -1965428.0,
        "Net Income From Continuing And Discontinued Operation": -1965428.0,
        "Total Expenses": 2024267.0,
        "Total Operating Income As Reported": -1966093.0,
        "Diluted Average Shares": 9988361.0,
        "Basic Average Shares": 9988361.0,
        "Diluted EPS": -0.2,
        "Basic EPS": -0.2,
        "Diluted NI Availto Com Stockholders": -1965428.0,
        "Net Income Common Stockholders": -1965428.0,
        "Net Income": -1965428.0,
        "Net Income Including Noncontrolling Interests": -1965428.0,
        "Net Income Continuous Operations": -1965428.0,
        "Tax Provision": 0.0,
        "Pretax Income": -1965428.0,
        "Special Income Charges": 0.0,
        "Net Non Operating Interest Income Expense": 665.0,
        "Total Other Finance Cost": NaN,
        "Interest Income Non Operating": 665.0,
        "Operating Income": -1966093.0,
        "Operating Expense": 1971247.0,
        "Research And Development": 71656.0,
        "Selling General And Administration": 1899591.0,
        "Selling And Marketing Expense": 656569.0,
        "General And Administrative Expense": 1243022.0,
        "Other Gand A": 1243022.0,
        "Gross Profit": 5154.0,
        "Cost Of Revenue": 53020.0,
        "Total Revenue": 58174.0,
        "Operating Revenue": 58174.0
    },
    "2023-03-31": {
        "Tax Effect Of Unusual Items": 0.0,
        "Tax Rate For Calcs": 0.0,
        "Normalized EBITDA": -2306324.0,
        "Total Unusual Items": 0.0,
        "Total Unusual Items Excluding Goodwill": 0.0,
        "Net Income From Continuing Operation Net Minority Interest": -2328973.0,
        "Reconciled Depreciation": 22649.0,
        "Reconciled Cost Of Revenue": 101951.0,
        "EBITDA": -2306324.0,
        "EBIT": -2328973.0,
        "Net Interest Income": 0.0,
        "Interest Expense": NaN,
        "Interest Income": NaN,
        "Normalized Income": -2328973.0,
        "Net Income From Continuing And Discontinued Operation": -2328973.0,
        "Total Expenses": 2454572.0,
        "Total Operating Income As Reported": -2328973.0,
        "Diluted Average Shares": 10750856.0,
        "Basic Average Shares": 10750856.0,
        "Diluted EPS": -0.21,
        "Basic EPS": -0.21,
        "Diluted NI Availto Com Stockholders": -2328973.0,
        "Net Income Common Stockholders": -2328973.0,
        "Net Income": -2328973.0,
        "Net Income Including Noncontrolling Interests": -2328973.0,
        "Net Income Continuous Operations": -2328973.0,
        "Tax Provision": 0.0,
        "Pretax Income": -2328973.0,
        "Other Income Expense": NaN,
        "Special Income Charges": 0.0,
        "Other Special Charges": NaN,
        "Net Non Operating Interest Income Expense": 0.0,
        "Total Other Finance Cost": NaN,
        "Interest Expense Non Operating": NaN,
        "Interest Income Non Operating": NaN,
        "Operating Income": -2328973.0,
        "Operating Expense": 2352621.0,
        "Research And Development": 230380.0,
        "Selling General And Administration": 2122241.0,
        "Selling And Marketing Expense": 838174.0,
        "General And Administrative Expense": 1284067.0,
        "Other Gand A": 1284067.0,
        "Gross Profit": 23648.0,
        "Cost Of Revenue": 101951.0,
        "Total Revenue": 125599.0,
        "Operating Revenue": 125599.0
    },
    "2022-03-31": {
        "Diluted EPS": -0.2,
        "Total Revenue": 0,
        "Gross Profit": 0,
        "Operating Income": -2,
        "EBIT": -2,
        "Net Income": -2
    },
    "2021-12-31": {
        "Diluted EPS": -0.17,
        "Total Revenue": 0,
        "Gross Profit": 0,
        "Operating Income": -2,
        "EBIT": -2,
        "Net Income": -2
    },
    "2021-09-30": {
        "Diluted EPS": -0.13,
        "Total Revenue": 0,
        "Gross Profit": 0,
        "Operating Income": -1,
        "EBIT": -1,
        "Net Income": -1
    },
    "2021-06-30": {
        "Diluted EPS": -0.07,
        "Total Revenue": 0,
        "Gross Profit": 0,
        "Operating Income": -1,
        "EBIT": -1,
        "Net Income": 0
    },
    "2021-03-31": {
        "Diluted EPS": -0.02,
        "Total Revenue": 0,
        "Gross Profit": 0,
        "Operating Income": 0,
        "EBIT": 0,
        "Net Income": 0
    },
    "2020-12-31": {
        "Diluted EPS": -0.16,
        "Total Revenue": 0,
        "Gross Profit": 0,
        "Operating Income": 0,
        "EBIT": 0,
        "Net Income": -1
    },
    "2020-09-30": {
        "Diluted EPS": -0.23,
        "Total Revenue": 0,
        "Gross Profit": 0,
        "Operating Income": -1,
        "EBIT": -1,
        "Net Income": -1
    },
    "2020-06-30": {
        "Diluted EPS": -0.16,
        "Total Revenue": 0,
        "Gross Profit": 0,
        "Operating Income": 0,
        "EBIT": 0,
        "Net Income": -1
    },
    "2020-03-31": {
        "Diluted EPS": -0.05,
        "Total Revenue": 0,
        "Gross Profit": 0,
        "Operating Income": -1,
        "EBIT": 0,
        "Net Income": -1
    },
    "2019-12-31": {
        "Diluted EPS": -0.1,
        "Total Revenue": 0,
        "Gross Profit": 0,
        "Operating Income": -1,
        "EBIT": 0,
        "Net Income": -1
    },
    "2019-09-30": {
        "Diluted EPS": -0.12,
        "Total Revenue": NaN,
        "Gross Profit": 0,
        "Operating Income": 0,
        "EBIT": 0,
        "Net Income": -1
    },
    "2019-06-30": {
        "Diluted EPS": -0.12,
        "Total Revenue": NaN,
        "Gross Profit": NaN,
        "Operating Income": 0,
        "EBIT": 0,
        "Net Income": -1
    },
    "2019-03-31": {
        "Diluted EPS": -0.25,
        "Total Revenue": NaN,
        "Gross Profit": NaN,
        "Operating Income": -1,
        "EBIT": -1,
        "Net Income": -1
    },
    "2018-12-31": {
        "Diluted EPS": -0.12,
        "Total Revenue": NaN,
        "Gross Profit": NaN,
        "Operating Income": -1,
        "EBIT": 0,
        "Net Income": -1
    },
    "2018-09-30": {
        "Diluted EPS": -0.18,
        "Total Revenue": NaN,
        "Gross Profit": NaN,
        "Operating Income": -1,
        "EBIT": -1,
        "Net Income": -1
    },
    "2018-06-30": {
        "Diluted EPS": -0.49,
        "Total Revenue": NaN,
        "Gross Profit": NaN,
        "Operating Income": -2,
        "EBIT": -2,
        "Net Income": -2
    },
    "2018-03-31": {
        "Diluted EPS": -0.27,
        "Total Revenue": 0,
        "Gross Profit": 0,
        "Operating Income": -1,
        "EBIT": -1,
        "Net Income": -1
    },
    "2017-12-31": {
        "Diluted EPS": -0.13,
        "Total Revenue": NaN,
        "Gross Profit": NaN,
        "Operating Income": -1,
        "EBIT": 0,
        "Net Income": -1
    },
    "2017-09-30": {
        "Diluted EPS": -0.09,
        "Total Revenue": NaN,
        "Gross Profit": NaN,
        "Operating Income": 0,
        "EBIT": 0,
        "Net Income": 0
    },
    "2017-06-30": {
        "Diluted EPS": -0.13,
        "Total Revenue": 0,
        "Gross Profit": 0,
        "Operating Income": 0,
        "EBIT": 0,
        "Net Income": -1
    },
    "2017-03-31": {
        "Diluted EPS": -0.27,
        "Total Revenue": 0,
        "Gross Profit": 0,
        "Operating Income": -1,
        "EBIT": 0,
        "Net Income": 0
    },
    "2016-12-31": {
        "Diluted EPS": -0.13,
        "Total Revenue": 0,
        "Gross Profit": 0,
        "Operating Income": 0,
        "EBIT": 0,
        "Net Income": 0
    },
    "2016-09-30": {
        "Diluted EPS": -7.11,
        "Total Revenue": 0,
        "Gross Profit": 0,
        "Operating Income": -15,
        "EBIT": -15,
        "Net Income": -14
    },
    "2016-06-30": {
        "Diluted EPS": -0.18,
        "Total Revenue": 0,
        "Gross Profit": 0,
        "Operating Income": -1,
        "EBIT": 0,
        "Net Income": 0
    },
    "2016-03-31": {
        "Diluted EPS": -0.76,
        "Total Revenue": NaN,
        "Gross Profit": NaN,
        "Operating Income": -2,
        "EBIT": -1,
        "Net Income": -1
    },
    "2015-12-31": {
        "Diluted EPS": -0.22,
        "Total Revenue": NaN,
        "Gross Profit": NaN,
        "Operating Income": 0,
        "EBIT": 0,
        "Net Income": 0
    },
    "2015-09-30": {
        "Diluted EPS": -0.27,
        "Total Revenue": NaN,
        "Gross Profit": NaN,
        "Operating Income": 0,
        "EBIT": 0,
        "Net Income": 0
    },
    "2015-06-30": {
        "Diluted EPS": -0.8,
        "Total Revenue": 0,
        "Gross Profit": 0,
        "Operating Income": -1,
        "EBIT": 0,
        "Net Income": -1
    },
    "2015-03-31": {
        "Diluted EPS": 0.67,
        "Total Revenue": NaN,
        "Gross Profit": NaN,
        "Operating Income": 2,
        "EBIT": 2,
        "Net Income": 1
    },
    "2014-12-31": {
        "Diluted EPS": -0.53,
        "Total Revenue": NaN,
        "Gross Profit": NaN,
        "Operating Income": -1,
        "EBIT": -1,
        "Net Income": -1
    },
    "2014-09-30": {
        "Diluted EPS": -0.53,
        "Total Revenue": NaN,
        "Gross Profit": NaN,
        "Operating Income": -1,
        "EBIT": -1,
        "Net Income": -1
    },
    "2014-06-30": {
        "Diluted EPS": -0.53,
        "Total Revenue": NaN,
        "Gross Profit": NaN,
        "Operating Income": -1,
        "EBIT": -1,
        "Net Income": -1
    },
    "2014-03-31": {
        "Diluted EPS": 0.0,
        "Total Revenue": NaN,
        "Gross Profit": NaN,
        "Operating Income": -24,
        "EBIT": -24,
        "Net Income": -24
    },
    "2013-12-31": {
        "Diluted EPS": 0.0,
        "Total Revenue": NaN,
        "Gross Profit": NaN,
        "Operating Income": 0,
        "EBIT": 0,
        "Net Income": 0
    },
    "2013-09-30": {
        "Diluted EPS": 0.0,
        "Total Revenue": NaN,
        "Gross Profit": NaN,
        "Operating Income": -1,
        "EBIT": -1,
        "Net Income": -1
    },
    "2013-06-30": {
        "Diluted EPS": 0.0,
        "Total Revenue": NaN,
        "Gross Profit": NaN,
        "Operating Income": 0,
        "EBIT": 0,
        "Net Income": 0
    },
    "2013-03-31": {
        "Diluted EPS": 0.0,
        "Total Revenue": NaN,
        "Gross Profit": NaN,
        "Operating Income": 0,
        "EBIT": 0,
        "Net Income": 0
    },
    "2012-12-31": {
        "Diluted EPS": 0.0,
        "Total Revenue": NaN,
        "Gross Profit": NaN,
        "Operating Income": 0,
        "EBIT": 0,
        "Net Income": 0
    },
    "2012-09-30": {
        "Diluted EPS": 0.0,
        "Total Revenue": NaN,
        "Gross Profit": NaN,
        "Operating Income": 0,
        "EBIT": 0,
        "Net Income": 0
    },
    "2012-06-30": {
        "Diluted EPS": 0.0,
        "Total Revenue": NaN,
        "Gross Profit": NaN,
        "Operating Income": 0,
        "EBIT": 0,
        "Net Income": 0
    },
    "2012-03-31": {
        "Diluted EPS": 0.0,
        "Total Revenue": NaN,
        "Gross Profit": NaN,
        "Operating Income": 0,
        "EBIT": 0,
        "Net Income": 0
    },
    "2011-12-31": {
        "Diluted EPS": 0.0,
        "Total Revenue": NaN,
        "Gross Profit": NaN,
        "Operating Income": 0,
        "EBIT": 0,
        "Net Income": 0
    },
    "2011-09-30": {
        "Diluted EPS": 0.0,
        "Total Revenue": NaN,
        "Gross Profit": NaN,
        "Operating Income": 0,
        "EBIT": 0,
        "Net Income": 0
    },
    "2011-06-30": {
        "Diluted EPS": 0.0,
        "Total Revenue": NaN,
        "Gross Profit": NaN,
        "Operating Income": 0,
        "EBIT": 0,
        "Net Income": 0
    },
    "2011-03-31": {
        "Diluted EPS": 0.0,
        "Total Revenue": NaN,
        "Gross Profit": NaN,
        "Operating Income": NaN,
        "EBIT": NaN,
        "Net Income": NaN
    },
    "2010-12-31": {
        "Diluted EPS": 0.0,
        "Total Revenue": NaN,
        "Gross Profit": NaN,
        "Operating Income": 0,
        "EBIT": 0,
        "Net Income": 0
    },
    "2010-09-30": {
        "Diluted EPS": 0.0,
        "Total Revenue": NaN,
        "Gross Profit": NaN,
        "Operating Income": 0,
        "EBIT": 0,
        "Net Income": 0
    },
    "2023-06-30": {
        "Tax Effect Of Unusual Items": 0.0,
        "Tax Rate For Calcs": 0.0,
        "Normalized EBITDA": -2862428.0,
        "Total Unusual Items": NaN,
        "Total Unusual Items Excluding Goodwill": NaN,
        "Net Income From Continuing Operation Net Minority Interest": -2893577.0,
        "Reconciled Depreciation": 31149.0,
        "Reconciled Cost Of Revenue": 82269.0,
        "EBITDA": -2862428.0,
        "EBIT": -2893577.0,
        "Net Interest Income": 0.0,
        "Interest Expense": NaN,
        "Interest Income": 0.0,
        "Normalized Income": -2893577.0,
        "Net Income From Continuing And Discontinued Operation": -2893577.0,
        "Total Expenses": 3010760.0,
        "Total Operating Income As Reported": -2893577.0,
        "Diluted Average Shares": 11657035.0,
        "Basic Average Shares": 11657035.0,
        "Diluted EPS": -0.25,
        "Basic EPS": -0.25,
        "Diluted NI Availto Com Stockholders": -2893577.0,
        "Net Income Common Stockholders": -2893577.0,
        "Net Income": -2893577.0,
        "Net Income Including Noncontrolling Interests": -2893577.0,
        "Net Income Continuous Operations": -2893577.0,
        "Tax Provision": 0.0,
        "Pretax Income": -2893577.0,
        "Other Income Expense": NaN,
        "Special Income Charges": NaN,
        "Other Special Charges": NaN,
        "Net Non Operating Interest Income Expense": 0.0,
        "Total Other Finance Cost": NaN,
        "Interest Expense Non Operating": NaN,
        "Interest Income Non Operating": 0.0,
        "Operating Income": -2893577.0,
        "Operating Expense": 2928491.0,
        "Research And Development": 223807.0,
        "Selling General And Administration": 2704684.0,
        "Selling And Marketing Expense": 941886.0,
        "General And Administrative Expense": 1762798.0,
        "Other Gand A": 1762798.0,
        "Gross Profit": 34914.0,
        "Cost Of Revenue": 82269.0,
        "Total Revenue": 117183.0,
        "Operating Revenue": 117183.0
    },
    "2023-09-30": {
        "Tax Effect Of Unusual Items": 0.0,
        "Tax Rate For Calcs": 0.0,
        "Normalized EBITDA": -2912128.0,
        "Total Unusual Items": -714366.0,
        "Total Unusual Items Excluding Goodwill": -714366.0,
        "Net Income From Continuing Operation Net Minority Interest": -3661153.0,
        "Reconciled Depreciation": 32215.0,
        "Reconciled Cost Of Revenue": 140913.0,
        "EBITDA": -3626494.0,
        "EBIT": -3658709.0,
        "Net Interest Income": -2444.0,
        "Interest Expense": 2444.0,
        "Interest Income": NaN,
        "Normalized Income": -2946787.0,
        "Net Income From Continuing And Discontinued Operation": -3661153.0,
        "Total Expenses": 3151709.0,
        "Total Operating Income As Reported": -2944343.0,
        "Diluted Average Shares": 12987641.0,
        "Basic Average Shares": 12987641.0,
        "Diluted EPS": -0.28,
        "Basic EPS": -0.28,
        "Diluted NI Availto Com Stockholders": -3661153.0,
        "Net Income Common Stockholders": -3661153.0,
        "Net Income": -3661153.0,
        "Net Income Including Noncontrolling Interests": -3661153.0,
        "Net Income Continuous Operations": -3661153.0,
        "Tax Provision": 0.0,
        "Pretax Income": -3661153.0,
        "Other Income Expense": -714366.0,
        "Special Income Charges": -714366.0,
        "Other Special Charges": 714366.0,
        "Net Non Operating Interest Income Expense": -2444.0,
        "Total Other Finance Cost": NaN,
        "Interest Expense Non Operating": 2444.0,
        "Interest Income Non Operating": NaN,
        "Operating Income": -2944343.0,
        "Operating Expense": 3010796.0,
        "Research And Development": 240281.0,
        "Selling General And Administration": 2770515.0,
        "Selling And Marketing Expense": 1078725.0,
        "General And Administrative Expense": 1691790.0,
        "Other Gand A": 1691790.0,
        "Gross Profit": 66453.0,
        "Cost Of Revenue": 140913.0,
        "Total Revenue": 207366.0,
        "Operating Revenue": 207366.0
    }
}