{
    "2023-03-31": {
        "Tax Effect Of Unusual Items": NaN,
        "Tax Rate For Calcs": NaN,
        "Normalized EBITDA": NaN,
        "Total Unusual Items": NaN,
        "Total Unusual Items Excluding Goodwill": NaN,
        "Net Income From Continuing Operation Net Minority Interest": NaN,
        "Reconciled Depreciation": NaN,
        "Reconciled Cost Of Revenue": NaN,
        "EBITDA": NaN,
        "EBIT": NaN,
        "Net Interest Income": NaN,
        "Interest Expense": NaN,
        "Interest Income": NaN,
        "Normalized Income": NaN,
        "Net Income From Continuing And Discontinued Operation": NaN,
        "Total Expenses": NaN,
        "Diluted Average Shares": NaN,
        "Basic Average Shares": NaN,
        "Diluted EPS": NaN,
        "Basic EPS": NaN,
        "Diluted NI Availto Com Stockholders": NaN,
        "Net Income Common Stockholders": NaN,
        "Net Income": NaN,
        "Minority Interests": NaN,
        "Net Income Including Noncontrolling Interests": NaN,
        "Net Income Discontinuous Operations": NaN,
        "Net Income Continuous Operations": NaN,
        "Tax Provision": NaN,
        "Pretax Income": NaN,
        "Other Income Expense": NaN,
        "Other Non Operating Income Expenses": NaN,
        "Special Income Charges": NaN,
        "Gain On Sale Of Ppe": 7000000.0,
        "Other Special Charges": NaN,
        "Write Off": NaN,
        "Impairment Of Capital Assets": NaN,
        "Restructuring And Mergern Acquisition": NaN,
        "Earnings From Equity Interest": NaN,
        "Gain On Sale Of Security": NaN,
        "Net Non Operating Interest Income Expense": NaN,
        "Interest Expense Non Operating": NaN,
        "Interest Income Non Operating": NaN,
        "Operating Income": NaN,
        "Operating Expense": NaN,
        "Depreciation Amortization Depletion Income Statement": NaN,
        "Depreciation And Amortization In Income Statement": NaN,
        "Amortization": NaN,
        "Amortization Of Intangibles Income Statement": NaN,
        "Research And Development": NaN,
        "Selling General And Administration": NaN,
        "Gross Profit": NaN,
        "Cost Of Revenue": NaN,
        "Total Revenue": NaN,
        "Operating Revenue": NaN
    },
    "2022-12-31": {
        "Tax Effect Of Unusual Items": NaN,
        "Tax Rate For Calcs": NaN,
        "Normalized EBITDA": NaN,
        "Total Unusual Items": NaN,
        "Total Unusual Items Excluding Goodwill": NaN,
        "Net Income From Continuing Operation Net Minority Interest": NaN,
        "Reconciled Depreciation": NaN,
        "Reconciled Cost Of Revenue": NaN,
        "EBITDA": NaN,
        "EBIT": NaN,
        "Net Interest Income": NaN,
        "Interest Expense": NaN,
        "Interest Income": NaN,
        "Normalized Income": NaN,
        "Net Income From Continuing And Discontinued Operation": NaN,
        "Total Expenses": NaN,
        "Diluted Average Shares": NaN,
        "Basic Average Shares": NaN,
        "Diluted EPS": NaN,
        "Basic EPS": NaN,
        "Diluted NI Availto Com Stockholders": NaN,
        "Net Income Common Stockholders": NaN,
        "Net Income": NaN,
        "Minority Interests": NaN,
        "Net Income Including Noncontrolling Interests": NaN,
        "Net Income Discontinuous Operations": NaN,
        "Net Income Continuous Operations": NaN,
        "Tax Provision": NaN,
        "Pretax Income": NaN,
        "Other Income Expense": NaN,
        "Other Non Operating Income Expenses": NaN,
        "Special Income Charges": NaN,
        "Gain On Sale Of Ppe": 6000000.0,
        "Other Special Charges": NaN,
        "Write Off": NaN,
        "Impairment Of Capital Assets": NaN,
        "Restructuring And Mergern Acquisition": NaN,
        "Earnings From Equity Interest": NaN,
        "Gain On Sale Of Security": NaN,
        "Net Non Operating Interest Income Expense": NaN,
        "Interest Expense Non Operating": NaN,
        "Interest Income Non Operating": NaN,
        "Operating Income": NaN,
        "Operating Expense": NaN,
        "Depreciation Amortization Depletion Income Statement": NaN,
        "Depreciation And Amortization In Income Statement": NaN,
        "Amortization": NaN,
        "Amortization Of Intangibles Income Statement": NaN,
        "Research And Development": NaN,
        "Selling General And Administration": NaN,
        "Gross Profit": NaN,
        "Cost Of Revenue": NaN,
        "Total Revenue": NaN,
        "Operating Revenue": NaN
    },
    "2022-09-30": {
        "Tax Effect Of Unusual Items": NaN,
        "Tax Rate For Calcs": NaN,
        "Normalized EBITDA": NaN,
        "Total Unusual Items": NaN,
        "Total Unusual Items Excluding Goodwill": NaN,
        "Net Income From Continuing Operation Net Minority Interest": NaN,
        "Reconciled Depreciation": NaN,
        "Reconciled Cost Of Revenue": NaN,
        "EBITDA": NaN,
        "EBIT": NaN,
        "Net Interest Income": NaN,
        "Interest Expense": NaN,
        "Interest Income": NaN,
        "Normalized Income": NaN,
        "Net Income From Continuing And Discontinued Operation": NaN,
        "Total Expenses": NaN,
        "Diluted Average Shares": NaN,
        "Basic Average Shares": NaN,
        "Diluted EPS": NaN,
        "Basic EPS": NaN,
        "Diluted NI Availto Com Stockholders": NaN,
        "Net Income Common Stockholders": NaN,
        "Net Income": NaN,
        "Minority Interests": NaN,
        "Net Income Including Noncontrolling Interests": NaN,
        "Net Income Discontinuous Operations": NaN,
        "Net Income Continuous Operations": NaN,
        "Tax Provision": NaN,
        "Pretax Income": NaN,
        "Other Income Expense": NaN,
        "Other Non Operating Income Expenses": NaN,
        "Special Income Charges": NaN,
        "Gain On Sale Of Ppe": -7000000.0,
        "Other Special Charges": NaN,
        "Write Off": 17000000.0,
        "Impairment Of Capital Assets": NaN,
        "Restructuring And Mergern Acquisition": NaN,
        "Earnings From Equity Interest": NaN,
        "Gain On Sale Of Security": NaN,
        "Net Non Operating Interest Income Expense": NaN,
        "Interest Expense Non Operating": NaN,
        "Interest Income Non Operating": NaN,
        "Operating Income": NaN,
        "Operating Expense": NaN,
        "Depreciation Amortization Depletion Income Statement": NaN,
        "Depreciation And Amortization In Income Statement": NaN,
        "Amortization": NaN,
        "Amortization Of Intangibles Income Statement": NaN,
        "Research And Development": NaN,
        "Selling General And Administration": NaN,
        "Gross Profit": NaN,
        "Cost Of Revenue": NaN,
        "Total Revenue": NaN,
        "Operating Revenue": NaN
    },
    "2022-06-30": {
        "Tax Effect Of Unusual Items": -102065000.0,
        "Tax Rate For Calcs": 0.137,
        "Normalized EBITDA": 13307000000.0,
        "Total Unusual Items": -745000000.0,
        "Total Unusual Items Excluding Goodwill": -745000000.0,
        "Net Income From Continuing Operation Net Minority Interest": 9872000000.0,
        "Reconciled Depreciation": 822000000.0,
        "Reconciled Cost Of Revenue": 8648000000.0,
        "EBITDA": 12562000000.0,
        "EBIT": 11740000000.0,
        "Net Interest Income": -263000000.0,
        "Interest Expense": 293000000.0,
        "Interest Income": 30000000.0,
        "Normalized Income": 10514935000.0,
        "Net Income From Continuing And Discontinued Operation": 9906000000.0,
        "Total Expenses": 15333000000.0,
        "Diluted Average Shares": 5712000000.0,
        "Basic Average Shares": 5593000000.0,
        "Diluted EPS": 1.73,
        "Basic EPS": 1.77,
        "Diluted NI Availto Com Stockholders": 9906000000.0,
        "Net Income Common Stockholders": 9906000000.0,
        "Net Income": 9906000000.0,
        "Minority Interests": -6000000.0,
        "Net Income Including Noncontrolling Interests": 9911000000.0,
        "Net Income Discontinuous Operations": 34000000.0,
        "Net Income Continuous Operations": 9877000000.0,
        "Tax Provision": 1570000000.0,
        "Pretax Income": 11447000000.0,
        "Other Income Expense": -700000000.0,
        "Other Non Operating Income Expenses": -104000000.0,
        "Special Income Charges": -204000000.0,
        "Gain On Sale Of Ppe": 0.0,
        "Other Special Charges": 15000000.0,
        "Write Off": 20000000.0,
        "Impairment Of Capital Assets": NaN,
        "Restructuring And Mergern Acquisition": 189000000.0,
        "Earnings From Equity Interest": 149000000.0,
        "Gain On Sale Of Security": -541000000.0,
        "Net Non Operating Interest Income Expense": -263000000.0,
        "Interest Expense Non Operating": 293000000.0,
        "Interest Income Non Operating": 30000000.0,
        "Operating Income": 12409000000.0,
        "Operating Expense": 6685000000.0,
        "Depreciation Amortization Depletion Income Statement": 822000000.0,
        "Depreciation And Amortization In Income Statement": 822000000.0,
        "Amortization": 822000000.0,
        "Amortization Of Intangibles Income Statement": 822000000.0,
        "Research And Development": 2815000000.0,
        "Selling General And Administration": 3048000000.0,
        "Gross Profit": 19094000000.0,
        "Cost Of Revenue": 8648000000.0,
        "Total Revenue": 27742000000.0,
        "Operating Revenue": 27742000000.0
    },
    "2023-06-30": {
        "Tax Effect Of Unusual Items": NaN,
        "Tax Rate For Calcs": NaN,
        "Normalized EBITDA": NaN,
        "Total Unusual Items": NaN,
        "Total Unusual Items Excluding Goodwill": NaN,
        "Net Income From Continuing Operation Net Minority Interest": NaN,
        "Reconciled Depreciation": NaN,
        "Reconciled Cost Of Revenue": NaN,
        "EBITDA": NaN,
        "EBIT": NaN,
        "Net Interest Income": NaN,
        "Interest Expense": NaN,
        "Interest Income": NaN,
        "Normalized Income": NaN,
        "Net Income From Continuing And Discontinued Operation": NaN,
        "Total Expenses": NaN,
        "Diluted Average Shares": NaN,
        "Basic Average Shares": NaN,
        "Diluted EPS": NaN,
        "Basic EPS": NaN,
        "Diluted NI Availto Com Stockholders": NaN,
        "Net Income Common Stockholders": NaN,
        "Net Income": NaN,
        "Minority Interests": NaN,
        "Net Income Including Noncontrolling Interests": NaN,
        "Net Income Discontinuous Operations": NaN,
        "Net Income Continuous Operations": NaN,
        "Tax Provision": NaN,
        "Pretax Income": NaN,
        "Other Income Expense": NaN,
        "Other Non Operating Income Expenses": NaN,
        "Special Income Charges": NaN,
        "Gain On Sale Of Ppe": -5000000.0,
        "Other Special Charges": NaN,
        "Write Off": 15000000.0,
        "Impairment Of Capital Assets": NaN,
        "Restructuring And Mergern Acquisition": NaN,
        "Earnings From Equity Interest": NaN,
        "Gain On Sale Of Security": NaN,
        "Net Non Operating Interest Income Expense": NaN,
        "Interest Expense Non Operating": NaN,
        "Interest Income Non Operating": NaN,
        "Operating Income": NaN,
        "Operating Expense": NaN,
        "Depreciation Amortization Depletion Income Statement": NaN,
        "Depreciation And Amortization In Income Statement": NaN,
        "Amortization": NaN,
        "Amortization Of Intangibles Income Statement": NaN,
        "Research And Development": NaN,
        "Selling General And Administration": NaN,
        "Gross Profit": NaN,
        "Cost Of Revenue": NaN,
        "Total Revenue": NaN,
        "Operating Revenue": NaN
    },
    "2022-03-31": {
        "Diluted EPS": 1.37,
        "Total Revenue": NaN,
        "Gross Profit": NaN,
        "Operating Income": NaN,
        "EBIT": NaN,
        "Net Income": NaN
    },
    "2021-12-31": {
        "Diluted EPS": 0.59,
        "Total Revenue": NaN,
        "Gross Profit": NaN,
        "Operating Income": NaN,
        "EBIT": NaN,
        "Net Income": NaN
    },
    "2021-09-30": {
        "Diluted EPS": 1.42,
        "Total Revenue": NaN,
        "Gross Profit": NaN,
        "Operating Income": NaN,
        "EBIT": NaN,
        "Net Income": NaN
    },
    "2021-06-30": {
        "Diluted EPS": 0.98,
        "Total Revenue": NaN,
        "Gross Profit": NaN,
        "Operating Income": NaN,
        "EBIT": NaN,
        "Net Income": NaN
    },
    "2021-03-31": {
        "Diluted EPS": 0.86,
        "Total Revenue": NaN,
        "Gross Profit": NaN,
        "Operating Income": NaN,
        "EBIT": NaN,
        "Net Income": NaN
    },
    "2020-12-31": {
        "Diluted EPS": 0.15,
        "Total Revenue": NaN,
        "Gross Profit": NaN,
        "Operating Income": 703,
        "EBIT": NaN,
        "Net Income": 846
    },
    "2020-09-30": {
        "Diluted EPS": 0.26,
        "Total Revenue": NaN,
        "Gross Profit": NaN,
        "Operating Income": NaN,
        "EBIT": NaN,
        "Net Income": NaN
    },
    "2020-06-30": {
        "Diluted EPS": 0.62,
        "Total Revenue": NaN,
        "Gross Profit": NaN,
        "Operating Income": NaN,
        "EBIT": NaN,
        "Net Income": NaN
    },
    "2020-03-31": {
        "Diluted EPS": 0.6,
        "Total Revenue": NaN,
        "Gross Profit": NaN,
        "Operating Income": NaN,
        "EBIT": NaN,
        "Net Income": NaN
    },
    "2019-12-31": {
        "Diluted EPS": -0.11,
        "Total Revenue": NaN,
        "Gross Profit": NaN,
        "Operating Income": NaN,
        "EBIT": NaN,
        "Net Income": -584
    },
    "2019-09-30": {
        "Diluted EPS": 1.36,
        "Total Revenue": NaN,
        "Gross Profit": NaN,
        "Operating Income": NaN,
        "EBIT": NaN,
        "Net Income": NaN
    },
    "2019-06-30": {
        "Diluted EPS": 0.89,
        "Total Revenue": NaN,
        "Gross Profit": NaN,
        "Operating Income": NaN,
        "EBIT": NaN,
        "Net Income": NaN
    },
    "2019-03-31": {
        "Diluted EPS": 0.68,
        "Total Revenue": NaN,
        "Gross Profit": NaN,
        "Operating Income": NaN,
        "EBIT": NaN,
        "Net Income": NaN
    },
    "2018-12-31": {
        "Diluted EPS": -0.06,
        "Total Revenue": NaN,
        "Gross Profit": 341,
        "Operating Income": NaN,
        "EBIT": NaN,
        "Net Income": -394
    },
    "2018-09-30": {
        "Diluted EPS": 0.69,
        "Total Revenue": NaN,
        "Gross Profit": NaN,
        "Operating Income": NaN,
        "EBIT": NaN,
        "Net Income": NaN
    },
    "2018-06-30": {
        "Diluted EPS": 0.65,
        "Total Revenue": NaN,
        "Gross Profit": NaN,
        "Operating Income": NaN,
        "EBIT": NaN,
        "Net Income": NaN
    },
    "2018-03-31": {
        "Diluted EPS": 0.59,
        "Total Revenue": NaN,
        "Gross Profit": NaN,
        "Operating Income": NaN,
        "EBIT": NaN,
        "Net Income": NaN
    },
    "2017-12-31": {
        "Diluted EPS": 2.03,
        "Total Revenue": NaN,
        "Gross Profit": NaN,
        "Operating Income": NaN,
        "EBIT": NaN,
        "Net Income": NaN
    },
    "2017-09-30": {
        "Diluted EPS": 0.47,
        "Total Revenue": NaN,
        "Gross Profit": NaN,
        "Operating Income": NaN,
        "EBIT": NaN,
        "Net Income": NaN
    },
    "2017-06-30": {
        "Diluted EPS": 0.51,
        "Total Revenue": NaN,
        "Gross Profit": NaN,
        "Operating Income": NaN,
        "EBIT": NaN,
        "Net Income": NaN
    },
    "2017-03-31": {
        "Diluted EPS": 0.51,
        "Total Revenue": NaN,
        "Gross Profit": NaN,
        "Operating Income": NaN,
        "EBIT": NaN,
        "Net Income": NaN
    },
    "2016-12-31": {
        "Diluted EPS": 0.13,
        "Total Revenue": NaN,
        "Gross Profit": NaN,
        "Operating Income": NaN,
        "EBIT": NaN,
        "Net Income": 775
    },
    "2016-09-30": {
        "Diluted EPS": 0.22,
        "Total Revenue": NaN,
        "Gross Profit": NaN,
        "Operating Income": NaN,
        "EBIT": NaN,
        "Net Income": NaN
    },
    "2016-06-30": {
        "Diluted EPS": 0.33,
        "Total Revenue": NaN,
        "Gross Profit": NaN,
        "Operating Income": NaN,
        "EBIT": NaN,
        "Net Income": NaN
    },
    "2016-03-31": {
        "Diluted EPS": 0.49,
        "Total Revenue": NaN,
        "Gross Profit": NaN,
        "Operating Income": NaN,
        "EBIT": NaN,
        "Net Income": NaN
    },
    "2015-12-31": {
        "Diluted EPS": -0.03,
        "Total Revenue": NaN,
        "Gross Profit": NaN,
        "Operating Income": NaN,
        "EBIT": NaN,
        "Net Income": -172
    },
    "2015-09-30": {
        "Diluted EPS": 0.34,
        "Total Revenue": NaN,
        "Gross Profit": NaN,
        "Operating Income": NaN,
        "EBIT": NaN,
        "Net Income": NaN
    },
    "2015-06-30": {
        "Diluted EPS": 0.42,
        "Total Revenue": NaN,
        "Gross Profit": NaN,
        "Operating Income": NaN,
        "EBIT": NaN,
        "Net Income": NaN
    },
    "2015-03-31": {
        "Diluted EPS": 0.38,
        "Total Revenue": NaN,
        "Gross Profit": NaN,
        "Operating Income": NaN,
        "EBIT": NaN,
        "Net Income": NaN
    },
    "2014-12-31": {
        "Diluted EPS": 0.19,
        "Total Revenue": NaN,
        "Gross Profit": NaN,
        "Operating Income": NaN,
        "EBIT": NaN,
        "Net Income": NaN
    },
    "2014-09-30": {
        "Diluted EPS": 0.42,
        "Total Revenue": NaN,
        "Gross Profit": NaN,
        "Operating Income": NaN,
        "EBIT": NaN,
        "Net Income": NaN
    },
    "2014-06-30": {
        "Diluted EPS": 0.45,
        "Total Revenue": NaN,
        "Gross Profit": NaN,
        "Operating Income": NaN,
        "EBIT": NaN,
        "Net Income": NaN
    },
    "2014-03-31": {
        "Diluted EPS": 0.36,
        "Total Revenue": NaN,
        "Gross Profit": NaN,
        "Operating Income": NaN,
        "EBIT": NaN,
        "Net Income": NaN
    },
    "2013-12-31": {
        "Diluted EPS": 0.44,
        "Total Revenue": NaN,
        "Gross Profit": NaN,
        "Operating Income": NaN,
        "EBIT": NaN,
        "Net Income": NaN
    },
    "2013-09-30": {
        "Diluted EPS": 0.39,
        "Total Revenue": NaN,
        "Gross Profit": NaN,
        "Operating Income": NaN,
        "EBIT": NaN,
        "Net Income": NaN
    },
    "2013-06-30": {
        "Diluted EPS": 1.98,
        "Total Revenue": NaN,
        "Gross Profit": NaN,
        "Operating Income": NaN,
        "EBIT": NaN,
        "Net Income": NaN
    },
    "2013-03-31": {
        "Diluted EPS": 0.38,
        "Total Revenue": NaN,
        "Gross Profit": NaN,
        "Operating Income": NaN,
        "EBIT": NaN,
        "Net Income": NaN
    },
    "2012-12-31": {
        "Diluted EPS": 0.84,
        "Total Revenue": NaN,
        "Gross Profit": NaN,
        "Operating Income": NaN,
        "EBIT": NaN,
        "Net Income": NaN
    },
    "2012-09-30": {
        "Diluted EPS": 0.43,
        "Total Revenue": NaN,
        "Gross Profit": NaN,
        "Operating Income": NaN,
        "EBIT": NaN,
        "Net Income": NaN
    },
    "2012-06-30": {
        "Diluted EPS": 0.43,
        "Total Revenue": NaN,
        "Gross Profit": NaN,
        "Operating Income": NaN,
        "EBIT": NaN,
        "Net Income": NaN
    },
    "2012-03-31": {
        "Diluted EPS": 0.24,
        "Total Revenue": NaN,
        "Gross Profit": NaN,
        "Operating Income": NaN,
        "EBIT": NaN,
        "Net Income": NaN
    },
    "2011-12-31": {
        "Diluted EPS": 0.18,
        "Total Revenue": NaN,
        "Gross Profit": NaN,
        "Operating Income": NaN,
        "EBIT": NaN,
        "Net Income": NaN
    },
    "2011-09-30": {
        "Diluted EPS": 0.48,
        "Total Revenue": NaN,
        "Gross Profit": NaN,
        "Operating Income": NaN,
        "EBIT": NaN,
        "Net Income": NaN
    },
    "2011-06-30": {
        "Diluted EPS": 0.33,
        "Total Revenue": NaN,
        "Gross Profit": NaN,
        "Operating Income": NaN,
        "EBIT": NaN,
        "Net Income": NaN
    },
    "2011-03-31": {
        "Diluted EPS": 0.28,
        "Total Revenue": NaN,
        "Gross Profit": NaN,
        "Operating Income": NaN,
        "EBIT": NaN,
        "Net Income": NaN
    },
    "2010-12-31": {
        "Diluted EPS": 0.35,
        "Total Revenue": NaN,
        "Gross Profit": NaN,
        "Operating Income": NaN,
        "EBIT": NaN,
        "Net Income": NaN
    },
    "2010-09-30": {
        "Diluted EPS": 0.11,
        "Total Revenue": NaN,
        "Gross Profit": NaN,
        "Operating Income": NaN,
        "EBIT": NaN,
        "Net Income": 866
    },
    "2010-06-30": {
        "Diluted EPS": 0.31,
        "Total Revenue": NaN,
        "Gross Profit": NaN,
        "Operating Income": NaN,
        "EBIT": NaN,
        "Net Income": NaN
    },
    "2010-03-31": {
        "Diluted EPS": 0.25,
        "Total Revenue": NaN,
        "Gross Profit": NaN,
        "Operating Income": NaN,
        "EBIT": NaN,
        "Net Income": NaN
    },
    "2009-12-31": {
        "Diluted EPS": 0.06,
        "Total Revenue": NaN,
        "Gross Profit": NaN,
        "Operating Income": -39,
        "EBIT": NaN,
        "Net Income": 767
    },
    "2009-09-30": {
        "Diluted EPS": 0.43,
        "Total Revenue": NaN,
        "Gross Profit": NaN,
        "Operating Income": NaN,
        "EBIT": NaN,
        "Net Income": NaN
    },
    "2009-06-30": {
        "Diluted EPS": 0.34,
        "Total Revenue": NaN,
        "Gross Profit": NaN,
        "Operating Income": NaN,
        "EBIT": NaN,
        "Net Income": NaN
    },
    "2009-03-31": {
        "Diluted EPS": 0.4,
        "Total Revenue": NaN,
        "Gross Profit": NaN,
        "Operating Income": NaN,
        "EBIT": NaN,
        "Net Income": NaN
    },
    "2023-09-30": {
        "Tax Effect Of Unusual Items": -194400000.0,
        "Tax Rate For Calcs": 0.288,
        "Normalized EBITDA": -422000000.0,
        "Total Unusual Items": -675000000.0,
        "Total Unusual Items Excluding Goodwill": -675000000.0,
        "Net Income From Continuing Operation Net Minority Interest": -2394000000.0,
        "Reconciled Depreciation": 1560000000.0,
        "Reconciled Cost Of Revenue": 8888000000.0,
        "EBITDA": -1097000000.0,
        "EBIT": -2657000000.0,
        "Net Interest Income": -172000000.0,
        "Interest Expense": 695000000.0,
        "Interest Income": 523000000.0,
        "Normalized Income": -1913400000.0,
        "Net Income From Continuing And Discontinued Operation": -2382000000.0,
        "Total Expenses": 16440000000.0,
        "Diluted Average Shares": 5646000000.0,
        "Basic Average Shares": 5646000000.0,
        "Diluted EPS": -0.42,
        "Basic EPS": -0.42,
        "Diluted NI Availto Com Stockholders": -2382000000.0,
        "Net Income Common Stockholders": -2382000000.0,
        "Net Income": -2382000000.0,
        "Minority Interests": -6000000.0,
        "Net Income Including Noncontrolling Interests": -2376000000.0,
        "Net Income Discontinuous Operations": 12000000.0,
        "Net Income Continuous Operations": -2388000000.0,
        "Tax Provision": -964000000.0,
        "Pretax Income": -3352000000.0,
        "Other Income Expense": -230000000.0,
        "Other Non Operating Income Expenses": 314000000.0,
        "Special Income Charges": -282000000.0,
        "Gain On Sale Of Ppe": 0.0,
        "Other Special Charges": 128000000.0,
        "Write Off": 40000000.0,
        "Impairment Of Capital Assets": 0.0,
        "Restructuring And Mergern Acquisition": 114000000.0,
        "Earnings From Equity Interest": 131000000.0,
        "Gain On Sale Of Security": -393000000.0,
        "Net Non Operating Interest Income Expense": -172000000.0,
        "Interest Expense Non Operating": 695000000.0,
        "Interest Income Non Operating": 523000000.0,
        "Operating Income": -2948000000.0,
        "Operating Expense": 7171000000.0,
        "Depreciation Amortization Depletion Income Statement": 1179000000.0,
        "Depreciation And Amortization In Income Statement": 1179000000.0,
        "Amortization": 1179000000.0,
        "Amortization Of Intangibles Income Statement": 1179000000.0,
        "Research And Development": 2711000000.0,
        "Selling General And Administration": 3281000000.0,
        "Gross Profit": 4223000000.0,
        "Cost Of Revenue": 9269000000.0,
        "Total Revenue": 13492000000.0,
        "Operating Revenue": 13492000000.0
    },
    "2023-12-31": {
        "Tax Effect Of Unusual Items": -627297166.384112,
        "Tax Rate For Calcs": 0.192541,
        "Normalized EBITDA": 1487000000.0,
        "Total Unusual Items": -3258000000.0,
        "Total Unusual Items Excluding Goodwill": -3258000000.0,
        "Net Income From Continuing Operation Net Minority Interest": -3343000000.0,
        "Reconciled Depreciation": 1670000000.0,
        "Reconciled Cost Of Revenue": 7160000000.0,
        "EBITDA": -1771000000.0,
        "EBIT": -3441000000.0,
        "Net Interest Income": -79000000.0,
        "Interest Expense": 688000000.0,
        "Interest Income": 609000000.0,
        "Normalized Income": -712297166.384112,
        "Net Income From Continuing And Discontinued Operation": -3369000000.0,
        "Total Expenses": 16220000000.0,
        "Diluted Average Shares": 5647000000.0,
        "Basic Average Shares": 5647000000.0,
        "Diluted EPS": -0.6,
        "Basic EPS": -0.6,
        "Diluted NI Availto Com Stockholders": -3369000000.0,
        "Net Income Common Stockholders": -3369000000.0,
        "Net Income": -3369000000.0,
        "Minority Interests": -9000000.0,
        "Net Income Including Noncontrolling Interests": -3360000000.0,
        "Net Income Discontinuous Operations": -26000000.0,
        "Net Income Continuous Operations": -3335000000.0,
        "Tax Provision": -795000000.0,
        "Pretax Income": -4129000000.0,
        "Other Income Expense": -2077000000.0,
        "Other Non Operating Income Expenses": 1030000000.0,
        "Special Income Charges": -5557000000.0,
        "Gain On Sale Of Ppe": NaN,
        "Other Special Charges": 230000000.0,
        "Write Off": NaN,
        "Impairment Of Capital Assets": 2760000000.0,
        "Restructuring And Mergern Acquisition": 2610000000.0,
        "Earnings From Equity Interest": 151000000.0,
        "Gain On Sale Of Security": 2299000000.0,
        "Net Non Operating Interest Income Expense": -79000000.0,
        "Interest Expense Non Operating": 688000000.0,
        "Interest Income Non Operating": 609000000.0,
        "Operating Income": -1971000000.0,
        "Operating Expense": 8657000000.0,
        "Depreciation Amortization Depletion Income Statement": 1267000000.0,
        "Depreciation And Amortization In Income Statement": 1267000000.0,
        "Amortization": 1267000000.0,
        "Amortization Of Intangibles Income Statement": 1267000000.0,
        "Research And Development": 2815000000.0,
        "Selling General And Administration": 4575000000.0,
        "Gross Profit": 6686000000.0,
        "Cost Of Revenue": 7563000000.0,
        "Total Revenue": 14249000000.0,
        "Operating Revenue": 14249000000.0
    },
    "2024-03-31": {
        "Tax Effect Of Unusual Items": -33884000.0,
        "Tax Rate For Calcs": 0.086,
        "Normalized EBITDA": 6341000000.0,
        "Total Unusual Items": -394000000.0,
        "Total Unusual Items Excluding Goodwill": -394000000.0,
        "Net Income From Continuing Operation Net Minority Interest": 3120000000.0,
        "Reconciled Depreciation": 1736000000.0,
        "Reconciled Cost Of Revenue": 2951000000.0,
        "EBITDA": 5947000000.0,
        "EBIT": 4211000000.0,
        "Net Interest Income": -661000000.0,
        "Interest Expense": 790000000.0,
        "Interest Income": 129000000.0,
        "Normalized Income": 3480116000.0,
        "Net Income From Continuing And Discontinued Operation": 3115000000.0,
        "Total Expenses": 10675000000.0,
        "Diluted Average Shares": 5697000000.0,
        "Basic Average Shares": 5657000000.0,
        "Diluted EPS": 0.55,
        "Basic EPS": 0.55,
        "Diluted NI Availto Com Stockholders": 3115000000.0,
        "Net Income Common Stockholders": 3115000000.0,
        "Net Income": 3115000000.0,
        "Minority Interests": -8000000.0,
        "Net Income Including Noncontrolling Interests": 3123000000.0,
        "Net Income Discontinuous Operations": -5000000.0,
        "Net Income Continuous Operations": 3128000000.0,
        "Tax Provision": 293000000.0,
        "Pretax Income": 3421000000.0,
        "Other Income Expense": -121000000.0,
        "Other Non Operating Income Expenses": 361000000.0,
        "Special Income Charges": -419000000.0,
        "Gain On Sale Of Ppe": NaN,
        "Other Special Charges": 208000000.0,
        "Write Off": 25000000.0,
        "Impairment Of Capital Assets": 109000000.0,
        "Restructuring And Mergern Acquisition": 77000000.0,
        "Earnings From Equity Interest": -88000000.0,
        "Gain On Sale Of Security": 25000000.0,
        "Net Non Operating Interest Income Expense": -661000000.0,
        "Interest Expense Non Operating": 790000000.0,
        "Interest Income Non Operating": 129000000.0,
        "Operating Income": 4203000000.0,
        "Operating Expense": 7296000000.0,
        "Depreciation Amortization Depletion Income Statement": 1308000000.0,
        "Depreciation And Amortization In Income Statement": 1308000000.0,
        "Amortization": 1308000000.0,
        "Amortization Of Intangibles Income Statement": 1308000000.0,
        "Research And Development": 2493000000.0,
        "Selling General And Administration": 3495000000.0,
        "Gross Profit": 11499000000.0,
        "Cost Of Revenue": 3379000000.0,
        "Total Revenue": 14878000000.0,
        "Operating Revenue": 14878000000.0
    },
    "2024-06-30": {
        "Tax Effect Of Unusual Items": -417690000.0,
        "Tax Rate For Calcs": 0.21,
        "Normalized EBITDA": 4395000000.0,
        "Total Unusual Items": -1989000000.0,
        "Total Unusual Items Excluding Goodwill": -1989000000.0,
        "Net Income From Continuing Operation Net Minority Interest": 24000000.0,
        "Reconciled Depreciation": 1731000000.0,
        "Reconciled Cost Of Revenue": 2876000000.0,
        "EBITDA": 2406000000.0,
        "EBIT": 675000000.0,
        "Net Interest Income": -648000000.0,
        "Interest Expense": 778000000.0,
        "Interest Income": 130000000.0,
        "Normalized Income": 1595310000.0,
        "Net Income From Continuing And Discontinued Operation": 41000000.0,
        "Total Expenses": 11020000000.0,
        "Diluted Average Shares": 5696000000.0,
        "Basic Average Shares": 5666000000.0,
        "Diluted EPS": 0.01,
        "Basic EPS": 0.01,
        "Diluted NI Availto Com Stockholders": 41000000.0,
        "Net Income Common Stockholders": 41000000.0,
        "Net Income": 41000000.0,
        "Minority Interests": -7000000.0,
        "Net Income Including Noncontrolling Interests": 48000000.0,
        "Net Income Discontinuous Operations": 17000000.0,
        "Net Income Continuous Operations": 31000000.0,
        "Tax Provision": -134000000.0,
        "Pretax Income": -103000000.0,
        "Other Income Expense": -1719000000.0,
        "Other Non Operating Income Expenses": 230000000.0,
        "Special Income Charges": -1647000000.0,
        "Gain On Sale Of Ppe": NaN,
        "Other Special Charges": 153000000.0,
        "Write Off": 41000000.0,
        "Impairment Of Capital Assets": 240000000.0,
        "Restructuring And Mergern Acquisition": 1213000000.0,
        "Earnings From Equity Interest": 40000000.0,
        "Gain On Sale Of Security": -342000000.0,
        "Net Non Operating Interest Income Expense": -648000000.0,
        "Interest Expense Non Operating": 778000000.0,
        "Interest Income Non Operating": 130000000.0,
        "Operating Income": 2263000000.0,
        "Operating Expense": 7720000000.0,
        "Depreciation Amortization Depletion Income Statement": 1307000000.0,
        "Depreciation And Amortization In Income Statement": 1307000000.0,
        "Amortization": 1307000000.0,
        "Amortization Of Intangibles Income Statement": 1307000000.0,
        "Research And Development": 2696000000.0,
        "Selling General And Administration": 3717000000.0,
        "Gross Profit": 9983000000.0,
        "Cost Of Revenue": 3300000000.0,
        "Total Revenue": 13283000000.0,
        "Operating Revenue": 13283000000.0
    },
    "2024-09-30": {
        "Tax Effect Of Unusual Items": 3750000.0,
        "Tax Rate For Calcs": 0.05,
        "Normalized EBITDA": 7178000000.0,
        "Total Unusual Items": 75000000.0,
        "Total Unusual Items Excluding Goodwill": 75000000.0,
        "Net Income From Continuing Operation Net Minority Interest": 4473000000.0,
        "Reconciled Depreciation": 1755000000.0,
        "Reconciled Cost Of Revenue": 4820000000.0,
        "EBITDA": 7253000000.0,
        "EBIT": 5498000000.0,
        "Net Interest Income": -667000000.0,
        "Interest Expense": 783000000.0,
        "Interest Income": 116000000.0,
        "Normalized Income": 4401750000.0,
        "Net Income From Continuing And Discontinued Operation": 4465000000.0,
        "Total Expenses": 12417000000.0,
        "Diluted Average Shares": 5705000000.0,
        "Basic Average Shares": 5667000000.0,
        "Diluted EPS": 0.78,
        "Basic EPS": 0.79,
        "Diluted NI Availto Com Stockholders": 4465000000.0,
        "Net Income Common Stockholders": 4465000000.0,
        "Net Income": 4465000000.0,
        "Minority Interests": -8000000.0,
        "Net Income Including Noncontrolling Interests": 4473000000.0,
        "Net Income Discontinuous Operations": -8000000.0,
        "Net Income Continuous Operations": 4481000000.0,
        "Tax Provision": 234000000.0,
        "Pretax Income": 4715000000.0,
        "Other Income Expense": 99000000.0,
        "Other Non Operating Income Expenses": -126000000.0,
        "Special Income Charges": -371000000.0,
        "Gain On Sale Of Ppe": NaN,
        "Other Special Charges": 57000000.0,
        "Write Off": 111000000.0,
        "Impairment Of Capital Assets": 0.0,
        "Restructuring And Mergern Acquisition": 203000000.0,
        "Earnings From Equity Interest": 150000000.0,
        "Gain On Sale Of Security": 446000000.0,
        "Net Non Operating Interest Income Expense": -667000000.0,
        "Interest Expense Non Operating": 783000000.0,
        "Interest Income Non Operating": 116000000.0,
        "Operating Income": 5284000000.0,
        "Operating Expense": 7154000000.0,
        "Depreciation Amortization Depletion Income Statement": 1312000000.0,
        "Depreciation And Amortization In Income Statement": 1312000000.0,
        "Amortization": 1312000000.0,
        "Amortization Of Intangibles Income Statement": 1312000000.0,
        "Research And Development": 2598000000.0,
        "Selling General And Administration": 3244000000.0,
        "Gross Profit": 12438000000.0,
        "Cost Of Revenue": 5263000000.0,
        "Total Revenue": 17701000000.0,
        "Operating Revenue": 17701000000.0
    }
}