{
    "2023-06-30": {
        "Tax Effect Of Unusual Items": NaN,
        "Tax Rate For Calcs": NaN,
        "Net Income From Continuing Operation Net Minority Interest": NaN,
        "Normalized Income": NaN,
        "Net Income From Continuing And Discontinued Operation": NaN,
        "Total Expenses": NaN,
        "Diluted Average Shares": 242000000.0,
        "Basic Average Shares": 242000000.0,
        "Diluted EPS": 1.58,
        "Basic EPS": 1.6,
        "Diluted NI Availto Com Stockholders": NaN,
        "Net Income Common Stockholders": NaN,
        "Net Income": NaN,
        "Minority Interests": NaN,
        "Net Income Including Noncontrolling Interests": NaN,
        "Net Income Continuous Operations": NaN,
        "Tax Provision": NaN,
        "Pretax Income": NaN,
        "Other Operating Expenses": NaN,
        "Total Revenue": NaN,
        "Operating Revenue": NaN,
        "Loss Adjustment Expense": NaN,
        "Net Policyholder Benefits And Claims": NaN,
        "Policyholder Benefits Gross": NaN,
        "Policyholder Benefits Ceded": NaN
    },
    "2023-03-31": {
        "Tax Effect Of Unusual Items": NaN,
        "Tax Rate For Calcs": NaN,
        "Net Income From Continuing Operation Net Minority Interest": NaN,
        "Normalized Income": NaN,
        "Net Income From Continuing And Discontinued Operation": NaN,
        "Total Expenses": NaN,
        "Diluted Average Shares": 243400000.0,
        "Basic Average Shares": 243400000.0,
        "Diluted EPS": -0.58,
        "Basic EPS": -0.58,
        "Diluted NI Availto Com Stockholders": NaN,
        "Net Income Common Stockholders": NaN,
        "Net Income": NaN,
        "Minority Interests": NaN,
        "Net Income Including Noncontrolling Interests": NaN,
        "Net Income Continuous Operations": NaN,
        "Tax Provision": NaN,
        "Pretax Income": NaN,
        "Other Operating Expenses": NaN,
        "Total Revenue": NaN,
        "Operating Revenue": NaN,
        "Loss Adjustment Expense": NaN,
        "Net Policyholder Benefits And Claims": NaN,
        "Policyholder Benefits Gross": NaN,
        "Policyholder Benefits Ceded": NaN
    },
    "2022-12-31": {
        "Tax Effect Of Unusual Items": 0.0,
        "Tax Rate For Calcs": 0.21,
        "Net Income From Continuing Operation Net Minority Interest": -9500000.0,
        "Normalized Income": -9500000.0,
        "Net Income From Continuing And Discontinued Operation": -9500000.0,
        "Total Expenses": 3117100000.0,
        "Diluted Average Shares": NaN,
        "Basic Average Shares": NaN,
        "Diluted EPS": NaN,
        "Basic EPS": NaN,
        "Diluted NI Availto Com Stockholders": -9500000.0,
        "Net Income Common Stockholders": -9500000.0,
        "Net Income": -9500000.0,
        "Minority Interests": -25000000.0,
        "Net Income Including Noncontrolling Interests": 15500000.0,
        "Net Income Continuous Operations": 15500000.0,
        "Tax Provision": -10600000.0,
        "Pretax Income": 4900000.0,
        "Other Operating Expenses": 1196900000.0,
        "Total Revenue": 3122000000.0,
        "Operating Revenue": 3122000000.0
    },
    "2022-09-30": {
        "Tax Effect Of Unusual Items": NaN,
        "Tax Rate For Calcs": NaN,
        "Net Income From Continuing Operation Net Minority Interest": NaN,
        "Normalized Income": NaN,
        "Net Income From Continuing And Discontinued Operation": NaN,
        "Total Expenses": NaN,
        "Diluted Average Shares": 251900000.0,
        "Basic Average Shares": 248000000.0,
        "Diluted EPS": 5.22,
        "Basic EPS": 5.31,
        "Diluted NI Availto Com Stockholders": NaN,
        "Net Income Common Stockholders": NaN,
        "Net Income": NaN,
        "Minority Interests": NaN,
        "Net Income Including Noncontrolling Interests": NaN,
        "Net Income Continuous Operations": NaN,
        "Tax Provision": NaN,
        "Pretax Income": NaN,
        "Other Operating Expenses": NaN,
        "Total Revenue": NaN,
        "Operating Revenue": NaN
    },
    "2022-06-30": {
        "Tax Effect Of Unusual Items": 0.0,
        "Tax Rate For Calcs": 0.21,
        "Net Income From Continuing Operation Net Minority Interest": 3059400000.0,
        "Normalized Income": 3059400000.0,
        "Net Income From Continuing And Discontinued Operation": 3059400000.0,
        "Total Expenses": 2761600000.0,
        "Diluted Average Shares": 252600000.0,
        "Basic Average Shares": 252600000.0,
        "Diluted EPS": 12.17,
        "Basic EPS": 12.35,
        "Diluted NI Availto Com Stockholders": 3059400000.0,
        "Net Income Common Stockholders": 3059400000.0,
        "Net Income": 3059400000.0,
        "Minority Interests": -15200000.0,
        "Net Income Including Noncontrolling Interests": 3074600000.0,
        "Net Income Continuous Operations": 3074600000.0,
        "Tax Provision": 822500000.0,
        "Pretax Income": 3897100000.0,
        "Other Operating Expenses": 1458500000.0,
        "Total Revenue": 6658700000.0,
        "Operating Revenue": 6658700000.0
    },
    "2022-03-31": {
        "Diluted EPS": 1.28,
        "Total Revenue": NaN,
        "Gross Profit": NaN,
        "Operating Income": 378,
        "EBIT": 378,
        "Net Income": 339
    },
    "2021-12-31": {
        "Diluted EPS": 1.76,
        "Total Revenue": NaN,
        "Gross Profit": NaN,
        "Operating Income": 609,
        "EBIT": 609,
        "Net Income": 472
    },
    "2021-09-30": {
        "Diluted EPS": 1.32,
        "Total Revenue": NaN,
        "Gross Profit": NaN,
        "Operating Income": 428,
        "EBIT": 428,
        "Net Income": 360
    },
    "2021-06-30": {
        "Diluted EPS": 1.32,
        "Total Revenue": NaN,
        "Gross Profit": NaN,
        "Operating Income": 433,
        "EBIT": 433,
        "Net Income": 362
    },
    "2021-03-31": {
        "Diluted EPS": 1.87,
        "Total Revenue": NaN,
        "Gross Profit": NaN,
        "Operating Income": 614,
        "EBIT": 614,
        "Net Income": 517
    },
    "2020-12-31": {
        "Diluted EPS": 1.71,
        "Total Revenue": NaN,
        "Gross Profit": NaN,
        "Operating Income": 592,
        "EBIT": 592,
        "Net Income": 473
    },
    "2020-09-30": {
        "Diluted EPS": 0.85,
        "Total Revenue": NaN,
        "Gross Profit": NaN,
        "Operating Income": 275,
        "EBIT": 275,
        "Net Income": 236
    },
    "2020-06-30": {
        "Diluted EPS": 1.45,
        "Total Revenue": NaN,
        "Gross Profit": NaN,
        "Operating Income": 499,
        "EBIT": 499,
        "Net Income": 398
    },
    "2020-03-31": {
        "Diluted EPS": 1.04,
        "Total Revenue": NaN,
        "Gross Profit": NaN,
        "Operating Income": 328,
        "EBIT": 328,
        "Net Income": 289
    },
    "2019-12-31": {
        "Diluted EPS": 1.08,
        "Total Revenue": NaN,
        "Gross Profit": NaN,
        "Operating Income": 371,
        "EBIT": 371,
        "Net Income": 301
    },
    "2019-09-30": {
        "Diluted EPS": 0.98,
        "Total Revenue": NaN,
        "Gross Profit": NaN,
        "Operating Income": 346,
        "EBIT": 346,
        "Net Income": 277
    },
    "2019-06-30": {
        "Diluted EPS": 1.37,
        "Total Revenue": NaN,
        "Gross Profit": NaN,
        "Operating Income": 450,
        "EBIT": 450,
        "Net Income": 386
    },
    "2019-03-31": {
        "Diluted EPS": 1.53,
        "Total Revenue": NaN,
        "Gross Profit": NaN,
        "Operating Income": 526,
        "EBIT": 526,
        "Net Income": 430
    },
    "2018-12-31": {
        "Diluted EPS": 0.83,
        "Total Revenue": NaN,
        "Gross Profit": NaN,
        "Operating Income": 243,
        "EBIT": 413,
        "Net Income": 237
    },
    "2018-09-30": {
        "Diluted EPS": 1.59,
        "Total Revenue": NaN,
        "Gross Profit": NaN,
        "Operating Income": 569,
        "EBIT": 642,
        "Net Income": 456
    },
    "2018-06-30": {
        "Diluted EPS": 1.58,
        "Total Revenue": NaN,
        "Gross Profit": NaN,
        "Operating Income": 515,
        "EBIT": 631,
        "Net Income": 457
    },
    "2018-03-31": {
        "Diluted EPS": 1.36,
        "Total Revenue": NaN,
        "Gross Profit": NaN,
        "Operating Income": 457,
        "EBIT": 581,
        "Net Income": 397
    },
    "2017-12-31": {
        "Diluted EPS": 2.87,
        "Total Revenue": NaN,
        "Gross Profit": NaN,
        "Operating Income": 315,
        "EBIT": 427,
        "Net Income": 842
    },
    "2017-09-30": {
        "Diluted EPS": 2.76,
        "Total Revenue": NaN,
        "Gross Profit": NaN,
        "Operating Income": NaN,
        "EBIT": NaN,
        "Net Income": 810
    },
    "2017-06-30": {
        "Diluted EPS": 1.06,
        "Total Revenue": NaN,
        "Gross Profit": NaN,
        "Operating Income": 366,
        "EBIT": 468,
        "Net Income": 310
    },
    "2017-03-31": {
        "Diluted EPS": 1.19,
        "Total Revenue": NaN,
        "Gross Profit": NaN,
        "Operating Income": 414,
        "EBIT": 514,
        "Net Income": 349
    },
    "2016-12-31": {
        "Diluted EPS": 1.09,
        "Total Revenue": NaN,
        "Gross Profit": NaN,
        "Operating Income": 381,
        "EBIT": 449,
        "Net Income": 318
    },
    "2016-09-30": {
        "Diluted EPS": 1.06,
        "Total Revenue": NaN,
        "Gross Profit": NaN,
        "Operating Income": 371,
        "EBIT": 510,
        "Net Income": 308
    },
    "2016-06-30": {
        "Diluted EPS": 1.1,
        "Total Revenue": NaN,
        "Gross Profit": NaN,
        "Operating Income": 400,
        "EBIT": 519,
        "Net Income": 322
    },
    "2016-03-31": {
        "Diluted EPS": 1.25,
        "Total Revenue": NaN,
        "Gross Profit": NaN,
        "Operating Income": 440,
        "EBIT": 585,
        "Net Income": 368
    },
    "2015-12-31": {
        "Diluted EPS": 0.85,
        "Total Revenue": NaN,
        "Gross Profit": NaN,
        "Operating Income": 309,
        "EBIT": 400,
        "Net Income": 254
    },
    "2015-09-30": {
        "Diluted EPS": 1.01,
        "Total Revenue": NaN,
        "Gross Profit": NaN,
        "Operating Income": 369,
        "EBIT": 557,
        "Net Income": 300
    },
    "2015-06-30": {
        "Diluted EPS": 0.81,
        "Total Revenue": NaN,
        "Gross Profit": NaN,
        "Operating Income": 295,
        "EBIT": 376,
        "Net Income": 241
    },
    "2015-03-31": {
        "Diluted EPS": 1.39,
        "Total Revenue": NaN,
        "Gross Profit": NaN,
        "Operating Income": 458,
        "EBIT": 561,
        "Net Income": 414
    },
    "2014-12-31": {
        "Diluted EPS": 0.9,
        "Total Revenue": NaN,
        "Gross Profit": NaN,
        "Operating Income": 317,
        "EBIT": 448,
        "Net Income": 271
    },
    "2014-09-30": {
        "Diluted EPS": 0.77,
        "Total Revenue": NaN,
        "Gross Profit": NaN,
        "Operating Income": 394,
        "EBIT": 575,
        "Net Income": 230
    },
    "2014-06-30": {
        "Diluted EPS": 1.03,
        "Total Revenue": NaN,
        "Gross Profit": NaN,
        "Operating Income": 408,
        "EBIT": 517,
        "Net Income": 306
    },
    "2014-03-31": {
        "Diluted EPS": 0.95,
        "Total Revenue": NaN,
        "Gross Profit": NaN,
        "Operating Income": 376,
        "EBIT": 492,
        "Net Income": 284
    },
    "2013-12-31": {
        "Diluted EPS": 0.77,
        "Total Revenue": NaN,
        "Gross Profit": NaN,
        "Operating Income": 310,
        "EBIT": 400,
        "Net Income": 233
    },
    "2013-09-30": {
        "Diluted EPS": 0.82,
        "Total Revenue": NaN,
        "Gross Profit": NaN,
        "Operating Income": 320,
        "EBIT": 394,
        "Net Income": 246
    },
    "2013-06-30": {
        "Diluted EPS": 0.75,
        "Total Revenue": NaN,
        "Gross Profit": NaN,
        "Operating Income": 266,
        "EBIT": 352,
        "Net Income": 222
    },
    "2013-03-31": {
        "Diluted EPS": 0.61,
        "Total Revenue": NaN,
        "Gross Profit": NaN,
        "Operating Income": 228,
        "EBIT": 319,
        "Net Income": 178
    },
    "2012-12-31": {
        "Diluted EPS": 0.71,
        "Total Revenue": NaN,
        "Gross Profit": NaN,
        "Operating Income": 261,
        "EBIT": 361,
        "Net Income": 215
    },
    "2012-09-30": {
        "Diluted EPS": 0.63,
        "Total Revenue": NaN,
        "Gross Profit": NaN,
        "Operating Income": 192,
        "EBIT": 309,
        "Net Income": 187
    },
    "2012-06-30": {
        "Diluted EPS": 0.56,
        "Total Revenue": NaN,
        "Gross Profit": 959,
        "Operating Income": 230,
        "EBIT": 336,
        "Net Income": 168
    },
    "2012-03-31": {
        "Diluted EPS": 0.68,
        "Total Revenue": NaN,
        "Gross Profit": 833,
        "Operating Income": 278,
        "EBIT": 182,
        "Net Income": 204
    },
    "2011-12-31": {
        "Diluted EPS": 0.45,
        "Total Revenue": NaN,
        "Gross Profit": 888,
        "Operating Income": 150,
        "EBIT": 231,
        "Net Income": 134
    },
    "2011-09-30": {
        "Diluted EPS": 0.23,
        "Total Revenue": NaN,
        "Gross Profit": 927,
        "Operating Income": 151,
        "EBIT": 302,
        "Net Income": 72
    },
    "2011-06-30": {
        "Diluted EPS": 0.67,
        "Total Revenue": NaN,
        "Gross Profit": NaN,
        "Operating Income": 310,
        "EBIT": 400,
        "Net Income": 217
    },
    "2011-03-31": {
        "Diluted EPS": 0.56,
        "Total Revenue": NaN,
        "Gross Profit": 979,
        "Operating Income": 262,
        "EBIT": 331,
        "Net Income": 182
    },
    "2010-12-31": {
        "Diluted EPS": 0.5,
        "Total Revenue": NaN,
        "Gross Profit": NaN,
        "Operating Income": 208,
        "EBIT": 299,
        "Net Income": 163
    },
    "2010-09-30": {
        "Diluted EPS": 0.44,
        "Total Revenue": NaN,
        "Gross Profit": 915,
        "Operating Income": 164,
        "EBIT": 297,
        "Net Income": 142
    },
    "2010-06-30": {
        "Diluted EPS": 0.42,
        "Total Revenue": NaN,
        "Gross Profit": 842,
        "Operating Income": 158,
        "EBIT": 264,
        "Net Income": 134
    },
    "2010-03-31": {
        "Diluted EPS": 0.59,
        "Total Revenue": NaN,
        "Gross Profit": 932,
        "Operating Income": 256,
        "EBIT": 359,
        "Net Income": 191
    },
    "2009-12-31": {
        "Diluted EPS": 0.45,
        "Total Revenue": NaN,
        "Gross Profit": 802,
        "Operating Income": 170,
        "EBIT": 225,
        "Net Income": 142
    },
    "2009-09-30": {
        "Diluted EPS": 0.57,
        "Total Revenue": NaN,
        "Gross Profit": 891,
        "Operating Income": 248,
        "EBIT": 318,
        "Net Income": 185
    },
    "2009-06-30": {
        "Diluted EPS": 0.52,
        "Total Revenue": NaN,
        "Gross Profit": 761,
        "Operating Income": 198,
        "EBIT": 185,
        "Net Income": 150
    },
    "2009-03-31": {
        "Diluted EPS": 0.43,
        "Total Revenue": NaN,
        "Gross Profit": 819,
        "Operating Income": 130,
        "EBIT": 249,
        "Net Income": 113
    },
    "2023-09-30": {
        "Tax Effect Of Unusual Items": 0.0,
        "Tax Rate For Calcs": 0.22,
        "Net Income From Continuing Operation Net Minority Interest": 1246200000.0,
        "Normalized Income": 1246200000.0,
        "Net Income From Continuing And Discontinued Operation": 1246200000.0,
        "Total Expenses": 2993800000.0,
        "Diluted Average Shares": 239657860.0,
        "Basic Average Shares": 239657860.0,
        "Diluted EPS": 5.1,
        "Basic EPS": 5.17,
        "Diluted NI Availto Com Stockholders": 1246200000.0,
        "Net Income Common Stockholders": 1246200000.0,
        "Net Income": 1246200000.0,
        "Minority Interests": -3900000.0,
        "Net Income Including Noncontrolling Interests": 1250100000.0,
        "Net Income Continuous Operations": 1250100000.0,
        "Tax Provision": 354800000.0,
        "Pretax Income": 1604900000.0,
        "Other Operating Expenses": 1286100000.0,
        "Total Revenue": 4598700000.0,
        "Operating Revenue": 4598700000.0,
        "Loss Adjustment Expense": 1686700000.0,
        "Net Policyholder Benefits And Claims": 1686700000.0,
        "Policyholder Benefits Gross": 2858800000.0,
        "Policyholder Benefits Ceded": 1172100000.0
    },
    "2023-12-31": {
        "Tax Effect Of Unusual Items": 0.0,
        "Tax Rate For Calcs": 0.242052,
        "Net Income From Continuing Operation Net Minority Interest": -871700000.0,
        "Normalized Income": -871700000.0,
        "Net Income From Continuing And Discontinued Operation": -871700000.0,
        "Total Expenses": 3798000000.0,
        "Diluted Average Shares": NaN,
        "Basic Average Shares": NaN,
        "Diluted EPS": NaN,
        "Basic EPS": NaN,
        "Diluted NI Availto Com Stockholders": -871700000.0,
        "Net Income Common Stockholders": -871700000.0,
        "Net Income": -871700000.0,
        "Minority Interests": -32500000.0,
        "Net Income Including Noncontrolling Interests": -839200000.0,
        "Net Income Continuous Operations": -839200000.0,
        "Tax Provision": -268000000.0,
        "Pretax Income": -1107200000.0,
        "Other Operating Expenses": 1290400000.0,
        "Total Revenue": 2690800000.0,
        "Operating Revenue": 2690800000.0,
        "Loss Adjustment Expense": 2485700000.0,
        "Net Policyholder Benefits And Claims": 2485700000.0,
        "Policyholder Benefits Gross": 3665600000.0,
        "Policyholder Benefits Ceded": 1179900000.0
    },
    "2024-03-31": {
        "Tax Effect Of Unusual Items": 0.0,
        "Tax Rate For Calcs": 0.15,
        "Net Income From Continuing Operation Net Minority Interest": 532500000.0,
        "Normalized Income": 532500000.0,
        "Net Income From Continuing And Discontinued Operation": 532500000.0,
        "Total Expenses": 3426200000.0,
        "Diluted Average Shares": 239400000.0,
        "Basic Average Shares": 236000000.0,
        "Diluted EPS": 2.22,
        "Basic EPS": 2.26,
        "Diluted NI Availto Com Stockholders": 532500000.0,
        "Net Income Common Stockholders": 532500000.0,
        "Net Income": 532500000.0,
        "Minority Interests": 500000.0,
        "Net Income Including Noncontrolling Interests": 532000000.0,
        "Net Income Continuous Operations": 532000000.0,
        "Tax Provision": 95100000.0,
        "Pretax Income": 627100000.0,
        "Other Operating Expenses": 1343400000.0,
        "Total Revenue": 4053300000.0,
        "Operating Revenue": 4053300000.0,
        "Loss Adjustment Expense": 2053500000.0,
        "Net Policyholder Benefits And Claims": 2053500000.0,
        "Policyholder Benefits Gross": 2501000000.0,
        "Policyholder Benefits Ceded": 447500000.0
    },
    "2024-06-30": {
        "Tax Effect Of Unusual Items": 0.0,
        "Tax Rate For Calcs": 0.2,
        "Net Income From Continuing Operation Net Minority Interest": 353100000.0,
        "Normalized Income": 353100000.0,
        "Net Income From Continuing And Discontinued Operation": 353100000.0,
        "Total Expenses": 3866900000.0,
        "Diluted Average Shares": 236600000.0,
        "Basic Average Shares": 233800000.0,
        "Diluted EPS": 1.49,
        "Basic EPS": 1.51,
        "Diluted NI Availto Com Stockholders": 353100000.0,
        "Net Income Common Stockholders": 353100000.0,
        "Net Income": 353100000.0,
        "Minority Interests": -3700000.0,
        "Net Income Including Noncontrolling Interests": 356800000.0,
        "Net Income Continuous Operations": 356800000.0,
        "Tax Provision": 87100000.0,
        "Pretax Income": 443900000.0,
        "Other Operating Expenses": 1320700000.0,
        "Total Revenue": 4310800000.0,
        "Operating Revenue": 4310800000.0,
        "Loss Adjustment Expense": 2522300000.0,
        "Net Policyholder Benefits And Claims": 2522300000.0,
        "Policyholder Benefits Gross": 2782700000.0,
        "Policyholder Benefits Ceded": 260400000.0
    },
    "2024-09-30": {
        "Tax Effect Of Unusual Items": 0.0,
        "Tax Rate For Calcs": 0.34,
        "Net Income From Continuing Operation Net Minority Interest": -220000000.0,
        "Normalized Income": -220000000.0,
        "Net Income From Continuing And Discontinued Operation": -220000000.0,
        "Total Expenses": 3305400000.0,
        "Diluted Average Shares": 230700000.0,
        "Basic Average Shares": 230700000.0,
        "Diluted EPS": -0.95,
        "Basic EPS": -0.95,
        "Diluted NI Availto Com Stockholders": -220000000.0,
        "Net Income Common Stockholders": -220000000.0,
        "Net Income": -220000000.0,
        "Minority Interests": -26600000.0,
        "Net Income Including Noncontrolling Interests": -193400000.0,
        "Net Income Continuous Operations": -193400000.0,
        "Tax Provision": -100400000.0,
        "Pretax Income": -293800000.0,
        "Other Operating Expenses": 1335900000.0,
        "Total Revenue": 3011600000.0,
        "Operating Revenue": 3011600000.0,
        "Loss Adjustment Expense": 1954600000.0,
        "Net Policyholder Benefits And Claims": 1954600000.0,
        "Policyholder Benefits Gross": 2484900000.0,
        "Policyholder Benefits Ceded": 530300000.0
    }
}