{
    "2023-03-31": {
        "Tax Effect Of Unusual Items": NaN,
        "Tax Rate For Calcs": NaN,
        "Normalized EBITDA": NaN,
        "Net Income From Continuing Operation Net Minority Interest": NaN,
        "Reconciled Depreciation": NaN,
        "Reconciled Cost Of Revenue": NaN,
        "EBITDA": NaN,
        "EBIT": NaN,
        "Net Interest Income": NaN,
        "Interest Expense": NaN,
        "Normalized Income": NaN,
        "Net Income From Continuing And Discontinued Operation": NaN,
        "Total Expenses": NaN,
        "Total Operating Income As Reported": NaN,
        "Diluted Average Shares": 156500000.0,
        "Basic Average Shares": 154500000.0,
        "Diluted EPS": 0.51,
        "Basic EPS": 0.52,
        "Diluted NI Availto Com Stockholders": NaN,
        "Net Income Common Stockholders": NaN,
        "Net Income": NaN,
        "Net Income Including Noncontrolling Interests": NaN,
        "Net Income Continuous Operations": NaN,
        "Tax Provision": NaN,
        "Pretax Income": NaN,
        "Other Income Expense": NaN,
        "Other Non Operating Income Expenses": NaN,
        "Net Non Operating Interest Income Expense": NaN,
        "Interest Expense Non Operating": NaN,
        "Operating Income": NaN,
        "Operating Expense": NaN,
        "Gross Profit": NaN,
        "Cost Of Revenue": NaN,
        "Total Revenue": NaN,
        "Operating Revenue": NaN
    },
    "2022-12-31": {
        "Tax Effect Of Unusual Items": 0.0,
        "Tax Rate For Calcs": 0.261,
        "Normalized EBITDA": 277100000.0,
        "Net Income From Continuing Operation Net Minority Interest": 71100000.0,
        "Reconciled Depreciation": 125200000.0,
        "Reconciled Cost Of Revenue": 12399300000.0,
        "EBITDA": 277100000.0,
        "EBIT": 151900000.0,
        "Net Interest Income": -55700000.0,
        "Interest Expense": 55700000.0,
        "Normalized Income": 71100000.0,
        "Net Income From Continuing And Discontinued Operation": 71100000.0,
        "Total Expenses": 13754900000.0,
        "Total Operating Income As Reported": 144000000.0,
        "Diluted Average Shares": 156100000.0,
        "Basic Average Shares": 154100000.0,
        "Diluted EPS": 0.46,
        "Basic EPS": 0.46,
        "Diluted NI Availto Com Stockholders": 71100000.0,
        "Net Income Common Stockholders": 71100000.0,
        "Net Income": 71100000.0,
        "Net Income Including Noncontrolling Interests": 71100000.0,
        "Net Income Continuous Operations": 71100000.0,
        "Tax Provision": 25100000.0,
        "Pretax Income": 96200000.0,
        "Other Income Expense": 7900000.0,
        "Other Non Operating Income Expenses": 7900000.0,
        "Net Non Operating Interest Income Expense": -55700000.0,
        "Interest Expense Non Operating": 55700000.0,
        "Operating Income": 144000000.0,
        "Operating Expense": 1355600000.0,
        "Gross Profit": 1499600000.0,
        "Cost Of Revenue": 12399300000.0,
        "Total Revenue": 13898900000.0,
        "Operating Revenue": 13898900000.0
    },
    "2022-09-30": {
        "Tax Effect Of Unusual Items": 0.0,
        "Tax Rate For Calcs": 0.263279,
        "Normalized EBITDA": 299500000.0,
        "Net Income From Continuing Operation Net Minority Interest": 95700000.0,
        "Reconciled Depreciation": 119200000.0,
        "Reconciled Cost Of Revenue": 13144200000.0,
        "EBITDA": 299500000.0,
        "EBIT": 180300000.0,
        "Net Interest Income": -50400000.0,
        "Interest Expense": 50400000.0,
        "Normalized Income": 95700000.0,
        "Net Income From Continuing And Discontinued Operation": 95700000.0,
        "Total Expenses": 14528100000.0,
        "Total Operating Income As Reported": 191200000.0,
        "Diluted Average Shares": 155600000.0,
        "Basic Average Shares": 153800000.0,
        "Diluted EPS": 0.62,
        "Basic EPS": 0.62,
        "Diluted NI Availto Com Stockholders": 95700000.0,
        "Net Income Common Stockholders": 95700000.0,
        "Net Income": 95700000.0,
        "Net Income Including Noncontrolling Interests": 95700000.0,
        "Net Income Continuous Operations": 95700000.0,
        "Tax Provision": 34200000.0,
        "Pretax Income": 129900000.0,
        "Other Income Expense": -10900000.0,
        "Other Non Operating Income Expenses": -10900000.0,
        "Net Non Operating Interest Income Expense": -50400000.0,
        "Interest Expense Non Operating": 50400000.0,
        "Operating Income": 191200000.0,
        "Operating Expense": 1383900000.0,
        "Gross Profit": 1575100000.0,
        "Cost Of Revenue": 13144200000.0,
        "Total Revenue": 14719300000.0,
        "Operating Revenue": 14719300000.0
    },
    "2022-06-30": {
        "Tax Effect Of Unusual Items": 0.0,
        "Tax Rate For Calcs": 0.345955,
        "Normalized EBITDA": 164000000.0,
        "Net Income From Continuing Operation Net Minority Interest": 76000000.0,
        "Reconciled Depreciation": 123500000.0,
        "Reconciled Cost Of Revenue": 13100300000.0,
        "EBITDA": 164000000.0,
        "EBIT": 164000000.0,
        "Net Interest Income": -47800000.0,
        "Interest Expense": 47800000.0,
        "Normalized Income": 76000000.0,
        "Net Income From Continuing And Discontinued Operation": 76000000.0,
        "Total Expenses": 14437200000.0,
        "Total Operating Income As Reported": 152800000.0,
        "Diluted Average Shares": 154600000.0,
        "Basic Average Shares": 153400000.0,
        "Diluted EPS": 0.49,
        "Basic EPS": 0.5,
        "Diluted NI Availto Com Stockholders": 76000000.0,
        "Net Income Common Stockholders": 76000000.0,
        "Net Income": 76000000.0,
        "Net Income Including Noncontrolling Interests": 76000000.0,
        "Net Income Continuous Operations": 76000000.0,
        "Tax Provision": 40200000.0,
        "Pretax Income": 116200000.0,
        "Other Income Expense": 11200000.0,
        "Other Non Operating Income Expenses": 11200000.0,
        "Net Non Operating Interest Income Expense": -47800000.0,
        "Interest Expense Non Operating": 47800000.0,
        "Operating Income": 152800000.0,
        "Operating Expense": 1336900000.0,
        "Gross Profit": 1489700000.0,
        "Cost Of Revenue": 13100300000.0,
        "Total Revenue": 14590000000.0,
        "Operating Revenue": 14590000000.0
    },
    "2022-03-31": {
        "Diluted EPS": 0.15,
        "Total Revenue": NaN,
        "Gross Profit": NaN,
        "Operating Income": 69,
        "EBIT": 195,
        "Net Income": 23
    },
    "2021-12-31": {
        "Diluted EPS": 0.05,
        "Total Revenue": NaN,
        "Gross Profit": NaN,
        "Operating Income": 58,
        "EBIT": 177,
        "Net Income": 8
    },
    "2021-09-30": {
        "Diluted EPS": 0.03,
        "Total Revenue": NaN,
        "Gross Profit": NaN,
        "Operating Income": 48,
        "EBIT": 149,
        "Net Income": 5
    },
    "2021-06-30": {
        "Diluted EPS": 0.24,
        "Total Revenue": NaN,
        "Gross Profit": NaN,
        "Operating Income": 81,
        "EBIT": 175,
        "Net Income": 31
    },
    "2021-03-31": {
        "Diluted EPS": -0.06,
        "Total Revenue": NaN,
        "Gross Profit": 833,
        "Operating Income": 23,
        "EBIT": 108,
        "Net Income": -8
    },
    "2020-12-31": {
        "Diluted EPS": 0.13,
        "Total Revenue": NaN,
        "Gross Profit": 811,
        "Operating Income": 61,
        "EBIT": 149,
        "Net Income": 18
    },
    "2020-09-30": {
        "Diluted EPS": -0.01,
        "Total Revenue": NaN,
        "Gross Profit": 816,
        "Operating Income": 36,
        "EBIT": 122,
        "Net Income": -1
    },
    "2020-06-30": {
        "Diluted EPS": -1.39,
        "Total Revenue": NaN,
        "Gross Profit": 639,
        "Operating Income": -226,
        "EBIT": -132,
        "Net Income": -151
    },
    "2020-03-31": {
        "Diluted EPS": -0.35,
        "Total Revenue": NaN,
        "Gross Profit": 808,
        "Operating Income": -17,
        "EBIT": 84,
        "Net Income": -40
    },
    "2019-12-31": {
        "Diluted EPS": 0.39,
        "Total Revenue": NaN,
        "Gross Profit": 711,
        "Operating Income": 81,
        "EBIT": 121,
        "Net Income": 41
    },
    "2019-09-30": {
        "Diluted EPS": 0.34,
        "Total Revenue": NaN,
        "Gross Profit": 711,
        "Operating Income": 64,
        "EBIT": 111,
        "Net Income": 36
    },
    "2019-06-30": {
        "Diluted EPS": 0.6,
        "Total Revenue": NaN,
        "Gross Profit": 700,
        "Operating Income": 101,
        "EBIT": 144,
        "Net Income": 63
    },
    "2019-03-31": {
        "Diluted EPS": 0.31,
        "Total Revenue": NaN,
        "Gross Profit": 605,
        "Operating Income": 59,
        "EBIT": 101,
        "Net Income": 32
    },
    "2018-12-31": {
        "Diluted EPS": 0.41,
        "Total Revenue": NaN,
        "Gross Profit": 615,
        "Operating Income": 73,
        "EBIT": 111,
        "Net Income": 43
    },
    "2018-09-30": {
        "Diluted EPS": 0.27,
        "Total Revenue": NaN,
        "Gross Profit": 594,
        "Operating Income": 51,
        "EBIT": 87,
        "Net Income": 28
    },
    "2018-06-30": {
        "Diluted EPS": 0.61,
        "Total Revenue": NaN,
        "Gross Profit": 612,
        "Operating Income": 94,
        "EBIT": 129,
        "Net Income": 64
    },
    "2018-03-31": {
        "Diluted EPS": 0.32,
        "Total Revenue": NaN,
        "Gross Profit": 559,
        "Operating Income": 60,
        "EBIT": 93,
        "Net Income": 34
    },
    "2017-12-31": {
        "Diluted EPS": 0.75,
        "Total Revenue": NaN,
        "Gross Profit": 568,
        "Operating Income": 49,
        "EBIT": 83,
        "Net Income": 78
    },
    "2017-09-30": {
        "Diluted EPS": 0.22,
        "Total Revenue": NaN,
        "Gross Profit": 555,
        "Operating Income": 51,
        "EBIT": 83,
        "Net Income": 23
    },
    "2017-06-30": {
        "Diluted EPS": 0.39,
        "Total Revenue": NaN,
        "Gross Profit": 575,
        "Operating Income": 81,
        "EBIT": 116,
        "Net Income": 40
    },
    "2017-03-31": {
        "Diluted EPS": 0.2,
        "Total Revenue": NaN,
        "Gross Profit": 521,
        "Operating Income": 47,
        "EBIT": 81,
        "Net Income": 21
    },
    "2016-12-31": {
        "Diluted EPS": 0.22,
        "Total Revenue": NaN,
        "Gross Profit": 517,
        "Operating Income": 51,
        "EBIT": 83,
        "Net Income": 23
    },
    "2016-09-30": {
        "Diluted EPS": 0.12,
        "Total Revenue": NaN,
        "Gross Profit": 511,
        "Operating Income": 32,
        "EBIT": 62,
        "Net Income": 12
    },
    "2016-06-30": {
        "Diluted EPS": 0.3,
        "Total Revenue": NaN,
        "Gross Profit": 561,
        "Operating Income": 67,
        "EBIT": 102,
        "Net Income": 29
    },
    "2016-03-31": {
        "Diluted EPS": 0.09,
        "Total Revenue": NaN,
        "Gross Profit": 481,
        "Operating Income": 38,
        "EBIT": 75,
        "Net Income": 9
    },
    "2015-12-31": {
        "Diluted EPS": 0.17,
        "Total Revenue": NaN,
        "Gross Profit": 487,
        "Operating Income": 54,
        "EBIT": 90,
        "Net Income": 18
    },
    "2015-09-30": {
        "Diluted EPS": 0.14,
        "Total Revenue": NaN,
        "Gross Profit": 481,
        "Operating Income": 44,
        "EBIT": 75,
        "Net Income": 12
    },
    "2015-06-30": {
        "Diluted EPS": 0.39,
        "Total Revenue": NaN,
        "Gross Profit": 490,
        "Operating Income": 53,
        "EBIT": 85,
        "Net Income": 34
    },
    "2015-03-31": {
        "Diluted EPS": 0.03,
        "Total Revenue": NaN,
        "Gross Profit": 452,
        "Operating Income": 27,
        "EBIT": 60,
        "Net Income": 3
    },
    "2014-12-31": {
        "Diluted EPS": 0.15,
        "Total Revenue": NaN,
        "Gross Profit": 457,
        "Operating Income": 47,
        "EBIT": 80,
        "Net Income": 13
    },
    "2014-09-30": {
        "Diluted EPS": 0.08,
        "Total Revenue": NaN,
        "Gross Profit": 449,
        "Operating Income": 33,
        "EBIT": 66,
        "Net Income": 7
    },
    "2014-06-30": {
        "Diluted EPS": 0.0,
        "Total Revenue": NaN,
        "Gross Profit": NaN,
        "Operating Income": NaN,
        "EBIT": NaN,
        "Net Income": NaN
    },
    "2013-06-30": {
        "Diluted EPS": 0.0,
        "Total Revenue": NaN,
        "Gross Profit": NaN,
        "Operating Income": NaN,
        "EBIT": NaN,
        "Net Income": NaN
    },
    "2023-06-30": {
        "Tax Effect Of Unusual Items": 0.0,
        "Tax Rate For Calcs": 0.271713,
        "Normalized EBITDA": 389600000.0,
        "Net Income From Continuing Operation Net Minority Interest": 150100000.0,
        "Reconciled Depreciation": 127500000.0,
        "Reconciled Cost Of Revenue": 13196900000.0,
        "EBITDA": 389600000.0,
        "EBIT": 262100000.0,
        "Net Interest Income": -56000000.0,
        "Interest Expense": 56000000.0,
        "Normalized Income": 150100000.0,
        "Net Income From Continuing And Discontinued Operation": 150100000.0,
        "Total Expenses": 14603400000.0,
        "Total Operating Income As Reported": 261800000.0,
        "Diluted Average Shares": 156600000.0,
        "Basic Average Shares": 154500000.0,
        "Diluted EPS": 0.96,
        "Basic EPS": 0.97,
        "Diluted NI Availto Com Stockholders": 150100000.0,
        "Net Income Common Stockholders": 150100000.0,
        "Net Income": 150100000.0,
        "Net Income Including Noncontrolling Interests": 150100000.0,
        "Net Income Continuous Operations": 150100000.0,
        "Tax Provision": 56000000.0,
        "Pretax Income": 206100000.0,
        "Other Income Expense": 300000.0,
        "Other Non Operating Income Expenses": 300000.0,
        "Net Non Operating Interest Income Expense": -56000000.0,
        "Interest Expense Non Operating": 56000000.0,
        "Operating Income": 261800000.0,
        "Operating Expense": 1406500000.0,
        "Gross Profit": 1668300000.0,
        "Cost Of Revenue": 13196900000.0,
        "Total Revenue": 14865200000.0,
        "Operating Revenue": 14865200000.0
    },
    "2023-09-30": {
        "Tax Effect Of Unusual Items": 0.0,
        "Tax Rate For Calcs": 0.261,
        "Normalized EBITDA": 348700000.0,
        "Net Income From Continuing Operation Net Minority Interest": 120700000.0,
        "Reconciled Depreciation": 129300000.0,
        "Reconciled Cost Of Revenue": 13275700000.0,
        "EBITDA": 348700000.0,
        "EBIT": 219400000.0,
        "Net Interest Income": -56100000.0,
        "Interest Expense": 56100000.0,
        "Normalized Income": 120700000.0,
        "Net Income From Continuing And Discontinued Operation": 120700000.0,
        "Total Expenses": 14722400000.0,
        "Total Operating Income As Reported": 216200000.0,
        "Diluted Average Shares": 156600000.0,
        "Basic Average Shares": 154800000.0,
        "Diluted EPS": 0.77,
        "Basic EPS": 0.78,
        "Diluted NI Availto Com Stockholders": 120700000.0,
        "Net Income Common Stockholders": 120700000.0,
        "Net Income": 120700000.0,
        "Net Income Including Noncontrolling Interests": 120700000.0,
        "Net Income Continuous Operations": 120700000.0,
        "Tax Provision": 42600000.0,
        "Pretax Income": 163300000.0,
        "Other Income Expense": 3200000.0,
        "Other Non Operating Income Expenses": 3200000.0,
        "Net Non Operating Interest Income Expense": -56100000.0,
        "Interest Expense Non Operating": 56100000.0,
        "Operating Income": 216200000.0,
        "Operating Expense": 1446700000.0,
        "Gross Profit": 1662900000.0,
        "Cost Of Revenue": 13275700000.0,
        "Total Revenue": 14938600000.0,
        "Operating Revenue": 14938600000.0
    },
    "2023-12-31": {
        "Tax Effect Of Unusual Items": 0.0,
        "Tax Rate For Calcs": 0.299,
        "Normalized EBITDA": 316400000.0,
        "Net Income From Continuing Operation Net Minority Interest": 78300000.0,
        "Reconciled Depreciation": 143300000.0,
        "Reconciled Cost Of Revenue": 12697600000.0,
        "EBITDA": 316400000.0,
        "EBIT": 173100000.0,
        "Net Interest Income": -61400000.0,
        "Interest Expense": 61400000.0,
        "Normalized Income": 78300000.0,
        "Net Income From Continuing And Discontinued Operation": 78300000.0,
        "Total Expenses": 14121800000.0,
        "Total Operating Income As Reported": 173900000.0,
        "Diluted Average Shares": 155700000.0,
        "Basic Average Shares": 154200000.0,
        "Diluted EPS": 0.5,
        "Basic EPS": 0.51,
        "Diluted NI Availto Com Stockholders": 78300000.0,
        "Net Income Common Stockholders": 78300000.0,
        "Net Income": 78300000.0,
        "Net Income Including Noncontrolling Interests": 78300000.0,
        "Net Income Continuous Operations": 78300000.0,
        "Tax Provision": 33400000.0,
        "Pretax Income": 111700000.0,
        "Other Income Expense": -800000.0,
        "Other Non Operating Income Expenses": -800000.0,
        "Net Non Operating Interest Income Expense": -61400000.0,
        "Interest Expense Non Operating": 61400000.0,
        "Operating Income": 173900000.0,
        "Operating Expense": 1424200000.0,
        "Gross Profit": 1598100000.0,
        "Cost Of Revenue": 12697600000.0,
        "Total Revenue": 14295700000.0,
        "Operating Revenue": 14295700000.0
    },
    "2024-03-31": {
        "Tax Effect Of Unusual Items": 0.0,
        "Tax Rate For Calcs": 0.273,
        "Normalized EBITDA": 293200000.0,
        "Net Income From Continuing Operation Net Minority Interest": 70400000.0,
        "Reconciled Depreciation": 139300000.0,
        "Reconciled Cost Of Revenue": 12288800000.0,
        "EBITDA": 293200000.0,
        "EBIT": 153900000.0,
        "Net Interest Income": -57100000.0,
        "Interest Expense": 57100000.0,
        "Normalized Income": 70400000.0,
        "Net Income From Continuing And Discontinued Operation": 70400000.0,
        "Total Expenses": 13702800000.0,
        "Total Operating Income As Reported": 154900000.0,
        "Diluted Average Shares": 156100000.0,
        "Basic Average Shares": 154300000.0,
        "Diluted EPS": 0.45,
        "Basic EPS": 0.46,
        "Diluted NI Availto Com Stockholders": 70400000.0,
        "Net Income Common Stockholders": 70400000.0,
        "Net Income": 70400000.0,
        "Net Income Including Noncontrolling Interests": 70400000.0,
        "Net Income Continuous Operations": 70400000.0,
        "Tax Provision": 26400000.0,
        "Pretax Income": 96800000.0,
        "Other Income Expense": -1000000.0,
        "Other Non Operating Income Expenses": -1000000.0,
        "Net Non Operating Interest Income Expense": -57100000.0,
        "Interest Expense Non Operating": 57100000.0,
        "Operating Income": 154900000.0,
        "Operating Expense": 1414000000.0,
        "Gross Profit": 1568900000.0,
        "Cost Of Revenue": 12288800000.0,
        "Total Revenue": 13857700000.0,
        "Operating Revenue": 13857700000.0
    },
    "2024-06-30": {
        "Tax Effect Of Unusual Items": 0.0,
        "Tax Rate For Calcs": 0.26,
        "Normalized EBITDA": 427400000.0,
        "Net Income From Continuing Operation Net Minority Interest": 166500000.0,
        "Reconciled Depreciation": 144800000.0,
        "Reconciled Cost Of Revenue": 13442000000.0,
        "EBITDA": 427400000.0,
        "EBIT": 282600000.0,
        "Net Interest Income": -57600000.0,
        "Interest Expense": 57600000.0,
        "Normalized Income": 166500000.0,
        "Net Income From Continuing And Discontinued Operation": 166500000.0,
        "Total Expenses": 14907800000.0,
        "Total Operating Income As Reported": 281400000.0,
        "Diluted Average Shares": NaN,
        "Basic Average Shares": NaN,
        "Diluted EPS": NaN,
        "Basic EPS": NaN,
        "Diluted NI Availto Com Stockholders": 166500000.0,
        "Net Income Common Stockholders": 166500000.0,
        "Net Income": 166500000.0,
        "Net Income Including Noncontrolling Interests": 166500000.0,
        "Net Income Continuous Operations": 166500000.0,
        "Tax Provision": 58500000.0,
        "Pretax Income": 225000000.0,
        "Other Income Expense": 1200000.0,
        "Other Non Operating Income Expenses": 1200000.0,
        "Net Non Operating Interest Income Expense": -57600000.0,
        "Interest Expense Non Operating": 57600000.0,
        "Operating Income": 281400000.0,
        "Operating Expense": 1465800000.0,
        "Gross Profit": 1747200000.0,
        "Cost Of Revenue": 13442000000.0,
        "Total Revenue": 15189200000.0,
        "Operating Revenue": 15189200000.0
    }
}