{
    "2023-06-30": {
        "Tax Effect Of Unusual Items": NaN,
        "Tax Rate For Calcs": NaN,
        "Normalized EBITDA": NaN,
        "Total Unusual Items": NaN,
        "Total Unusual Items Excluding Goodwill": NaN,
        "Net Income From Continuing Operation Net Minority Interest": NaN,
        "Reconciled Depreciation": NaN,
        "Reconciled Cost Of Revenue": NaN,
        "EBITDA": NaN,
        "EBIT": NaN,
        "Net Interest Income": NaN,
        "Interest Expense": NaN,
        "Interest Income": NaN,
        "Normalized Income": NaN,
        "Net Income From Continuing And Discontinued Operation": NaN,
        "Total Expenses": NaN,
        "Total Operating Income As Reported": NaN,
        "Diluted Average Shares": 2477500000.0,
        "Basic Average Shares": 2417142857.0,
        "Diluted EPS": 1.37,
        "Basic EPS": 1.4,
        "Diluted NI Availto Com Stockholders": NaN,
        "Net Income Common Stockholders": NaN,
        "Preferred Stock Dividends": NaN,
        "Net Income": NaN,
        "Minority Interests": NaN,
        "Net Income Including Noncontrolling Interests": NaN,
        "Net Income Continuous Operations": NaN,
        "Tax Provision": NaN,
        "Pretax Income": NaN,
        "Other Income Expense": NaN,
        "Other Non Operating Income Expenses": NaN,
        "Special Income Charges": NaN,
        "Impairment Of Capital Assets": NaN,
        "Net Non Operating Interest Income Expense": NaN,
        "Interest Expense Non Operating": NaN,
        "Interest Income Non Operating": NaN,
        "Operating Income": NaN,
        "Operating Expense": NaN,
        "Selling General And Administration": NaN,
        "Gross Profit": NaN,
        "Cost Of Revenue": NaN,
        "Total Revenue": NaN,
        "Operating Revenue": NaN
    },
    "2023-03-31": {
        "Tax Effect Of Unusual Items": NaN,
        "Tax Rate For Calcs": NaN,
        "Normalized EBITDA": NaN,
        "Total Unusual Items": 0.0,
        "Total Unusual Items Excluding Goodwill": 0.0,
        "Net Income From Continuing Operation Net Minority Interest": NaN,
        "Reconciled Depreciation": NaN,
        "Reconciled Cost Of Revenue": NaN,
        "EBITDA": NaN,
        "EBIT": NaN,
        "Net Interest Income": NaN,
        "Interest Expense": NaN,
        "Interest Income": NaN,
        "Normalized Income": NaN,
        "Net Income From Continuing And Discontinued Operation": NaN,
        "Total Expenses": NaN,
        "Total Operating Income As Reported": NaN,
        "Diluted Average Shares": NaN,
        "Basic Average Shares": NaN,
        "Diluted EPS": NaN,
        "Basic EPS": NaN,
        "Diluted NI Availto Com Stockholders": NaN,
        "Net Income Common Stockholders": NaN,
        "Preferred Stock Dividends": NaN,
        "Net Income": NaN,
        "Minority Interests": NaN,
        "Net Income Including Noncontrolling Interests": NaN,
        "Net Income Continuous Operations": NaN,
        "Tax Provision": NaN,
        "Pretax Income": NaN,
        "Other Income Expense": NaN,
        "Other Non Operating Income Expenses": NaN,
        "Special Income Charges": 0.0,
        "Impairment Of Capital Assets": 0.0,
        "Net Non Operating Interest Income Expense": NaN,
        "Interest Expense Non Operating": NaN,
        "Interest Income Non Operating": NaN,
        "Operating Income": NaN,
        "Operating Expense": NaN,
        "Selling General And Administration": NaN,
        "Gross Profit": NaN,
        "Cost Of Revenue": NaN,
        "Total Revenue": NaN,
        "Operating Revenue": NaN
    },
    "2022-12-31": {
        "Tax Effect Of Unusual Items": NaN,
        "Tax Rate For Calcs": NaN,
        "Normalized EBITDA": NaN,
        "Total Unusual Items": 0.0,
        "Total Unusual Items Excluding Goodwill": 0.0,
        "Net Income From Continuing Operation Net Minority Interest": NaN,
        "Reconciled Depreciation": NaN,
        "Reconciled Cost Of Revenue": NaN,
        "EBITDA": NaN,
        "EBIT": NaN,
        "Net Interest Income": NaN,
        "Interest Expense": NaN,
        "Interest Income": NaN,
        "Normalized Income": NaN,
        "Net Income From Continuing And Discontinued Operation": NaN,
        "Total Expenses": NaN,
        "Total Operating Income As Reported": NaN,
        "Diluted Average Shares": NaN,
        "Basic Average Shares": NaN,
        "Diluted EPS": NaN,
        "Basic EPS": NaN,
        "Diluted NI Availto Com Stockholders": NaN,
        "Average Dilution Earnings": 70000000.0,
        "Net Income Common Stockholders": NaN,
        "Preferred Stock Dividends": NaN,
        "Net Income": NaN,
        "Minority Interests": NaN,
        "Net Income Including Noncontrolling Interests": NaN,
        "Net Income Continuous Operations": NaN,
        "Tax Provision": NaN,
        "Pretax Income": NaN,
        "Other Income Expense": NaN,
        "Other Non Operating Income Expenses": NaN,
        "Special Income Charges": 0.0,
        "Impairment Of Capital Assets": 0.0,
        "Net Non Operating Interest Income Expense": NaN,
        "Interest Expense Non Operating": NaN,
        "Interest Income Non Operating": NaN,
        "Operating Income": NaN,
        "Operating Expense": NaN,
        "Selling General And Administration": NaN,
        "Gross Profit": NaN,
        "Cost Of Revenue": NaN,
        "Total Revenue": NaN,
        "Operating Revenue": NaN
    },
    "2022-09-30": {
        "Tax Effect Of Unusual Items": 0.0,
        "Tax Rate For Calcs": 0.207,
        "Normalized EBITDA": 5783000000.0,
        "Net Income From Continuing Operation Net Minority Interest": 3939000000.0,
        "Reconciled Depreciation": 663000000.0,
        "Reconciled Cost Of Revenue": 10846000000.0,
        "EBITDA": 5783000000.0,
        "EBIT": 5120000000.0,
        "Net Interest Income": -81000000.0,
        "Interest Expense": 123000000.0,
        "Interest Income": 42000000.0,
        "Normalized Income": 3939000000.0,
        "Net Income From Continuing And Discontinued Operation": 3939000000.0,
        "Total Expenses": 15673000000.0,
        "Total Operating Income As Reported": 4939000000.0,
        "Diluted Average Shares": 2503600000.0,
        "Basic Average Shares": 2385500000.0,
        "Diluted EPS": 1.57,
        "Basic EPS": 1.62,
        "Diluted NI Availto Com Stockholders": 3868000000.0,
        "Average Dilution Earnings": NaN,
        "Net Income Common Stockholders": 3868000000.0,
        "Preferred Stock Dividends": 71000000.0,
        "Net Income": 3939000000.0,
        "Minority Interests": -24000000.0,
        "Net Income Including Noncontrolling Interests": 3963000000.0,
        "Net Income Continuous Operations": 3963000000.0,
        "Tax Provision": 1034000000.0,
        "Pretax Income": 4997000000.0,
        "Other Income Expense": 139000000.0,
        "Other Non Operating Income Expenses": 139000000.0,
        "Net Non Operating Interest Income Expense": -81000000.0,
        "Interest Expense Non Operating": 123000000.0,
        "Interest Income Non Operating": 42000000.0,
        "Operating Income": 4939000000.0,
        "Operating Expense": 4827000000.0,
        "Selling General And Administration": 4827000000.0,
        "Gross Profit": 9766000000.0,
        "Cost Of Revenue": 10846000000.0,
        "Total Revenue": 20612000000.0,
        "Operating Revenue": 20612000000.0
    },
    "2022-06-30": {
        "Tax Effect Of Unusual Items": 0.0,
        "Tax Rate For Calcs": 0.162,
        "Normalized EBITDA": 4487000000.0,
        "Net Income From Continuing Operation Net Minority Interest": 3052000000.0,
        "Reconciled Depreciation": 722000000.0,
        "Reconciled Cost Of Revenue": 10802000000.0,
        "EBITDA": 4487000000.0,
        "EBIT": 3765000000.0,
        "Net Interest Income": -94000000.0,
        "Interest Expense": 115000000.0,
        "Interest Income": 21000000.0,
        "Normalized Income": 3052000000.0,
        "Net Income From Continuing And Discontinued Operation": 3052000000.0,
        "Total Expenses": 15917000000.0,
        "Total Operating Income As Reported": 3598000000.0,
        "Diluted Average Shares": 2523200000.0,
        "Basic Average Shares": 2399200000.0,
        "Diluted EPS": 1.21,
        "Basic EPS": 1.24,
        "Diluted NI Availto Com Stockholders": 3052000000.0,
        "Average Dilution Earnings": NaN,
        "Net Income Common Stockholders": 3052000000.0,
        "Preferred Stock Dividends": 73000000.0,
        "Net Income": 3052000000.0,
        "Minority Interests": -6000000.0,
        "Net Income Including Noncontrolling Interests": 3058000000.0,
        "Net Income Continuous Operations": 3058000000.0,
        "Tax Provision": 592000000.0,
        "Pretax Income": 3650000000.0,
        "Other Income Expense": 146000000.0,
        "Other Non Operating Income Expenses": 146000000.0,
        "Net Non Operating Interest Income Expense": -94000000.0,
        "Interest Expense Non Operating": 115000000.0,
        "Interest Income Non Operating": 21000000.0,
        "Operating Income": 3598000000.0,
        "Operating Expense": 5115000000.0,
        "Selling General And Administration": 5115000000.0,
        "Gross Profit": 8713000000.0,
        "Cost Of Revenue": 10802000000.0,
        "Total Revenue": 19515000000.0,
        "Operating Revenue": 19515000000.0
    },
    "2023-09-30": {
        "Tax Effect Of Unusual Items": NaN,
        "Tax Rate For Calcs": NaN,
        "Normalized EBITDA": NaN,
        "Total Unusual Items": NaN,
        "Total Unusual Items Excluding Goodwill": NaN,
        "Net Income From Continuing Operation Net Minority Interest": NaN,
        "Reconciled Depreciation": NaN,
        "Reconciled Cost Of Revenue": NaN,
        "EBITDA": NaN,
        "EBIT": NaN,
        "Net Interest Income": NaN,
        "Interest Expense": NaN,
        "Interest Income": NaN,
        "Normalized Income": NaN,
        "Net Income From Continuing And Discontinued Operation": NaN,
        "Total Expenses": NaN,
        "Total Operating Income As Reported": NaN,
        "Diluted Average Shares": 2475200000.0,
        "Basic Average Shares": 2360000000.0,
        "Diluted EPS": 1.83,
        "Basic EPS": 1.89,
        "Diluted NI Availto Com Stockholders": NaN,
        "Net Income Common Stockholders": NaN,
        "Preferred Stock Dividends": NaN,
        "Net Income": NaN,
        "Minority Interests": NaN,
        "Net Income Including Noncontrolling Interests": NaN,
        "Net Income Continuous Operations": NaN,
        "Tax Provision": NaN,
        "Pretax Income": NaN,
        "Other Income Expense": NaN,
        "Other Non Operating Income Expenses": NaN,
        "Special Income Charges": NaN,
        "Impairment Of Capital Assets": NaN,
        "Net Non Operating Interest Income Expense": NaN,
        "Interest Expense Non Operating": NaN,
        "Interest Income Non Operating": NaN,
        "Operating Income": NaN,
        "Operating Expense": NaN,
        "Selling General And Administration": NaN,
        "Gross Profit": NaN,
        "Cost Of Revenue": NaN,
        "Total Revenue": NaN,
        "Operating Revenue": NaN
    },
    "2023-12-31": {
        "Tax Effect Of Unusual Items": -299159919.928826,
        "Tax Rate For Calcs": 0.223087,
        "Normalized EBITDA": 6806000000.0,
        "Total Unusual Items": -1341000000.0,
        "Total Unusual Items Excluding Goodwill": -1341000000.0,
        "Net Income From Continuing Operation Net Minority Interest": 3468000000.0,
        "Reconciled Depreciation": 721000000.0,
        "Reconciled Cost Of Revenue": 10144000000.0,
        "EBITDA": 5465000000.0,
        "EBIT": 4744000000.0,
        "Net Interest Income": -115000000.0,
        "Interest Expense": 248000000.0,
        "Interest Income": 133000000.0,
        "Normalized Income": 4509840080.071174,
        "Net Income From Continuing And Discontinued Operation": 3468000000.0,
        "Total Expenses": 15666000000.0,
        "Total Operating Income As Reported": 4433000000.0,
        "Diluted Average Shares": 2468400000.0,
        "Basic Average Shares": 2358000000.0,
        "Diluted EPS": 1.4,
        "Basic EPS": 1.44,
        "Diluted NI Availto Com Stockholders": 3398000000.0,
        "Net Income Common Stockholders": 3398000000.0,
        "Preferred Stock Dividends": 70000000.0,
        "Net Income": 3468000000.0,
        "Minority Interests": -25000000.0,
        "Net Income Including Noncontrolling Interests": 3493000000.0,
        "Net Income Continuous Operations": 3493000000.0,
        "Tax Provision": 1003000000.0,
        "Pretax Income": 4496000000.0,
        "Other Income Expense": -1164000000.0,
        "Other Non Operating Income Expenses": 177000000.0,
        "Special Income Charges": -1341000000.0,
        "Impairment Of Capital Assets": 1341000000.0,
        "Net Non Operating Interest Income Expense": -115000000.0,
        "Interest Expense Non Operating": 248000000.0,
        "Interest Income Non Operating": 133000000.0,
        "Operating Income": 5775000000.0,
        "Operating Expense": 5522000000.0,
        "Selling General And Administration": 5522000000.0,
        "Gross Profit": 11297000000.0,
        "Cost Of Revenue": 10144000000.0,
        "Total Revenue": 21441000000.0,
        "Operating Revenue": 21441000000.0
    },
    "2024-03-31": {
        "Tax Effect Of Unusual Items": 0.0,
        "Tax Rate For Calcs": 0.177,
        "Normalized EBITDA": 5537000000.0,
        "Total Unusual Items": 0.0,
        "Total Unusual Items Excluding Goodwill": 0.0,
        "Net Income From Continuing Operation Net Minority Interest": 3754000000.0,
        "Reconciled Depreciation": 712000000.0,
        "Reconciled Cost Of Revenue": 9855000000.0,
        "EBITDA": 5537000000.0,
        "EBIT": 4825000000.0,
        "Net Interest Income": -129000000.0,
        "Interest Expense": 233000000.0,
        "Interest Income": 104000000.0,
        "Normalized Income": 3754000000.0,
        "Net Income From Continuing And Discontinued Operation": 3754000000.0,
        "Total Expenses": 15735000000.0,
        "Total Operating Income As Reported": 4460000000.0,
        "Diluted Average Shares": 2472000000.0,
        "Basic Average Shares": 2360500000.0,
        "Diluted EPS": 1.52,
        "Basic EPS": 1.56,
        "Diluted NI Availto Com Stockholders": 3685000000.0,
        "Net Income Common Stockholders": 3685000000.0,
        "Preferred Stock Dividends": 69000000.0,
        "Net Income": 3754000000.0,
        "Minority Interests": -27000000.0,
        "Net Income Including Noncontrolling Interests": 3781000000.0,
        "Net Income Continuous Operations": 3781000000.0,
        "Tax Provision": 812000000.0,
        "Pretax Income": 4592000000.0,
        "Other Income Expense": 260000000.0,
        "Other Non Operating Income Expenses": 260000000.0,
        "Special Income Charges": 0.0,
        "Impairment Of Capital Assets": 0.0,
        "Net Non Operating Interest Income Expense": -129000000.0,
        "Interest Expense Non Operating": 233000000.0,
        "Interest Income Non Operating": 104000000.0,
        "Operating Income": 4460000000.0,
        "Operating Expense": 5880000000.0,
        "Selling General And Administration": 5880000000.0,
        "Gross Profit": 10340000000.0,
        "Cost Of Revenue": 9855000000.0,
        "Total Revenue": 20195000000.0,
        "Operating Revenue": 20195000000.0
    },
    "2024-06-30": {
        "Tax Effect Of Unusual Items": 0.0,
        "Tax Rate For Calcs": 0.187597,
        "Normalized EBITDA": 4851000000.0,
        "Total Unusual Items": 0.0,
        "Total Unusual Items Excluding Goodwill": 0.0,
        "Net Income From Continuing Operation Net Minority Interest": 3137000000.0,
        "Reconciled Depreciation": 761000000.0,
        "Reconciled Cost Of Revenue": 10348000000.0,
        "EBITDA": 4851000000.0,
        "EBIT": 4090000000.0,
        "Net Interest Income": -113000000.0,
        "Interest Expense": 220000000.0,
        "Interest Income": 107000000.0,
        "Normalized Income": 3137000000.0,
        "Net Income From Continuing And Discontinued Operation": 3137000000.0,
        "Total Expenses": 16647000000.0,
        "Total Operating Income As Reported": 3885000000.0,
        "Diluted Average Shares": NaN,
        "Basic Average Shares": NaN,
        "Diluted EPS": NaN,
        "Basic EPS": NaN,
        "Diluted NI Availto Com Stockholders": 3346000000.0,
        "Net Income Common Stockholders": 3062000000.0,
        "Preferred Stock Dividends": 75000000.0,
        "Net Income": 3137000000.0,
        "Minority Interests": -7000000.0,
        "Net Income Including Noncontrolling Interests": 3144000000.0,
        "Net Income Continuous Operations": 3144000000.0,
        "Tax Provision": 726000000.0,
        "Pretax Income": 3870000000.0,
        "Other Income Expense": 98000000.0,
        "Other Non Operating Income Expenses": 98000000.0,
        "Special Income Charges": 0.0,
        "Impairment Of Capital Assets": 0.0,
        "Net Non Operating Interest Income Expense": -113000000.0,
        "Interest Expense Non Operating": 220000000.0,
        "Interest Income Non Operating": 107000000.0,
        "Operating Income": 3885000000.0,
        "Operating Expense": 6299000000.0,
        "Selling General And Administration": 6299000000.0,
        "Gross Profit": 10184000000.0,
        "Cost Of Revenue": 10348000000.0,
        "Total Revenue": 20532000000.0,
        "Operating Revenue": 20532000000.0
    },
    "2024-09-30": {
        "Tax Effect Of Unusual Items": 0.0,
        "Tax Rate For Calcs": 0.224,
        "Normalized EBITDA": 6106000000.0,
        "Total Unusual Items": NaN,
        "Total Unusual Items Excluding Goodwill": NaN,
        "Net Income From Continuing Operation Net Minority Interest": 3959000000.0,
        "Reconciled Depreciation": 728000000.0,
        "Reconciled Cost Of Revenue": 10421000000.0,
        "EBITDA": 6106000000.0,
        "EBIT": 5378000000.0,
        "Net Interest Income": -103000000.0,
        "Interest Expense": 238000000.0,
        "Interest Income": 135000000.0,
        "Normalized Income": 3959000000.0,
        "Net Income From Continuing And Discontinued Operation": 3959000000.0,
        "Total Expenses": 15940000000.0,
        "Total Operating Income As Reported": 5797000000.0,
        "Diluted Average Shares": 2466000000.0,
        "Basic Average Shares": 2356200000.0,
        "Diluted EPS": 1.61,
        "Basic EPS": 1.65,
        "Diluted NI Availto Com Stockholders": 3887000000.0,
        "Net Income Common Stockholders": 3887000000.0,
        "Preferred Stock Dividends": 72000000.0,
        "Net Income": 3959000000.0,
        "Minority Interests": -28000000.0,
        "Net Income Including Noncontrolling Interests": 3987000000.0,
        "Net Income Continuous Operations": 3987000000.0,
        "Tax Provision": 1152000000.0,
        "Pretax Income": 5140000000.0,
        "Other Income Expense": -554000000.0,
        "Other Non Operating Income Expenses": -554000000.0,
        "Special Income Charges": NaN,
        "Impairment Of Capital Assets": NaN,
        "Net Non Operating Interest Income Expense": -103000000.0,
        "Interest Expense Non Operating": 238000000.0,
        "Interest Income Non Operating": 135000000.0,
        "Operating Income": 5797000000.0,
        "Operating Expense": 5519000000.0,
        "Selling General And Administration": 5519000000.0,
        "Gross Profit": 11316000000.0,
        "Cost Of Revenue": 10421000000.0,
        "Total Revenue": 21737000000.0,
        "Operating Revenue": 21737000000.0
    },
    "2024-12-31": {
        "Tax Effect Of Unusual Items": 0.0,
        "Tax Rate For Calcs": 0.20308,
        "Normalized EBITDA": 6791000000.0,
        "Total Unusual Items": 0.0,
        "Total Unusual Items Excluding Goodwill": 0.0,
        "Net Income From Continuing Operation Net Minority Interest": 4630000000.0,
        "Reconciled Depreciation": 706000000.0,
        "Reconciled Cost Of Revenue": 10418000000.0,
        "EBITDA": 6791000000.0,
        "EBIT": 6085000000.0,
        "Net Interest Income": -121000000.0,
        "Interest Expense": 240000000.0,
        "Interest Income": 119000000.0,
        "Normalized Income": 4630000000.0,
        "Net Income From Continuing And Discontinued Operation": 4630000000.0,
        "Total Expenses": 16141000000.0,
        "Total Operating Income As Reported": 5741000000.0,
        "Diluted Average Shares": 2458100000.0,
        "Basic Average Shares": 2351900000.0,
        "Diluted EPS": 1.88,
        "Basic EPS": 1.94,
        "Diluted NI Availto Com Stockholders": 4558000000.0,
        "Net Income Common Stockholders": 4558000000.0,
        "Preferred Stock Dividends": 72000000.0,
        "Net Income": 4630000000.0,
        "Minority Interests": -29000000.0,
        "Net Income Including Noncontrolling Interests": 4659000000.0,
        "Net Income Continuous Operations": 4659000000.0,
        "Tax Provision": 1187000000.0,
        "Pretax Income": 5845000000.0,
        "Other Income Expense": 224000000.0,
        "Other Non Operating Income Expenses": 224000000.0,
        "Special Income Charges": 0.0,
        "Impairment Of Capital Assets": 0.0,
        "Net Non Operating Interest Income Expense": -121000000.0,
        "Interest Expense Non Operating": 240000000.0,
        "Interest Income Non Operating": 119000000.0,
        "Operating Income": 5741000000.0,
        "Operating Expense": 5723000000.0,
        "Selling General And Administration": 5723000000.0,
        "Gross Profit": 11464000000.0,
        "Cost Of Revenue": 10418000000.0,
        "Total Revenue": 21882000000.0,
        "Operating Revenue": 21882000000.0
    }
}