{
    "2023-12-31": {
        "Tax Effect Of Unusual Items": -35070.0,
        "Tax Rate For Calcs": 0.21,
        "Normalized EBITDA": 9169000.0,
        "Total Unusual Items": -167000.0,
        "Total Unusual Items Excluding Goodwill": -167000.0,
        "Net Income From Continuing Operation Net Minority Interest": -14418000.0,
        "Reconciled Depreciation": 5966000.0,
        "Reconciled Cost Of Revenue": 134482000.0,
        "EBITDA": 9002000.0,
        "EBIT": 3036000.0,
        "Net Interest Income": 7783000.0,
        "Interest Income": 7783000.0,
        "Normalized Income": -14286070.0,
        "Net Income From Continuing And Discontinued Operation": -14418000.0,
        "Total Expenses": 207392000.0,
        "Total Operating Income As Reported": 10652000.0,
        "Diluted Average Shares": NaN,
        "Basic Average Shares": NaN,
        "Diluted EPS": NaN,
        "Basic EPS": NaN,
        "Diluted NI Availto Com Stockholders": -14418000.0,
        "Net Income Common Stockholders": -14418000.0,
        "Otherunder Preferred Stock Dividend": 0.0,
        "Net Income": -14418000.0,
        "Minority Interests": 5619000.0,
        "Net Income Including Noncontrolling Interests": -20037000.0,
        "Net Income Continuous Operations": -20037000.0,
        "Tax Provision": 5056000.0,
        "Pretax Income": -14981000.0,
        "Other Income Expense": -25800000.0,
        "Other Non Operating Income Expenses": -25633000.0,
        "Gain On Sale Of Security": -167000.0,
        "Net Non Operating Interest Income Expense": 7783000.0,
        "Interest Income Non Operating": 7783000.0,
        "Operating Income": 3036000.0,
        "Operating Expense": 72910000.0,
        "Research And Development": 17550000.0,
        "Selling General And Administration": 55360000.0,
        "Selling And Marketing Expense": 9576000.0,
        "General And Administrative Expense": 45784000.0,
        "Other Gand A": 45784000.0,
        "Salaries And Wages": NaN,
        "Gross Profit": 75946000.0,
        "Cost Of Revenue": 134482000.0,
        "Total Revenue": 210428000.0,
        "Operating Revenue": 210428000.0
    },
    "2023-09-30": {
        "Tax Effect Of Unusual Items": -1625.0,
        "Tax Rate For Calcs": 0.025,
        "Normalized EBITDA": -4906000.0,
        "Total Unusual Items": -65000.0,
        "Total Unusual Items Excluding Goodwill": -65000.0,
        "Net Income From Continuing Operation Net Minority Interest": -21752000.0,
        "Reconciled Depreciation": 5177000.0,
        "Reconciled Cost Of Revenue": 128792000.0,
        "EBITDA": -4971000.0,
        "EBIT": -10148000.0,
        "Net Interest Income": 10375000.0,
        "Interest Income": 10375000.0,
        "Normalized Income": -21688625.0,
        "Net Income From Continuing And Discontinued Operation": -21752000.0,
        "Total Expenses": 211595000.0,
        "Total Operating Income As Reported": 162000.0,
        "Diluted Average Shares": 60713648.0,
        "Basic Average Shares": 60713648.0,
        "Diluted EPS": -0.36,
        "Basic EPS": -0.36,
        "Diluted NI Availto Com Stockholders": -21752000.0,
        "Net Income Common Stockholders": -21752000.0,
        "Otherunder Preferred Stock Dividend": 0.0,
        "Net Income": -21752000.0,
        "Minority Interests": 24188000.0,
        "Net Income Including Noncontrolling Interests": -45940000.0,
        "Net Income Continuous Operations": -45940000.0,
        "Tax Provision": -1158000.0,
        "Pretax Income": -47098000.0,
        "Other Income Expense": -47325000.0,
        "Other Non Operating Income Expenses": -47260000.0,
        "Gain On Sale Of Security": -65000.0,
        "Net Non Operating Interest Income Expense": 10375000.0,
        "Interest Income Non Operating": 10375000.0,
        "Operating Income": -10148000.0,
        "Operating Expense": 82803000.0,
        "Research And Development": 18039000.0,
        "Selling General And Administration": 64764000.0,
        "Selling And Marketing Expense": 11339000.0,
        "General And Administrative Expense": 53425000.0,
        "Other Gand A": 53425000.0,
        "Salaries And Wages": NaN,
        "Gross Profit": 72655000.0,
        "Cost Of Revenue": 128792000.0,
        "Total Revenue": 201447000.0,
        "Operating Revenue": 201447000.0
    },
    "2023-06-30": {
        "Tax Effect Of Unusual Items": NaN,
        "Tax Rate For Calcs": NaN,
        "Normalized EBITDA": NaN,
        "Total Unusual Items": NaN,
        "Total Unusual Items Excluding Goodwill": NaN,
        "Net Income From Continuing Operation Net Minority Interest": NaN,
        "Reconciled Depreciation": NaN,
        "Reconciled Cost Of Revenue": NaN,
        "EBITDA": NaN,
        "EBIT": NaN,
        "Net Interest Income": NaN,
        "Interest Income": NaN,
        "Normalized Income": NaN,
        "Net Income From Continuing And Discontinued Operation": NaN,
        "Total Expenses": NaN,
        "Total Operating Income As Reported": NaN,
        "Diluted Average Shares": 59609788.0,
        "Basic Average Shares": 59609788.0,
        "Diluted EPS": -0.53,
        "Basic EPS": -0.53,
        "Diluted NI Availto Com Stockholders": NaN,
        "Net Income Common Stockholders": NaN,
        "Otherunder Preferred Stock Dividend": 0.0,
        "Net Income": NaN,
        "Minority Interests": NaN,
        "Net Income Including Noncontrolling Interests": NaN,
        "Net Income Continuous Operations": NaN,
        "Tax Provision": NaN,
        "Pretax Income": NaN,
        "Other Income Expense": NaN,
        "Other Non Operating Income Expenses": NaN,
        "Gain On Sale Of Security": NaN,
        "Net Non Operating Interest Income Expense": NaN,
        "Interest Income Non Operating": NaN,
        "Operating Income": NaN,
        "Operating Expense": NaN,
        "Research And Development": NaN,
        "Selling General And Administration": NaN,
        "Selling And Marketing Expense": NaN,
        "General And Administrative Expense": NaN,
        "Other Gand A": NaN,
        "Salaries And Wages": 17218000.0,
        "Gross Profit": NaN,
        "Cost Of Revenue": NaN,
        "Total Revenue": NaN,
        "Operating Revenue": NaN
    },
    "2023-03-31": {
        "Tax Effect Of Unusual Items": NaN,
        "Tax Rate For Calcs": NaN,
        "Normalized EBITDA": NaN,
        "Total Unusual Items": NaN,
        "Total Unusual Items Excluding Goodwill": NaN,
        "Net Income From Continuing Operation Net Minority Interest": NaN,
        "Reconciled Depreciation": NaN,
        "Reconciled Cost Of Revenue": NaN,
        "EBITDA": NaN,
        "EBIT": NaN,
        "Net Interest Income": NaN,
        "Interest Income": NaN,
        "Normalized Income": NaN,
        "Net Income From Continuing And Discontinued Operation": NaN,
        "Total Expenses": NaN,
        "Total Operating Income As Reported": NaN,
        "Diluted Average Shares": NaN,
        "Basic Average Shares": NaN,
        "Diluted EPS": NaN,
        "Basic EPS": NaN,
        "Diluted NI Availto Com Stockholders": NaN,
        "Net Income Common Stockholders": NaN,
        "Otherunder Preferred Stock Dividend": 0.0,
        "Net Income": NaN,
        "Minority Interests": NaN,
        "Net Income Including Noncontrolling Interests": NaN,
        "Net Income Continuous Operations": NaN,
        "Tax Provision": NaN,
        "Pretax Income": NaN,
        "Other Income Expense": NaN,
        "Other Non Operating Income Expenses": NaN,
        "Gain On Sale Of Security": NaN,
        "Net Non Operating Interest Income Expense": NaN,
        "Interest Income Non Operating": NaN,
        "Operating Income": NaN,
        "Operating Expense": NaN,
        "Research And Development": NaN,
        "Selling General And Administration": NaN,
        "Selling And Marketing Expense": NaN,
        "General And Administrative Expense": NaN,
        "Other Gand A": NaN,
        "Salaries And Wages": NaN,
        "Gross Profit": NaN,
        "Cost Of Revenue": NaN,
        "Total Revenue": NaN,
        "Operating Revenue": NaN
    },
    "2024-03-31": {
        "Tax Effect Of Unusual Items": 110880.0,
        "Tax Rate For Calcs": 0.21,
        "Normalized EBITDA": 5207000.0,
        "Total Unusual Items": 528000.0,
        "Total Unusual Items Excluding Goodwill": 528000.0,
        "Net Income From Continuing Operation Net Minority Interest": -21223000.0,
        "Reconciled Depreciation": 6317000.0,
        "Reconciled Cost Of Revenue": 144881000.0,
        "EBITDA": 5735000.0,
        "EBIT": -582000.0,
        "Net Interest Income": 7744000.0,
        "Interest Income": 7744000.0,
        "Normalized Income": -21640120.0,
        "Net Income From Continuing And Discontinued Operation": -21223000.0,
        "Total Expenses": 237586000.0,
        "Total Operating Income As Reported": 7690000.0,
        "Diluted Average Shares": 64504458.0,
        "Basic Average Shares": 64504458.0,
        "Diluted EPS": -0.33,
        "Basic EPS": -0.33,
        "Diluted NI Availto Com Stockholders": -21223000.0,
        "Net Income Common Stockholders": -21223000.0,
        "Otherunder Preferred Stock Dividend": NaN,
        "Net Income": -21223000.0,
        "Minority Interests": 10439000.0,
        "Net Income Including Noncontrolling Interests": -31662000.0,
        "Net Income Continuous Operations": -31662000.0,
        "Tax Provision": 5003000.0,
        "Pretax Income": -26659000.0,
        "Other Income Expense": -33821000.0,
        "Other Non Operating Income Expenses": -34349000.0,
        "Gain On Sale Of Security": 528000.0,
        "Net Non Operating Interest Income Expense": 7744000.0,
        "Interest Income Non Operating": 7744000.0,
        "Operating Income": -582000.0,
        "Operating Expense": 92705000.0,
        "Research And Development": 19380000.0,
        "Selling General And Administration": 73325000.0,
        "Selling And Marketing Expense": 10257000.0,
        "General And Administrative Expense": 63068000.0,
        "Other Gand A": 63068000.0,
        "Salaries And Wages": NaN,
        "Gross Profit": 92123000.0,
        "Cost Of Revenue": 144881000.0,
        "Total Revenue": 237004000.0,
        "Operating Revenue": 237004000.0
    },
    "2022-12-31": {
        "Tax Effect Of Unusual Items": NaN,
        "Tax Rate For Calcs": NaN,
        "Normalized EBITDA": NaN,
        "Total Unusual Items": NaN,
        "Total Unusual Items Excluding Goodwill": NaN,
        "Net Income From Continuing Operation Net Minority Interest": NaN,
        "Reconciled Depreciation": NaN,
        "Reconciled Cost Of Revenue": NaN,
        "EBITDA": NaN,
        "EBIT": NaN,
        "Net Interest Income": NaN,
        "Interest Income": NaN,
        "Normalized Income": NaN,
        "Net Income From Continuing And Discontinued Operation": NaN,
        "Total Expenses": NaN,
        "Total Operating Income As Reported": NaN,
        "Diluted Average Shares": 58120097.0,
        "Basic Average Shares": 57347157.0,
        "Diluted EPS": -0.6,
        "Basic EPS": -0.6,
        "Diluted NI Availto Com Stockholders": NaN,
        "Net Income Common Stockholders": NaN,
        "Otherunder Preferred Stock Dividend": NaN,
        "Net Income": NaN,
        "Minority Interests": NaN,
        "Net Income Including Noncontrolling Interests": NaN,
        "Net Income Continuous Operations": NaN,
        "Tax Provision": NaN,
        "Pretax Income": NaN,
        "Other Income Expense": NaN,
        "Other Non Operating Income Expenses": NaN,
        "Gain On Sale Of Security": NaN,
        "Net Non Operating Interest Income Expense": NaN,
        "Interest Income Non Operating": NaN,
        "Operating Income": NaN,
        "Operating Expense": NaN,
        "Research And Development": NaN,
        "Selling General And Administration": NaN,
        "Selling And Marketing Expense": NaN,
        "General And Administrative Expense": NaN,
        "Other Gand A": NaN,
        "Salaries And Wages": NaN,
        "Gross Profit": NaN,
        "Cost Of Revenue": NaN,
        "Total Revenue": NaN,
        "Operating Revenue": NaN
    },
    "2022-09-30": {
        "Tax Effect Of Unusual Items": NaN,
        "Tax Rate For Calcs": NaN,
        "Normalized EBITDA": NaN,
        "Total Unusual Items": NaN,
        "Total Unusual Items Excluding Goodwill": NaN,
        "Net Income From Continuing Operation Net Minority Interest": NaN,
        "Reconciled Depreciation": NaN,
        "Reconciled Cost Of Revenue": NaN,
        "EBITDA": NaN,
        "EBIT": NaN,
        "Net Interest Income": NaN,
        "Interest Income": NaN,
        "Normalized Income": NaN,
        "Net Income From Continuing And Discontinued Operation": NaN,
        "Total Expenses": NaN,
        "Total Operating Income As Reported": NaN,
        "Diluted Average Shares": NaN,
        "Basic Average Shares": NaN,
        "Diluted EPS": NaN,
        "Basic EPS": NaN,
        "Diluted NI Availto Com Stockholders": NaN,
        "Net Income Common Stockholders": NaN,
        "Otherunder Preferred Stock Dividend": 0.0,
        "Net Income": NaN,
        "Minority Interests": NaN,
        "Net Income Including Noncontrolling Interests": NaN,
        "Net Income Continuous Operations": NaN,
        "Tax Provision": NaN,
        "Pretax Income": NaN,
        "Other Income Expense": NaN,
        "Other Non Operating Income Expenses": NaN,
        "Gain On Sale Of Security": NaN,
        "Net Non Operating Interest Income Expense": NaN,
        "Interest Income Non Operating": NaN,
        "Operating Income": NaN,
        "Operating Expense": NaN,
        "Research And Development": NaN,
        "Selling General And Administration": NaN,
        "Selling And Marketing Expense": NaN,
        "General And Administrative Expense": NaN,
        "Other Gand A": NaN,
        "Salaries And Wages": NaN,
        "Gross Profit": NaN,
        "Cost Of Revenue": NaN,
        "Total Revenue": NaN,
        "Operating Revenue": NaN
    },
    "2024-06-30": {
        "Tax Effect Of Unusual Items": -93030.0,
        "Tax Rate For Calcs": 0.21,
        "Normalized EBITDA": 4762000.0,
        "Total Unusual Items": -443000.0,
        "Total Unusual Items Excluding Goodwill": -443000.0,
        "Net Income From Continuing Operation Net Minority Interest": -74785000.0,
        "Reconciled Depreciation": 7042000.0,
        "Reconciled Cost Of Revenue": 145602000.0,
        "EBITDA": 4319000.0,
        "EBIT": -2723000.0,
        "Net Interest Income": 8193000.0,
        "Interest Income": 8193000.0,
        "Normalized Income": -74435030.0,
        "Net Income From Continuing And Discontinued Operation": -74785000.0,
        "Total Expenses": 245317000.0,
        "Total Operating Income As Reported": 5027000.0,
        "Diluted Average Shares": 71765884.0,
        "Basic Average Shares": 71765884.0,
        "Diluted EPS": -1.04,
        "Basic EPS": -1.04,
        "Diluted NI Availto Com Stockholders": -74785000.0,
        "Net Income Common Stockholders": -74785000.0,
        "Otherunder Preferred Stock Dividend": NaN,
        "Net Income": -74785000.0,
        "Minority Interests": 7894000.0,
        "Net Income Including Noncontrolling Interests": -82679000.0,
        "Net Income Continuous Operations": -82679000.0,
        "Tax Provision": 14512000.0,
        "Pretax Income": -68167000.0,
        "Other Income Expense": -73637000.0,
        "Other Non Operating Income Expenses": -73194000.0,
        "Gain On Sale Of Security": -443000.0,
        "Net Non Operating Interest Income Expense": 8193000.0,
        "Interest Income Non Operating": 8193000.0,
        "Operating Income": -2723000.0,
        "Operating Expense": 99715000.0,
        "Research And Development": 21935000.0,
        "Selling General And Administration": 77780000.0,
        "Selling And Marketing Expense": 13331000.0,
        "General And Administrative Expense": 64449000.0,
        "Other Gand A": 64449000.0,
        "Salaries And Wages": NaN,
        "Gross Profit": 96992000.0,
        "Cost Of Revenue": 145602000.0,
        "Total Revenue": 242594000.0,
        "Operating Revenue": 242594000.0
    },
    "2024-09-30": {
        "Tax Effect Of Unusual Items": -105056.0,
        "Tax Rate For Calcs": 0.134,
        "Normalized EBITDA": 22333000.0,
        "Total Unusual Items": -784000.0,
        "Total Unusual Items Excluding Goodwill": -784000.0,
        "Net Income From Continuing Operation Net Minority Interest": -67476000.0,
        "Reconciled Depreciation": 7116000.0,
        "Reconciled Cost Of Revenue": 148965000.0,
        "EBITDA": 21549000.0,
        "EBIT": 14433000.0,
        "Net Interest Income": 8735000.0,
        "Interest Income": 8735000.0,
        "Normalized Income": -66797056.0,
        "Net Income From Continuing And Discontinued Operation": -67476000.0,
        "Total Expenses": 234850000.0,
        "Total Operating Income As Reported": 22384000.0,
        "Diluted Average Shares": 72728667.0,
        "Basic Average Shares": 72728667.0,
        "Diluted EPS": -0.93,
        "Basic EPS": -0.93,
        "Diluted NI Availto Com Stockholders": -67476000.0,
        "Net Income Common Stockholders": -67476000.0,
        "Otherunder Preferred Stock Dividend": NaN,
        "Net Income": -67476000.0,
        "Minority Interests": 6755000.0,
        "Net Income Including Noncontrolling Interests": -74231000.0,
        "Net Income Continuous Operations": -74231000.0,
        "Tax Provision": -11524000.0,
        "Pretax Income": -85755000.0,
        "Other Income Expense": -108923000.0,
        "Other Non Operating Income Expenses": -108139000.0,
        "Gain On Sale Of Security": -784000.0,
        "Net Non Operating Interest Income Expense": 8735000.0,
        "Interest Income Non Operating": 8735000.0,
        "Operating Income": 14433000.0,
        "Operating Expense": 85885000.0,
        "Research And Development": 16655000.0,
        "Selling General And Administration": 69230000.0,
        "Selling And Marketing Expense": 11440000.0,
        "General And Administrative Expense": 57790000.0,
        "Other Gand A": 57790000.0,
        "Salaries And Wages": NaN,
        "Gross Profit": 100318000.0,
        "Cost Of Revenue": 148965000.0,
        "Total Revenue": 249283000.0,
        "Operating Revenue": 249283000.0
    }
}