{
    "2023-03-31": {
        "Tax Effect Of Unusual Items": NaN,
        "Tax Rate For Calcs": NaN,
        "Normalized EBITDA": NaN,
        "Total Unusual Items": -8000000.0,
        "Total Unusual Items Excluding Goodwill": -8000000.0,
        "Net Income From Continuing Operation Net Minority Interest": NaN,
        "Reconciled Depreciation": NaN,
        "Reconciled Cost Of Revenue": NaN,
        "EBITDA": NaN,
        "EBIT": NaN,
        "Net Interest Income": NaN,
        "Interest Expense": NaN,
        "Interest Income": 7000000.0,
        "Normalized Income": NaN,
        "Net Income From Continuing And Discontinued Operation": NaN,
        "Total Expenses": NaN,
        "Diluted Average Shares": NaN,
        "Basic Average Shares": NaN,
        "Diluted EPS": NaN,
        "Basic EPS": NaN,
        "Diluted NI Availto Com Stockholders": NaN,
        "Net Income Common Stockholders": NaN,
        "Net Income": NaN,
        "Minority Interests": NaN,
        "Net Income Including Noncontrolling Interests": NaN,
        "Net Income Continuous Operations": NaN,
        "Tax Provision": NaN,
        "Pretax Income": NaN,
        "Other Income Expense": NaN,
        "Other Non Operating Income Expenses": NaN,
        "Special Income Charges": -12000000.0,
        "Gain On Sale Of Ppe": -12000000.0,
        "Earnings From Equity Interest": 35000000.0,
        "Gain On Sale Of Security": 4000000.0,
        "Net Non Operating Interest Income Expense": NaN,
        "Interest Expense Non Operating": NaN,
        "Interest Income Non Operating": 7000000.0,
        "Operating Income": NaN,
        "Operating Expense": NaN,
        "Selling General And Administration": NaN,
        "General And Administrative Expense": NaN,
        "Other Gand A": NaN,
        "Salaries And Wages": -21000000.0,
        "Gross Profit": NaN,
        "Cost Of Revenue": NaN,
        "Total Revenue": NaN,
        "Operating Revenue": NaN
    },
    "2022-12-31": {
        "Tax Effect Of Unusual Items": NaN,
        "Tax Rate For Calcs": NaN,
        "Normalized EBITDA": NaN,
        "Total Unusual Items": -20000000.0,
        "Total Unusual Items Excluding Goodwill": -20000000.0,
        "Net Income From Continuing Operation Net Minority Interest": NaN,
        "Reconciled Depreciation": NaN,
        "Reconciled Cost Of Revenue": NaN,
        "EBITDA": NaN,
        "EBIT": NaN,
        "Net Interest Income": NaN,
        "Interest Expense": NaN,
        "Interest Income": 6000000.0,
        "Normalized Income": NaN,
        "Net Income From Continuing And Discontinued Operation": NaN,
        "Total Expenses": NaN,
        "Diluted Average Shares": NaN,
        "Basic Average Shares": NaN,
        "Diluted EPS": NaN,
        "Basic EPS": NaN,
        "Diluted NI Availto Com Stockholders": NaN,
        "Net Income Common Stockholders": NaN,
        "Net Income": NaN,
        "Minority Interests": NaN,
        "Net Income Including Noncontrolling Interests": NaN,
        "Net Income Continuous Operations": NaN,
        "Tax Provision": NaN,
        "Pretax Income": NaN,
        "Other Income Expense": NaN,
        "Other Non Operating Income Expenses": NaN,
        "Special Income Charges": 3000000.0,
        "Gain On Sale Of Ppe": 3000000.0,
        "Restructuring And Mergern Acquisition": 0.0,
        "Earnings From Equity Interest": 26000000.0,
        "Gain On Sale Of Security": -23000000.0,
        "Net Non Operating Interest Income Expense": NaN,
        "Interest Expense Non Operating": NaN,
        "Interest Income Non Operating": 6000000.0,
        "Operating Income": NaN,
        "Operating Expense": NaN,
        "Selling General And Administration": NaN,
        "General And Administrative Expense": NaN,
        "Other Gand A": NaN,
        "Salaries And Wages": -14000000.0,
        "Gross Profit": NaN,
        "Cost Of Revenue": NaN,
        "Total Revenue": NaN,
        "Operating Revenue": NaN
    },
    "2022-09-30": {
        "Tax Effect Of Unusual Items": 0.0,
        "Tax Rate For Calcs": 0.229083,
        "Normalized EBITDA": 775120000.0,
        "Total Unusual Items": NaN,
        "Total Unusual Items Excluding Goodwill": NaN,
        "Net Income From Continuing Operation Net Minority Interest": 387854000.0,
        "Reconciled Depreciation": 153981000.0,
        "Reconciled Cost Of Revenue": 2795456000.0,
        "EBITDA": 775120000.0,
        "EBIT": 621139000.0,
        "Net Interest Income": -117794000.0,
        "Interest Expense": 117794000.0,
        "Interest Income": NaN,
        "Normalized Income": 387854000.0,
        "Net Income From Continuing And Discontinued Operation": 387854000.0,
        "Total Expenses": 3631260000.0,
        "Diluted Average Shares": 129942408.0,
        "Basic Average Shares": 128425002.0,
        "Diluted EPS": 2.98,
        "Basic EPS": 3.02,
        "Diluted NI Availto Com Stockholders": 387854000.0,
        "Net Income Common Stockholders": 387854000.0,
        "Net Income": 387854000.0,
        "Minority Interests": -183000.0,
        "Net Income Including Noncontrolling Interests": 388037000.0,
        "Net Income Continuous Operations": 388037000.0,
        "Tax Provision": 115308000.0,
        "Pretax Income": 503345000.0,
        "Other Income Expense": 19624000.0,
        "Other Non Operating Income Expenses": 19624000.0,
        "Special Income Charges": NaN,
        "Gain On Sale Of Ppe": NaN,
        "Restructuring And Mergern Acquisition": NaN,
        "Earnings From Equity Interest": NaN,
        "Gain On Sale Of Security": NaN,
        "Net Non Operating Interest Income Expense": -117794000.0,
        "Interest Expense Non Operating": 117794000.0,
        "Interest Income Non Operating": NaN,
        "Operating Income": 601515000.0,
        "Operating Expense": 835804000.0,
        "Selling General And Administration": 835804000.0,
        "General And Administrative Expense": NaN,
        "Other Gand A": NaN,
        "Salaries And Wages": NaN,
        "Gross Profit": 1437319000.0,
        "Cost Of Revenue": 2795456000.0,
        "Total Revenue": 4232775000.0,
        "Operating Revenue": 4232775000.0
    },
    "2022-06-30": {
        "Tax Effect Of Unusual Items": 0.0,
        "Tax Rate For Calcs": 0.4,
        "Normalized EBITDA": 328880000.0,
        "Total Unusual Items": -620879000.0,
        "Total Unusual Items Excluding Goodwill": -620879000.0,
        "Net Income From Continuing Operation Net Minority Interest": 128831000.0,
        "Reconciled Depreciation": 139442000.0,
        "Reconciled Cost Of Revenue": 2980654000.0,
        "EBITDA": 328880000.0,
        "EBIT": 189438000.0,
        "Net Interest Income": -71270000.0,
        "Interest Expense": 71270000.0,
        "Interest Income": NaN,
        "Normalized Income": 128831000.0,
        "Net Income From Continuing And Discontinued Operation": 128831000.0,
        "Total Expenses": 3406864000.0,
        "Diluted Average Shares": 130107993.0,
        "Basic Average Shares": 128510428.0,
        "Diluted EPS": 0.99,
        "Basic EPS": 1.0,
        "Diluted NI Availto Com Stockholders": 128831000.0,
        "Net Income Common Stockholders": 128831000.0,
        "Net Income": 128831000.0,
        "Minority Interests": -75000.0,
        "Net Income Including Noncontrolling Interests": 128906000.0,
        "Net Income Continuous Operations": 128906000.0,
        "Tax Provision": -10738000.0,
        "Pretax Income": 118168000.0,
        "Other Income Expense": -591530000.0,
        "Other Non Operating Income Expenses": -591530000.0,
        "Special Income Charges": -1879000.0,
        "Gain On Sale Of Ppe": -879000.0,
        "Other Special Charges": 0.0,
        "Restructuring And Mergern Acquisition": 1000000.0,
        "Earnings From Equity Interest": 24000000.0,
        "Gain On Sale Of Security": -619000000.0,
        "Net Non Operating Interest Income Expense": -71270000.0,
        "Interest Expense Non Operating": 71270000.0,
        "Interest Income Non Operating": NaN,
        "Operating Income": 780968000.0,
        "Operating Expense": 426210000.0,
        "Selling General And Administration": 426210000.0,
        "General And Administrative Expense": 427210000.0,
        "Other Gand A": 426210000.0,
        "Salaries And Wages": 1000000.0,
        "Gross Profit": 1207178000.0,
        "Cost Of Revenue": 2980654000.0,
        "Total Revenue": 4187832000.0,
        "Operating Revenue": 4187832000.0
    },
    "2023-06-30": {
        "Tax Effect Of Unusual Items": NaN,
        "Tax Rate For Calcs": NaN,
        "Normalized EBITDA": NaN,
        "Total Unusual Items": NaN,
        "Total Unusual Items Excluding Goodwill": NaN,
        "Net Income From Continuing Operation Net Minority Interest": NaN,
        "Reconciled Depreciation": NaN,
        "Reconciled Cost Of Revenue": NaN,
        "EBITDA": NaN,
        "EBIT": NaN,
        "Net Interest Income": NaN,
        "Interest Expense": NaN,
        "Interest Income": NaN,
        "Normalized Income": NaN,
        "Net Income From Continuing And Discontinued Operation": NaN,
        "Total Expenses": NaN,
        "Diluted Average Shares": 130222542.0,
        "Basic Average Shares": 128440007.0,
        "Diluted EPS": 5.44,
        "Basic EPS": 5.52,
        "Diluted NI Availto Com Stockholders": NaN,
        "Net Income Common Stockholders": NaN,
        "Net Income": NaN,
        "Minority Interests": NaN,
        "Net Income Including Noncontrolling Interests": NaN,
        "Net Income Continuous Operations": NaN,
        "Tax Provision": NaN,
        "Pretax Income": NaN,
        "Other Income Expense": NaN,
        "Other Non Operating Income Expenses": NaN,
        "Special Income Charges": NaN,
        "Gain On Sale Of Ppe": NaN,
        "Earnings From Equity Interest": NaN,
        "Gain On Sale Of Security": NaN,
        "Net Non Operating Interest Income Expense": NaN,
        "Interest Expense Non Operating": NaN,
        "Interest Income Non Operating": NaN,
        "Operating Income": NaN,
        "Operating Expense": NaN,
        "Selling General And Administration": NaN,
        "General And Administrative Expense": NaN,
        "Other Gand A": NaN,
        "Salaries And Wages": NaN,
        "Gross Profit": NaN,
        "Cost Of Revenue": NaN,
        "Total Revenue": NaN,
        "Operating Revenue": NaN
    },
    "2023-09-30": {
        "Tax Effect Of Unusual Items": 0.0,
        "Tax Rate For Calcs": 0.206,
        "Normalized EBITDA": 1195290000.0,
        "Total Unusual Items": NaN,
        "Total Unusual Items Excluding Goodwill": NaN,
        "Net Income From Continuing Operation Net Minority Interest": 650827000.0,
        "Reconciled Depreciation": 240387000.0,
        "Reconciled Cost Of Revenue": 3097349000.0,
        "EBITDA": 1195290000.0,
        "EBIT": 954903000.0,
        "Net Interest Income": -134468000.0,
        "Interest Expense": 134468000.0,
        "Interest Income": NaN,
        "Normalized Income": 650827000.0,
        "Net Income From Continuing And Discontinued Operation": 650827000.0,
        "Total Expenses": 3971040000.0,
        "Diluted Average Shares": 130363441.0,
        "Basic Average Shares": 128472550.0,
        "Diluted EPS": 4.99,
        "Basic EPS": 5.07,
        "Diluted NI Availto Com Stockholders": 650827000.0,
        "Net Income Common Stockholders": 650827000.0,
        "Net Income": 650827000.0,
        "Minority Interests": -245000.0,
        "Net Income Including Noncontrolling Interests": 651072000.0,
        "Net Income Continuous Operations": 651072000.0,
        "Tax Provision": 169363000.0,
        "Pretax Income": 820435000.0,
        "Other Income Expense": 78455000.0,
        "Other Non Operating Income Expenses": 78455000.0,
        "Special Income Charges": NaN,
        "Gain On Sale Of Ppe": NaN,
        "Earnings From Equity Interest": NaN,
        "Gain On Sale Of Security": NaN,
        "Net Non Operating Interest Income Expense": -134468000.0,
        "Interest Expense Non Operating": 134468000.0,
        "Interest Income Non Operating": NaN,
        "Operating Income": 876448000.0,
        "Operating Expense": 873691000.0,
        "Selling General And Administration": 873691000.0,
        "General And Administrative Expense": 873691000.0,
        "Other Gand A": 873691000.0,
        "Salaries And Wages": NaN,
        "Gross Profit": 1750139000.0,
        "Cost Of Revenue": 3097349000.0,
        "Total Revenue": 4847488000.0,
        "Operating Revenue": 4847488000.0
    },
    "2023-12-31": {
        "Tax Effect Of Unusual Items": 4892468.0,
        "Tax Rate For Calcs": 0.214,
        "Normalized EBITDA": 1202110000.0,
        "Total Unusual Items": 22862000.0,
        "Total Unusual Items Excluding Goodwill": 22862000.0,
        "Net Income From Continuing Operation Net Minority Interest": 681851000.0,
        "Reconciled Depreciation": 227778000.0,
        "Reconciled Cost Of Revenue": 3101962000.0,
        "EBITDA": 1224972000.0,
        "EBIT": 997194000.0,
        "Net Interest Income": -127149000.0,
        "Interest Expense": 129029000.0,
        "Interest Income": 1880000.0,
        "Normalized Income": 663881468.0,
        "Net Income From Continuing And Discontinued Operation": 681851000.0,
        "Total Expenses": 3908764000.0,
        "Diluted Average Shares": 130367351.0,
        "Basic Average Shares": 128426247.0,
        "Diluted EPS": 5.23,
        "Basic EPS": 5.31,
        "Diluted NI Availto Com Stockholders": 681851000.0,
        "Net Income Common Stockholders": 681851000.0,
        "Net Income": 681851000.0,
        "Minority Interests": -206000.0,
        "Net Income Including Noncontrolling Interests": 682057000.0,
        "Net Income Continuous Operations": 682057000.0,
        "Tax Provision": 186108000.0,
        "Pretax Income": 868165000.0,
        "Other Income Expense": 83131000.0,
        "Other Non Operating Income Expenses": 23725000.0,
        "Special Income Charges": 8941000.0,
        "Gain On Sale Of Ppe": 8941000.0,
        "Earnings From Equity Interest": 36544000.0,
        "Gain On Sale Of Security": 13921000.0,
        "Net Non Operating Interest Income Expense": -127149000.0,
        "Interest Expense Non Operating": 129029000.0,
        "Interest Income Non Operating": 1880000.0,
        "Operating Income": 912183000.0,
        "Operating Expense": 806802000.0,
        "Selling General And Administration": 806802000.0,
        "General And Administrative Expense": 806802000.0,
        "Other Gand A": 806802000.0,
        "Salaries And Wages": -17000000.0,
        "Gross Profit": 1718985000.0,
        "Cost Of Revenue": 3101962000.0,
        "Total Revenue": 4820947000.0,
        "Operating Revenue": 4820947000.0
    },
    "2024-03-31": {
        "Tax Effect Of Unusual Items": 1680000.0,
        "Tax Rate For Calcs": 0.21,
        "Normalized EBITDA": 1264073000.0,
        "Total Unusual Items": 8000000.0,
        "Total Unusual Items Excluding Goodwill": 8000000.0,
        "Net Income From Continuing Operation Net Minority Interest": 726574000.0,
        "Reconciled Depreciation": 228298000.0,
        "Reconciled Cost Of Revenue": 3279650000.0,
        "EBITDA": 1272073000.0,
        "EBIT": 1043775000.0,
        "Net Interest Income": -120732000.0,
        "Interest Expense": 123732000.0,
        "Interest Income": 3000000.0,
        "Normalized Income": 720254000.0,
        "Net Income From Continuing And Discontinued Operation": 726574000.0,
        "Total Expenses": 4095987000.0,
        "Diluted Average Shares": 130593026.0,
        "Basic Average Shares": 128502829.0,
        "Diluted EPS": 5.56,
        "Basic EPS": 5.65,
        "Diluted NI Availto Com Stockholders": 726574000.0,
        "Net Income Common Stockholders": 726574000.0,
        "Net Income": 726574000.0,
        "Minority Interests": -160000.0,
        "Net Income Including Noncontrolling Interests": 726734000.0,
        "Net Income Continuous Operations": 726734000.0,
        "Tax Provision": 193309000.0,
        "Pretax Income": 920043000.0,
        "Other Income Expense": 62000000.0,
        "Other Non Operating Income Expenses": 15000000.0,
        "Special Income Charges": -3000000.0,
        "Gain On Sale Of Ppe": -3000000.0,
        "Earnings From Equity Interest": 39000000.0,
        "Gain On Sale Of Security": 11000000.0,
        "Net Non Operating Interest Income Expense": -120732000.0,
        "Interest Expense Non Operating": 123732000.0,
        "Interest Income Non Operating": 3000000.0,
        "Operating Income": 978369000.0,
        "Operating Expense": 816337000.0,
        "Selling General And Administration": 816337000.0,
        "General And Administrative Expense": 816337000.0,
        "Other Gand A": 816337000.0,
        "Salaries And Wages": -18000000.0,
        "Gross Profit": 1794706000.0,
        "Cost Of Revenue": 3279650000.0,
        "Total Revenue": 5074356000.0,
        "Operating Revenue": 5074356000.0
    },
    "2024-06-30": {
        "Tax Effect Of Unusual Items": 936627.793217,
        "Tax Rate For Calcs": 0.203748,
        "Normalized EBITDA": 1331297000.0,
        "Total Unusual Items": 4597000.0,
        "Total Unusual Items Excluding Goodwill": 4597000.0,
        "Net Income From Continuing Operation Net Minority Interest": 784963000.0,
        "Reconciled Depreciation": 230668000.0,
        "Reconciled Cost Of Revenue": 3322855000.0,
        "EBITDA": 1335894000.0,
        "EBIT": 1105226000.0,
        "Net Interest Income": -112266000.0,
        "Interest Expense": 119266000.0,
        "Interest Income": 7000000.0,
        "Normalized Income": 781302627.793217,
        "Net Income From Continuing And Discontinued Operation": 784963000.0,
        "Total Expenses": 4141202000.0,
        "Diluted Average Shares": 130643758.0,
        "Basic Average Shares": 128627781.0,
        "Diluted EPS": 6.01,
        "Basic EPS": 6.1,
        "Diluted NI Availto Com Stockholders": 784963000.0,
        "Net Income Common Stockholders": 784963000.0,
        "Net Income": 784963000.0,
        "Minority Interests": -110000.0,
        "Net Income Including Noncontrolling Interests": 785073000.0,
        "Net Income Continuous Operations": 785073000.0,
        "Tax Provision": 200887000.0,
        "Pretax Income": 985960000.0,
        "Other Income Expense": 52597000.0,
        "Other Non Operating Income Expenses": 10000000.0,
        "Special Income Charges": -6403000.0,
        "Gain On Sale Of Ppe": -6403000.0,
        "Earnings From Equity Interest": 38000000.0,
        "Gain On Sale Of Security": 11000000.0,
        "Net Non Operating Interest Income Expense": -112266000.0,
        "Interest Expense Non Operating": 119266000.0,
        "Interest Income Non Operating": 7000000.0,
        "Operating Income": 1045613000.0,
        "Operating Expense": 818347000.0,
        "Selling General And Administration": 818347000.0,
        "General And Administrative Expense": 818347000.0,
        "Other Gand A": 818347000.0,
        "Salaries And Wages": -20000000.0,
        "Gross Profit": 1863960000.0,
        "Cost Of Revenue": 3322855000.0,
        "Total Revenue": 5186815000.0,
        "Operating Revenue": 5186815000.0
    },
    "2024-09-30": {
        "Tax Effect Of Unusual Items": -5642870.0,
        "Tax Rate For Calcs": 0.202,
        "Normalized EBITDA": 1245258000.0,
        "Total Unusual Items": -27935000.0,
        "Total Unusual Items Excluding Goodwill": -27935000.0,
        "Net Income From Continuing Operation Net Minority Interest": 698420000.0,
        "Reconciled Depreciation": 229046000.0,
        "Reconciled Cost Of Revenue": 3097719000.0,
        "EBITDA": 1217323000.0,
        "EBIT": 988277000.0,
        "Net Interest Income": -110274000.0,
        "Interest Expense": 113091000.0,
        "Interest Income": 2817000.0,
        "Normalized Income": 720712130.0,
        "Net Income From Continuing And Discontinued Operation": 698420000.0,
        "Total Expenses": 3946508000.0,
        "Diluted Average Shares": 130680242.0,
        "Basic Average Shares": 128663088.0,
        "Diluted EPS": 5.34,
        "Basic EPS": 5.43,
        "Diluted NI Availto Com Stockholders": 698420000.0,
        "Net Income Common Stockholders": 698420000.0,
        "Net Income": 698420000.0,
        "Minority Interests": -108000.0,
        "Net Income Including Noncontrolling Interests": 698528000.0,
        "Net Income Continuous Operations": 698528000.0,
        "Tax Provision": 176658000.0,
        "Pretax Income": 875186000.0,
        "Other Income Expense": 27984000.0,
        "Other Non Operating Income Expenses": 17802000.0,
        "Special Income Charges": 8735000.0,
        "Gain On Sale Of Ppe": 8735000.0,
        "Earnings From Equity Interest": 38117000.0,
        "Gain On Sale Of Security": -36670000.0,
        "Net Non Operating Interest Income Expense": -110274000.0,
        "Interest Expense Non Operating": 113091000.0,
        "Interest Income Non Operating": 2817000.0,
        "Operating Income": 957476000.0,
        "Operating Expense": 848789000.0,
        "Selling General And Administration": 848789000.0,
        "General And Administrative Expense": 848789000.0,
        "Other Gand A": 848789000.0,
        "Salaries And Wages": NaN,
        "Gross Profit": 1806265000.0,
        "Cost Of Revenue": 3097719000.0,
        "Total Revenue": 4903984000.0,
        "Operating Revenue": 4903984000.0
    },
    "2024-12-31": {
        "Tax Effect Of Unusual Items": 52094880.0,
        "Tax Rate For Calcs": 0.186,
        "Normalized EBITDA": 1212402000.0,
        "Total Unusual Items": 280080000.0,
        "Total Unusual Items Excluding Goodwill": 280080000.0,
        "Net Income From Continuing Operation Net Minority Interest": 948542000.0,
        "Reconciled Depreciation": 225823000.0,
        "Reconciled Cost Of Revenue": 3022229000.0,
        "EBITDA": 1492482000.0,
        "EBIT": 1266659000.0,
        "Net Interest Income": -98371000.0,
        "Interest Expense": 100802000.0,
        "Interest Income": 2431000.0,
        "Normalized Income": 720556880.0,
        "Net Income From Continuing And Discontinued Operation": 948542000.0,
        "Total Expenses": 3804650000.0,
        "Diluted Average Shares": 130758808.0,
        "Basic Average Shares": 128752836.0,
        "Diluted EPS": 7.25,
        "Basic EPS": 7.37,
        "Diluted NI Availto Com Stockholders": 948542000.0,
        "Net Income Common Stockholders": 948542000.0,
        "Net Income": 948542000.0,
        "Minority Interests": -107000.0,
        "Net Income Including Noncontrolling Interests": 948649000.0,
        "Net Income Continuous Operations": 948649000.0,
        "Tax Provision": 217208000.0,
        "Pretax Income": 1165857000.0,
        "Other Income Expense": 326285000.0,
        "Other Non Operating Income Expenses": 7352000.0,
        "Special Income Charges": 248613000.0,
        "Gain On Sale Of Ppe": 248613000.0,
        "Earnings From Equity Interest": 38853000.0,
        "Gain On Sale Of Security": 31467000.0,
        "Net Non Operating Interest Income Expense": -98371000.0,
        "Interest Expense Non Operating": 100802000.0,
        "Interest Income Non Operating": 2431000.0,
        "Operating Income": 937943000.0,
        "Operating Expense": 782421000.0,
        "Selling General And Administration": 782421000.0,
        "General And Administrative Expense": 782421000.0,
        "Other Gand A": 782421000.0,
        "Salaries And Wages": NaN,
        "Gross Profit": 1720364000.0,
        "Cost Of Revenue": 3022229000.0,
        "Total Revenue": 4742593000.0,
        "Operating Revenue": 4742593000.0
    }
}