{
    "2023-06-30": {
        "Tax Effect Of Unusual Items": 0.0,
        "Tax Rate For Calcs": 0.362069,
        "Normalized EBITDA": 200000000.0,
        "Net Income From Continuing Operation Net Minority Interest": 72000000.0,
        "Reconciled Cost Of Revenue": 2508000000.0,
        "EBITDA": 200000000.0,
        "EBIT": 200000000.0,
        "Net Interest Income": -68000000.0,
        "Interest Expense": 84000000.0,
        "Interest Income": 16000000.0,
        "Normalized Income": 72000000.0,
        "Net Income From Continuing And Discontinued Operation": 72000000.0,
        "Total Expenses": 4248000000.0,
        "Total Operating Income As Reported": 221000000.0,
        "Diluted Average Shares": 946540000.0,
        "Basic Average Shares": 920167000.0,
        "Diluted EPS": 0.08,
        "Basic EPS": 0.08,
        "Diluted NI Availto Com Stockholders": 72000000.0,
        "Net Income Common Stockholders": 72000000.0,
        "Net Income": 72000000.0,
        "Minority Interests": -2000000.0,
        "Net Income Including Noncontrolling Interests": 74000000.0,
        "Net Income Discontinuous Operations": 0.0,
        "Net Income Continuous Operations": 74000000.0,
        "Tax Provision": 42000000.0,
        "Pretax Income": 116000000.0,
        "Other Income Expense": -37000000.0,
        "Earnings From Equity Interest": -37000000.0,
        "Net Non Operating Interest Income Expense": -68000000.0,
        "Interest Expense Non Operating": 84000000.0,
        "Interest Income Non Operating": 16000000.0,
        "Operating Income": 221000000.0,
        "Operating Expense": 1740000000.0,
        "Other Operating Expenses": 3000000.0,
        "Research And Development": 468000000.0,
        "Selling General And Administration": 1269000000.0,
        "Selling And Marketing Expense": 1112000000.0,
        "General And Administrative Expense": 157000000.0,
        "Other Gand A": 157000000.0,
        "Gross Profit": 1961000000.0,
        "Cost Of Revenue": 2508000000.0,
        "Total Revenue": 4470000000.0,
        "Operating Revenue": 4470000000.0
    },
    "2023-03-31": {
        "Tax Effect Of Unusual Items": 0.0,
        "Tax Rate For Calcs": 0.022124,
        "Normalized EBITDA": -585000000.0,
        "Net Income From Continuing Operation Net Minority Interest": -662000000.0,
        "Reconciled Cost Of Revenue": 2411000000.0,
        "EBITDA": -585000000.0,
        "EBIT": -585000000.0,
        "Net Interest Income": -79000000.0,
        "Interest Expense": 93000000.0,
        "Interest Income": 14000000.0,
        "Normalized Income": -662000000.0,
        "Net Income From Continuing And Discontinued Operation": -665000000.0,
        "Total Expenses": 4750000000.0,
        "Total Operating Income As Reported": -583000000.0,
        "Diluted Average Shares": 920854000.0,
        "Basic Average Shares": 920854000.0,
        "Diluted EPS": -0.72,
        "Basic EPS": -0.72,
        "Diluted NI Availto Com Stockholders": -665000000.0,
        "Net Income Common Stockholders": -665000000.0,
        "Net Income": -665000000.0,
        "Minority Interests": 0.0,
        "Net Income Including Noncontrolling Interests": -665000000.0,
        "Net Income Discontinuous Operations": -3000000.0,
        "Net Income Continuous Operations": -663000000.0,
        "Tax Provision": -15000000.0,
        "Pretax Income": -678000000.0,
        "Other Income Expense": -16000000.0,
        "Earnings From Equity Interest": -16000000.0,
        "Net Non Operating Interest Income Expense": -79000000.0,
        "Interest Expense Non Operating": 93000000.0,
        "Interest Income Non Operating": 14000000.0,
        "Operating Income": -584000000.0,
        "Operating Expense": 2339000000.0,
        "Other Operating Expenses": 574000000.0,
        "Research And Development": 528000000.0,
        "Selling General And Administration": 1237000000.0,
        "Selling And Marketing Expense": 1079000000.0,
        "General And Administrative Expense": 158000000.0,
        "Other Gand A": 158000000.0,
        "Gross Profit": 1755000000.0,
        "Cost Of Revenue": 2411000000.0,
        "Total Revenue": 4167000000.0,
        "Operating Revenue": 4167000000.0
    },
    "2022-12-31": {
        "Tax Effect Of Unusual Items": 258000.0,
        "Tax Rate For Calcs": 0.258,
        "Normalized EBITDA": 68000000.0,
        "Total Unusual Items": 1000000.0,
        "Total Unusual Items Excluding Goodwill": 1000000.0,
        "Net Income From Continuing Operation Net Minority Interest": -113000000.0,
        "Reconciled Cost Of Revenue": 3201000000.0,
        "EBITDA": 69000000.0,
        "EBIT": 69000000.0,
        "Net Interest Income": -101000000.0,
        "Interest Expense": 62000000.0,
        "Interest Income": -35000000.0,
        "Normalized Income": -113742000.0,
        "Net Income From Continuing And Discontinued Operation": -105000000.0,
        "Total Expenses": 5229000000.0,
        "Total Operating Income As Reported": 171000000.0,
        "Diluted Average Shares": 922297252.0,
        "Basic Average Shares": 922297252.0,
        "Diluted EPS": -0.11487,
        "Basic EPS": -0.11487,
        "Diluted NI Availto Com Stockholders": -105000000.0,
        "Net Income Common Stockholders": -105000000.0,
        "Net Income": -105000000.0,
        "Minority Interests": 0.0,
        "Net Income Including Noncontrolling Interests": -105000000.0,
        "Net Income Discontinuous Operations": 8000000.0,
        "Net Income Continuous Operations": -113000000.0,
        "Tax Provision": 120000000.0,
        "Pretax Income": 7000000.0,
        "Other Income Expense": -85000000.0,
        "Special Income Charges": -20000000.0,
        "Impairment Of Capital Assets": 26000000.0,
        "Earnings From Equity Interest": -86000000.0,
        "Net Non Operating Interest Income Expense": -101000000.0,
        "Interest Expense Non Operating": 62000000.0,
        "Interest Income Non Operating": -35000000.0,
        "Operating Income": 193000000.0,
        "Operating Expense": 2028000000.0,
        "Other Operating Expenses": 50000000.0,
        "Research And Development": 503000000.0,
        "Selling General And Administration": 1475000000.0,
        "Selling And Marketing Expense": 1280000000.0,
        "General And Administrative Expense": 195000000.0,
        "Other Gand A": 195000000.0,
        "Gross Profit": 2221000000.0,
        "Cost Of Revenue": 3201000000.0,
        "Total Revenue": 5422000000.0,
        "Operating Revenue": 5031000000.0
    },
    "2022-09-30": {
        "Tax Effect Of Unusual Items": -139822222.222222,
        "Tax Rate For Calcs": 0.105051,
        "Normalized EBITDA": -85000000.0,
        "Total Unusual Items": -1331000000.0,
        "Total Unusual Items Excluding Goodwill": -1331000000.0,
        "Net Income From Continuing Operation Net Minority Interest": -1331000000.0,
        "Reconciled Cost Of Revenue": 2580000000.0,
        "EBITDA": -1416000000.0,
        "EBIT": -1416000000.0,
        "Net Interest Income": -46000000.0,
        "Interest Expense": 69000000.0,
        "Interest Income": 23000000.0,
        "Normalized Income": -139822222.222222,
        "Net Income From Continuing And Discontinued Operation": -1330000000.0,
        "Total Expenses": 4509000000.0,
        "Total Operating Income As Reported": -1529000000.0,
        "Diluted Average Shares": 924667000.0,
        "Basic Average Shares": 924667000.0,
        "Diluted EPS": -1.44,
        "Basic EPS": -1.44,
        "Diluted NI Availto Com Stockholders": -1330000000.0,
        "Net Income Common Stockholders": -1330000000.0,
        "Net Income": -1330000000.0,
        "Minority Interests": -1000000.0,
        "Net Income Including Noncontrolling Interests": -1329000000.0,
        "Net Income Discontinuous Operations": 1000000.0,
        "Net Income Continuous Operations": -1330000000.0,
        "Tax Provision": -156000000.0,
        "Pretax Income": -1485000000.0,
        "Other Income Expense": -1240000000.0,
        "Special Income Charges": -1331000000.0,
        "Impairment Of Capital Assets": 1331000000.0,
        "Earnings From Equity Interest": 91000000.0,
        "Net Non Operating Interest Income Expense": -46000000.0,
        "Interest Expense Non Operating": 69000000.0,
        "Interest Income Non Operating": 23000000.0,
        "Operating Income": -199000000.0,
        "Operating Expense": 1929000000.0,
        "Other Operating Expenses": -15000000.0,
        "Research And Development": 615000000.0,
        "Selling General And Administration": 1329000000.0,
        "Selling And Marketing Expense": 1154000000.0,
        "General And Administrative Expense": 175000000.0,
        "Other Gand A": 175000000.0,
        "Gross Profit": 1730000000.0,
        "Cost Of Revenue": 2580000000.0,
        "Total Revenue": 4310000000.0,
        "Operating Revenue": 4310000000.0
    },
    "2022-06-30": {
        "Tax Effect Of Unusual Items": 0.0,
        "Tax Rate For Calcs": 0.294118,
        "Normalized EBITDA": 34000000.0,
        "Total Unusual Items": NaN,
        "Total Unusual Items Excluding Goodwill": NaN,
        "Net Income From Continuing Operation Net Minority Interest": -26000000.0,
        "Reconciled Cost Of Revenue": 2445000000.0,
        "EBITDA": 34000000.0,
        "EBIT": 34000000.0,
        "Net Interest Income": -48000000.0,
        "Interest Expense": 68000000.0,
        "Interest Income": 20000000.0,
        "Normalized Income": -26000000.0,
        "Net Income From Continuing And Discontinued Operation": -22000000.0,
        "Total Expenses": 4166000000.0,
        "Total Operating Income As Reported": 11000000.0,
        "Diluted Average Shares": 923501000.0,
        "Basic Average Shares": 923501000.0,
        "Diluted EPS": -0.02,
        "Basic EPS": -0.02,
        "Diluted NI Availto Com Stockholders": -22000000.0,
        "Net Income Common Stockholders": -22000000.0,
        "Net Income": -22000000.0,
        "Minority Interests": -2000000.0,
        "Net Income Including Noncontrolling Interests": -20000000.0,
        "Net Income Discontinuous Operations": 4000000.0,
        "Net Income Continuous Operations": -24000000.0,
        "Tax Provision": -10000000.0,
        "Pretax Income": -34000000.0,
        "Other Income Expense": 4000000.0,
        "Special Income Charges": NaN,
        "Impairment Of Capital Assets": NaN,
        "Earnings From Equity Interest": 4000000.0,
        "Net Non Operating Interest Income Expense": -48000000.0,
        "Interest Expense Non Operating": 68000000.0,
        "Interest Income Non Operating": 20000000.0,
        "Operating Income": 10000000.0,
        "Operating Expense": 1721000000.0,
        "Other Operating Expenses": -26000000.0,
        "Research And Development": 490000000.0,
        "Selling General And Administration": 1257000000.0,
        "Selling And Marketing Expense": 1111000000.0,
        "General And Administrative Expense": 146000000.0,
        "Other Gand A": 146000000.0,
        "Gross Profit": 1731000000.0,
        "Cost Of Revenue": 2445000000.0,
        "Total Revenue": 4177000000.0,
        "Operating Revenue": 4177000000.0
    },
    "2021-06-30": {
        "Diluted EPS": 0.19,
        "Total Revenue": NaN,
        "Gross Profit": NaN,
        "Operating Income": 102,
        "EBIT": 102,
        "Net Income": 181
    },
    "2020-06-30": {
        "Diluted EPS": 0.25,
        "Total Revenue": NaN,
        "Gross Profit": NaN,
        "Operating Income": 252,
        "EBIT": 252,
        "Net Income": 229
    },
    "2019-06-30": {
        "Diluted EPS": 0.3,
        "Total Revenue": NaN,
        "Gross Profit": NaN,
        "Operating Income": 392,
        "EBIT": 392,
        "Net Income": 273
    },
    "2018-06-30": {
        "Diluted EPS": 0.0,
        "Total Revenue": NaN,
        "Gross Profit": NaN,
        "Operating Income": 355,
        "EBIT": 355,
        "Net Income": 1
    },
    "2017-06-30": {
        "Diluted EPS": 0.3,
        "Total Revenue": NaN,
        "Gross Profit": NaN,
        "Operating Income": 278,
        "EBIT": 278,
        "Net Income": 275
    },
    "2016-12-31": {
        "Diluted EPS": 0.73,
        "Total Revenue": NaN,
        "Gross Profit": NaN,
        "Operating Income": 902,
        "EBIT": NaN,
        "Net Income": 680
    },
    "2016-09-30": {
        "Diluted EPS": 0.45,
        "Total Revenue": NaN,
        "Gross Profit": NaN,
        "Operating Income": 537,
        "EBIT": 867,
        "Net Income": 413
    },
    "2016-06-30": {
        "Diluted EPS": 0.52,
        "Total Revenue": NaN,
        "Gross Profit": NaN,
        "Operating Income": 425,
        "EBIT": 776,
        "Net Income": 475
    },
    "2016-03-31": {
        "Diluted EPS": 0.03,
        "Total Revenue": NaN,
        "Gross Profit": NaN,
        "Operating Income": 220,
        "EBIT": 587,
        "Net Income": 35
    },
    "2015-12-31": {
        "Diluted EPS": -0.06,
        "Total Revenue": NaN,
        "Gross Profit": NaN,
        "Operating Income": 178,
        "EBIT": 618,
        "Net Income": -51
    },
    "2015-09-30": {
        "Diluted EPS": 0.38,
        "Total Revenue": NaN,
        "Gross Profit": NaN,
        "Operating Income": 381,
        "EBIT": 733,
        "Net Income": 355
    },
    "2015-06-30": {
        "Diluted EPS": 0.33,
        "Total Revenue": NaN,
        "Gross Profit": NaN,
        "Operating Income": 386,
        "EBIT": 750,
        "Net Income": 301
    },
    "2015-03-31": {
        "Diluted EPS": 0.12,
        "Total Revenue": NaN,
        "Gross Profit": NaN,
        "Operating Income": 157,
        "EBIT": 476,
        "Net Income": 112
    },
    "2014-12-31": {
        "Diluted EPS": 0.17,
        "Total Revenue": NaN,
        "Gross Profit": NaN,
        "Operating Income": 2,
        "EBIT": 368,
        "Net Income": 169
    },
    "2014-09-30": {
        "Diluted EPS": -0.15,
        "Total Revenue": NaN,
        "Gross Profit": NaN,
        "Operating Income": -121,
        "EBIT": 275,
        "Net Income": -138
    },
    "2014-06-30": {
        "Diluted EPS": 0.36,
        "Total Revenue": NaN,
        "Gross Profit": NaN,
        "Operating Income": 455,
        "EBIT": 870,
        "Net Income": 332
    },
    "2014-03-31": {
        "Diluted EPS": 0.21,
        "Total Revenue": NaN,
        "Gross Profit": NaN,
        "Operating Income": 310,
        "EBIT": 739,
        "Net Income": 189
    },
    "2013-12-31": {
        "Diluted EPS": 0.59,
        "Total Revenue": NaN,
        "Gross Profit": NaN,
        "Operating Income": 962,
        "EBIT": NaN,
        "Net Income": 553
    },
    "2013-09-30": {
        "Diluted EPS": 0.41,
        "Total Revenue": NaN,
        "Gross Profit": NaN,
        "Operating Income": 615,
        "EBIT": NaN,
        "Net Income": 374
    },
    "2013-06-30": {
        "Diluted EPS": 0.46,
        "Total Revenue": NaN,
        "Gross Profit": NaN,
        "Operating Income": 665,
        "EBIT": NaN,
        "Net Income": 414
    },
    "2013-03-31": {
        "Diluted EPS": 0.23,
        "Total Revenue": NaN,
        "Gross Profit": NaN,
        "Operating Income": 403,
        "EBIT": 807,
        "Net Income": 213
    },
    "2012-12-31": {
        "Diluted EPS": -0.52,
        "Total Revenue": NaN,
        "Gross Profit": NaN,
        "Operating Income": 95,
        "EBIT": 652,
        "Net Income": -482
    },
    "2012-09-30": {
        "Diluted EPS": 0.24,
        "Total Revenue": NaN,
        "Gross Profit": NaN,
        "Operating Income": 745,
        "EBIT": NaN,
        "Net Income": 221
    },
    "2012-06-30": {
        "Diluted EPS": 0.22,
        "Total Revenue": NaN,
        "Gross Profit": NaN,
        "Operating Income": 206,
        "EBIT": 638,
        "Net Income": 204
    },
    "2012-03-31": {
        "Diluted EPS": 0.35,
        "Total Revenue": NaN,
        "Gross Profit": NaN,
        "Operating Income": 586,
        "EBIT": NaN,
        "Net Income": 326
    },
    "2011-12-31": {
        "Diluted EPS": -0.23,
        "Total Revenue": NaN,
        "Gross Profit": NaN,
        "Operating Income": -38,
        "EBIT": 601,
        "Net Income": -212
    },
    "2011-09-30": {
        "Diluted EPS": 0.11,
        "Total Revenue": NaN,
        "Gross Profit": NaN,
        "Operating Income": 200,
        "EBIT": 623,
        "Net Income": 102
    },
    "2011-06-30": {
        "Diluted EPS": -1.99,
        "Total Revenue": NaN,
        "Gross Profit": NaN,
        "Operating Income": 334,
        "EBIT": 864,
        "Net Income": NaN
    },
    "2011-03-31": {
        "Diluted EPS": 0.2,
        "Total Revenue": NaN,
        "Gross Profit": NaN,
        "Operating Income": 831,
        "EBIT": NaN,
        "Net Income": 198
    },
    "2010-12-31": {
        "Diluted EPS": 0.66,
        "Total Revenue": NaN,
        "Gross Profit": NaN,
        "Operating Income": 986,
        "EBIT": NaN,
        "Net Income": 630
    },
    "2010-09-30": {
        "Diluted EPS": 0.71,
        "Total Revenue": NaN,
        "Gross Profit": NaN,
        "Operating Income": 632,
        "EBIT": NaN,
        "Net Income": 676
    },
    "2010-06-30": {
        "Diluted EPS": 0.34,
        "Total Revenue": NaN,
        "Gross Profit": NaN,
        "Operating Income": 516,
        "EBIT": 924,
        "Net Income": 331
    },
    "2010-03-31": {
        "Diluted EPS": 0.3,
        "Total Revenue": NaN,
        "Gross Profit": NaN,
        "Operating Income": 525,
        "EBIT": 994,
        "Net Income": 277
    },
    "2009-12-31": {
        "Diluted EPS": 0.4,
        "Total Revenue": NaN,
        "Gross Profit": NaN,
        "Operating Income": NaN,
        "EBIT": NaN,
        "Net Income": 384
    },
    "2009-09-30": {
        "Diluted EPS": 0.27,
        "Total Revenue": NaN,
        "Gross Profit": NaN,
        "Operating Income": 407,
        "EBIT": NaN,
        "Net Income": 254
    },
    "2009-06-30": {
        "Diluted EPS": 0.07,
        "Total Revenue": NaN,
        "Gross Profit": NaN,
        "Operating Income": NaN,
        "EBIT": -658,
        "Net Income": 64
    },
    "2009-03-31": {
        "Diluted EPS": -0.08,
        "Total Revenue": NaN,
        "Gross Profit": NaN,
        "Operating Income": -254,
        "EBIT": 181,
        "Net Income": -75
    },
    "2023-09-30": {
        "Tax Effect Of Unusual Items": 0.0,
        "Tax Rate For Calcs": 0.246154,
        "Normalized EBITDA": 221000000.0,
        "Net Income From Continuing Operation Net Minority Interest": 95000000.0,
        "Reconciled Cost Of Revenue": 2538000000.0,
        "EBITDA": 221000000.0,
        "EBIT": 221000000.0,
        "Net Interest Income": -76000000.0,
        "Interest Expense": 91000000.0,
        "Interest Income": 15000000.0,
        "Normalized Income": 95000000.0,
        "Net Income From Continuing And Discontinued Operation": 88000000.0,
        "Total Expenses": 4248000000.0,
        "Total Operating Income As Reported": 224000000.0,
        "Diluted Average Shares": 940362000.0,
        "Basic Average Shares": 918030000.0,
        "Diluted EPS": 0.09,
        "Basic EPS": 0.1,
        "Diluted NI Availto Com Stockholders": 88000000.0,
        "Net Income Common Stockholders": 88000000.0,
        "Net Income": 88000000.0,
        "Minority Interests": -2000000.0,
        "Net Income Including Noncontrolling Interests": 90000000.0,
        "Net Income Discontinuous Operations": -7000000.0,
        "Net Income Continuous Operations": 97000000.0,
        "Tax Provision": 32000000.0,
        "Pretax Income": 130000000.0,
        "Other Income Expense": -19000000.0,
        "Earnings From Equity Interest": -19000000.0,
        "Net Non Operating Interest Income Expense": -76000000.0,
        "Interest Expense Non Operating": 91000000.0,
        "Interest Income Non Operating": 15000000.0,
        "Operating Income": 223000000.0,
        "Operating Expense": 1710000000.0,
        "Other Operating Expenses": 1000000.0,
        "Research And Development": 445000000.0,
        "Selling General And Administration": 1264000000.0,
        "Selling And Marketing Expense": 1114000000.0,
        "General And Administrative Expense": 150000000.0,
        "Other Gand A": 150000000.0,
        "Gross Profit": 1933000000.0,
        "Cost Of Revenue": 2538000000.0,
        "Total Revenue": 4471000000.0,
        "Operating Revenue": 4471000000.0
    },
    "2023-12-31": {
        "Tax Effect Of Unusual Items": 0.0,
        "Tax Rate For Calcs": 0.258,
        "Normalized EBITDA": -56000000.0,
        "Net Income From Continuing Operation Net Minority Interest": 40000000.0,
        "Reconciled Cost Of Revenue": 3263000000.0,
        "EBITDA": -56000000.0,
        "EBIT": -56000000.0,
        "Net Interest Income": -44000000.0,
        "Interest Expense": 38000000.0,
        "Interest Income": 0.0,
        "Normalized Income": 40000000.0,
        "Net Income From Continuing And Discontinued Operation": 39000000.0,
        "Total Expenses": 5091000000.0,
        "Total Operating Income As Reported": 24000000.0,
        "Diluted Average Shares": 927301000.0,
        "Basic Average Shares": 910823000.0,
        "Diluted EPS": 0.04,
        "Basic EPS": 0.04,
        "Diluted NI Availto Com Stockholders": 39000000.0,
        "Net Income Common Stockholders": 39000000.0,
        "Net Income": 39000000.0,
        "Minority Interests": 2000000.0,
        "Net Income Including Noncontrolling Interests": 38000000.0,
        "Net Income Discontinuous Operations": -1000000.0,
        "Net Income Continuous Operations": 38000000.0,
        "Tax Provision": -132000000.0,
        "Pretax Income": -94000000.0,
        "Other Income Expense": -20000000.0,
        "Earnings From Equity Interest": -26000000.0,
        "Net Non Operating Interest Income Expense": -44000000.0,
        "Interest Expense Non Operating": 38000000.0,
        "Interest Income Non Operating": 0.0,
        "Operating Income": -30000000.0,
        "Operating Expense": 1828000000.0,
        "Other Operating Expenses": 16000000.0,
        "Research And Development": 449000000.0,
        "Selling General And Administration": 1363000000.0,
        "Selling And Marketing Expense": 1220000000.0,
        "General And Administrative Expense": 143000000.0,
        "Other Gand A": 143000000.0,
        "Gross Profit": 1798000000.0,
        "Cost Of Revenue": 3263000000.0,
        "Total Revenue": 5062000000.0,
        "Operating Revenue": 4672000000.0
    },
    "2024-03-31": {
        "Tax Effect Of Unusual Items": 0.0,
        "Tax Rate For Calcs": 0.4,
        "Normalized EBITDA": -800000000.0,
        "Net Income From Continuing Operation Net Minority Interest": -1000000000.0,
        "Reconciled Cost Of Revenue": 2323000000.0,
        "EBITDA": -800000000.0,
        "EBIT": -800000000.0,
        "Net Interest Income": -70000000.0,
        "Interest Expense": 94000000.0,
        "Interest Income": 24000000.0,
        "Normalized Income": -1000000000.0,
        "Net Income From Continuing And Discontinued Operation": -999000000.0,
        "Total Expenses": 4961000000.0,
        "Total Operating Income As Reported": -824000000.0,
        "Diluted Average Shares": 906029000.0,
        "Basic Average Shares": 906029000.0,
        "Diluted EPS": -1.1,
        "Basic EPS": -1.1,
        "Diluted NI Availto Com Stockholders": -999000000.0,
        "Net Income Common Stockholders": -999000000.0,
        "Net Income": -999000000.0,
        "Minority Interests": 0.0,
        "Net Income Including Noncontrolling Interests": -998000000.0,
        "Net Income Discontinuous Operations": 1000000.0,
        "Net Income Continuous Operations": -999000000.0,
        "Tax Provision": 105000000.0,
        "Pretax Income": -894000000.0,
        "Other Income Expense": -1000000.0,
        "Earnings From Equity Interest": -1000000.0,
        "Net Non Operating Interest Income Expense": -70000000.0,
        "Interest Expense Non Operating": 94000000.0,
        "Interest Income Non Operating": 24000000.0,
        "Operating Income": -823000000.0,
        "Operating Expense": 2638000000.0,
        "Other Operating Expenses": 987000000.0,
        "Research And Development": 419000000.0,
        "Selling General And Administration": 1232000000.0,
        "Selling And Marketing Expense": 1096000000.0,
        "General And Administrative Expense": 136000000.0,
        "Other Gand A": 136000000.0,
        "Gross Profit": 1815000000.0,
        "Cost Of Revenue": 2323000000.0,
        "Total Revenue": 4138000000.0,
        "Operating Revenue": 4138000000.0
    }
}