{
    "2023-03-31": {
        "Tax Effect Of Unusual Items": NaN,
        "Tax Rate For Calcs": NaN,
        "Normalized EBITDA": NaN,
        "Total Unusual Items": NaN,
        "Total Unusual Items Excluding Goodwill": NaN,
        "Net Income From Continuing Operation Net Minority Interest": NaN,
        "Reconciled Depreciation": NaN,
        "Reconciled Cost Of Revenue": NaN,
        "EBITDA": NaN,
        "EBIT": NaN,
        "Net Interest Income": NaN,
        "Interest Expense": NaN,
        "Interest Income": NaN,
        "Normalized Income": NaN,
        "Net Income From Continuing And Discontinued Operation": NaN,
        "Total Expenses": NaN,
        "Total Operating Income As Reported": NaN,
        "Diluted Average Shares": NaN,
        "Basic Average Shares": NaN,
        "Diluted EPS": NaN,
        "Basic EPS": NaN,
        "Diluted NI Availto Com Stockholders": NaN,
        "Net Income Common Stockholders": NaN,
        "Net Income": NaN,
        "Net Income Including Noncontrolling Interests": NaN,
        "Net Income Continuous Operations": NaN,
        "Tax Provision": NaN,
        "Pretax Income": NaN,
        "Other Income Expense": NaN,
        "Other Non Operating Income Expenses": NaN,
        "Special Income Charges": NaN,
        "Gain On Sale Of Business": -18000000.0,
        "Other Special Charges": NaN,
        "Write Off": NaN,
        "Restructuring And Mergern Acquisition": NaN,
        "Earnings From Equity Interest": NaN,
        "Net Non Operating Interest Income Expense": NaN,
        "Interest Expense Non Operating": NaN,
        "Interest Income Non Operating": NaN,
        "Operating Income": NaN,
        "Operating Expense": NaN,
        "Other Operating Expenses": NaN,
        "Research And Development": NaN,
        "Selling General And Administration": NaN,
        "General And Administrative Expense": NaN,
        "Other Gand A": NaN,
        "Salaries And Wages": NaN,
        "Gross Profit": NaN,
        "Cost Of Revenue": NaN,
        "Total Revenue": NaN,
        "Operating Revenue": NaN
    },
    "2023-06-30": {
        "Tax Effect Of Unusual Items": NaN,
        "Tax Rate For Calcs": NaN,
        "Normalized EBITDA": NaN,
        "Total Unusual Items": NaN,
        "Total Unusual Items Excluding Goodwill": NaN,
        "Net Income From Continuing Operation Net Minority Interest": NaN,
        "Reconciled Depreciation": NaN,
        "Reconciled Cost Of Revenue": NaN,
        "EBITDA": NaN,
        "EBIT": NaN,
        "Net Interest Income": NaN,
        "Interest Expense": NaN,
        "Interest Income": NaN,
        "Normalized Income": NaN,
        "Net Income From Continuing And Discontinued Operation": NaN,
        "Total Expenses": NaN,
        "Total Operating Income As Reported": NaN,
        "Diluted Average Shares": NaN,
        "Basic Average Shares": NaN,
        "Diluted EPS": NaN,
        "Basic EPS": NaN,
        "Diluted NI Availto Com Stockholders": NaN,
        "Net Income Common Stockholders": NaN,
        "Net Income": NaN,
        "Net Income Including Noncontrolling Interests": NaN,
        "Net Income Continuous Operations": NaN,
        "Tax Provision": NaN,
        "Pretax Income": NaN,
        "Other Income Expense": NaN,
        "Other Non Operating Income Expenses": 1000000.0,
        "Special Income Charges": NaN,
        "Gain On Sale Of Business": NaN,
        "Other Special Charges": NaN,
        "Write Off": 0.0,
        "Restructuring And Mergern Acquisition": NaN,
        "Earnings From Equity Interest": NaN,
        "Net Non Operating Interest Income Expense": NaN,
        "Interest Expense Non Operating": NaN,
        "Interest Income Non Operating": NaN,
        "Operating Income": NaN,
        "Operating Expense": NaN,
        "Other Operating Expenses": NaN,
        "Research And Development": NaN,
        "Selling General And Administration": NaN,
        "General And Administrative Expense": 102000000.0,
        "Other Gand A": 103000000.0,
        "Salaries And Wages": -1000000.0,
        "Gross Profit": NaN,
        "Cost Of Revenue": NaN,
        "Total Revenue": NaN,
        "Operating Revenue": NaN
    },
    "2022-06-30": {
        "Tax Effect Of Unusual Items": -4800000.0,
        "Tax Rate For Calcs": 0.24,
        "Normalized EBITDA": 121000000.0,
        "Total Unusual Items": -20000000.0,
        "Total Unusual Items Excluding Goodwill": -20000000.0,
        "Net Income From Continuing Operation Net Minority Interest": 41000000.0,
        "Reconciled Depreciation": 43000000.0,
        "Reconciled Cost Of Revenue": 638000000.0,
        "EBITDA": 101000000.0,
        "EBIT": 58000000.0,
        "Net Interest Income": -4000000.0,
        "Interest Expense": 4000000.0,
        "Normalized Income": 56200000.0,
        "Net Income From Continuing And Discontinued Operation": 41000000.0,
        "Total Expenses": 727000000.0,
        "Total Operating Income As Reported": 49000000.0,
        "Diluted Average Shares": 46600000.0,
        "Basic Average Shares": 46600000.0,
        "Diluted EPS": 0.879828,
        "Basic EPS": 0.879828,
        "Diluted NI Availto Com Stockholders": 41000000.0,
        "Net Income Common Stockholders": 41000000.0,
        "Net Income": 41000000.0,
        "Net Income Including Noncontrolling Interests": 41000000.0,
        "Net Income Continuous Operations": 41000000.0,
        "Tax Provision": 13000000.0,
        "Pretax Income": 54000000.0,
        "Other Income Expense": -11000000.0,
        "Other Non Operating Income Expenses": 8000000.0,
        "Special Income Charges": -20000000.0,
        "Write Off": 5000000.0,
        "Restructuring And Mergern Acquisition": 15000000.0,
        "Earnings From Equity Interest": 1000000.0,
        "Net Non Operating Interest Income Expense": -4000000.0,
        "Interest Expense Non Operating": 4000000.0,
        "Operating Income": 69000000.0,
        "Operating Expense": 89000000.0,
        "Other Operating Expenses": -12000000.0,
        "Selling General And Administration": 101000000.0,
        "Gross Profit": 158000000.0,
        "Cost Of Revenue": 638000000.0,
        "Total Revenue": 796000000.0,
        "Operating Revenue": 796000000.0
    },
    "2023-09-30": {
        "Tax Effect Of Unusual Items": -6090000.0,
        "Tax Rate For Calcs": 0.21,
        "Normalized EBITDA": 123000000.0,
        "Total Unusual Items": -29000000.0,
        "Total Unusual Items Excluding Goodwill": -29000000.0,
        "Net Income From Continuing Operation Net Minority Interest": -1000000.0,
        "Reconciled Depreciation": 42000000.0,
        "Reconciled Cost Of Revenue": 719000000.0,
        "EBITDA": 94000000.0,
        "EBIT": 52000000.0,
        "Net Interest Income": -18000000.0,
        "Interest Expense": 22000000.0,
        "Interest Income": 4000000.0,
        "Normalized Income": 21910000.0,
        "Net Income From Continuing And Discontinued Operation": -1000000.0,
        "Total Expenses": 821000000.0,
        "Total Operating Income As Reported": 46000000.0,
        "Diluted Average Shares": 47000000.0,
        "Basic Average Shares": 47000000.0,
        "Diluted EPS": -0.02,
        "Basic EPS": -0.02,
        "Diluted NI Availto Com Stockholders": -1000000.0,
        "Net Income Common Stockholders": -1000000.0,
        "Net Income": -1000000.0,
        "Net Income Including Noncontrolling Interests": -1000000.0,
        "Net Income Continuous Operations": -1000000.0,
        "Tax Provision": 31000000.0,
        "Pretax Income": 30000000.0,
        "Other Income Expense": -27000000.0,
        "Other Non Operating Income Expenses": NaN,
        "Special Income Charges": -29000000.0,
        "Gain On Sale Of Business": -25000000.0,
        "Other Special Charges": NaN,
        "Write Off": 0.0,
        "Restructuring And Mergern Acquisition": 4000000.0,
        "Earnings From Equity Interest": 2000000.0,
        "Net Non Operating Interest Income Expense": -18000000.0,
        "Interest Expense Non Operating": 22000000.0,
        "Interest Income Non Operating": 4000000.0,
        "Operating Income": 75000000.0,
        "Operating Expense": 102000000.0,
        "Other Operating Expenses": -2000000.0,
        "Research And Development": 0.0,
        "Selling General And Administration": 104000000.0,
        "General And Administrative Expense": NaN,
        "Other Gand A": NaN,
        "Salaries And Wages": NaN,
        "Gross Profit": 177000000.0,
        "Cost Of Revenue": 719000000.0,
        "Total Revenue": 896000000.0,
        "Operating Revenue": 896000000.0
    },
    "2022-12-31": {
        "Tax Effect Of Unusual Items": NaN,
        "Tax Rate For Calcs": NaN,
        "Normalized EBITDA": NaN,
        "Total Unusual Items": NaN,
        "Total Unusual Items Excluding Goodwill": NaN,
        "Net Income From Continuing Operation Net Minority Interest": NaN,
        "Reconciled Depreciation": NaN,
        "Reconciled Cost Of Revenue": NaN,
        "EBITDA": NaN,
        "EBIT": NaN,
        "Net Interest Income": NaN,
        "Interest Expense": NaN,
        "Interest Income": NaN,
        "Normalized Income": NaN,
        "Net Income From Continuing And Discontinued Operation": NaN,
        "Total Expenses": NaN,
        "Total Operating Income As Reported": NaN,
        "Diluted Average Shares": NaN,
        "Basic Average Shares": NaN,
        "Diluted EPS": NaN,
        "Basic EPS": NaN,
        "Diluted NI Availto Com Stockholders": NaN,
        "Net Income Common Stockholders": NaN,
        "Net Income": NaN,
        "Net Income Including Noncontrolling Interests": NaN,
        "Net Income Continuous Operations": NaN,
        "Tax Provision": NaN,
        "Pretax Income": NaN,
        "Other Income Expense": NaN,
        "Other Non Operating Income Expenses": 7000000.0,
        "Special Income Charges": NaN,
        "Gain On Sale Of Business": NaN,
        "Write Off": NaN,
        "Restructuring And Mergern Acquisition": NaN,
        "Earnings From Equity Interest": NaN,
        "Net Non Operating Interest Income Expense": NaN,
        "Interest Expense Non Operating": NaN,
        "Interest Income Non Operating": NaN,
        "Operating Income": NaN,
        "Operating Expense": NaN,
        "Other Operating Expenses": NaN,
        "Research And Development": NaN,
        "Selling General And Administration": NaN,
        "General And Administrative Expense": NaN,
        "Other Gand A": NaN,
        "Salaries And Wages": NaN,
        "Gross Profit": NaN,
        "Cost Of Revenue": NaN,
        "Total Revenue": NaN,
        "Operating Revenue": NaN
    },
    "2022-09-30": {
        "Tax Effect Of Unusual Items": NaN,
        "Tax Rate For Calcs": NaN,
        "Normalized EBITDA": NaN,
        "Total Unusual Items": NaN,
        "Total Unusual Items Excluding Goodwill": NaN,
        "Net Income From Continuing Operation Net Minority Interest": NaN,
        "Reconciled Depreciation": NaN,
        "Reconciled Cost Of Revenue": NaN,
        "EBITDA": NaN,
        "EBIT": NaN,
        "Net Interest Income": NaN,
        "Interest Expense": NaN,
        "Interest Income": 2000000.0,
        "Normalized Income": NaN,
        "Net Income From Continuing And Discontinued Operation": NaN,
        "Total Expenses": NaN,
        "Total Operating Income As Reported": NaN,
        "Diluted Average Shares": NaN,
        "Basic Average Shares": NaN,
        "Diluted EPS": NaN,
        "Basic EPS": NaN,
        "Diluted NI Availto Com Stockholders": NaN,
        "Net Income Common Stockholders": NaN,
        "Net Income": NaN,
        "Net Income Including Noncontrolling Interests": NaN,
        "Net Income Continuous Operations": NaN,
        "Tax Provision": NaN,
        "Pretax Income": NaN,
        "Other Income Expense": NaN,
        "Other Non Operating Income Expenses": 8000000.0,
        "Special Income Charges": NaN,
        "Gain On Sale Of Business": NaN,
        "Write Off": 0.0,
        "Restructuring And Mergern Acquisition": NaN,
        "Earnings From Equity Interest": NaN,
        "Net Non Operating Interest Income Expense": NaN,
        "Interest Expense Non Operating": NaN,
        "Interest Income Non Operating": 2000000.0,
        "Operating Income": NaN,
        "Operating Expense": NaN,
        "Other Operating Expenses": NaN,
        "Research And Development": -3000000.0,
        "Selling General And Administration": NaN,
        "Gross Profit": NaN,
        "Cost Of Revenue": NaN,
        "Total Revenue": NaN,
        "Operating Revenue": NaN
    },
    "2023-12-31": {
        "Tax Effect Of Unusual Items": -2100000.0,
        "Tax Rate For Calcs": 0.21,
        "Normalized EBITDA": 127000000.0,
        "Total Unusual Items": -10000000.0,
        "Total Unusual Items Excluding Goodwill": -10000000.0,
        "Net Income From Continuing Operation Net Minority Interest": 21000000.0,
        "Reconciled Depreciation": 45000000.0,
        "Reconciled Cost Of Revenue": 696000000.0,
        "EBITDA": 117000000.0,
        "EBIT": 72000000.0,
        "Net Interest Income": -18000000.0,
        "Interest Expense": 22000000.0,
        "Interest Income": 4000000.0,
        "Normalized Income": 28900000.0,
        "Net Income From Continuing And Discontinued Operation": 21000000.0,
        "Total Expenses": 805000000.0,
        "Total Operating Income As Reported": 69000000.0,
        "Diluted Average Shares": 47000000.0,
        "Basic Average Shares": 46164536.0,
        "Diluted EPS": 0.7,
        "Basic EPS": 0.714834,
        "Diluted NI Availto Com Stockholders": 21000000.0,
        "Net Income Common Stockholders": 21000000.0,
        "Net Income": 21000000.0,
        "Net Income Including Noncontrolling Interests": 21000000.0,
        "Net Income Continuous Operations": 21000000.0,
        "Tax Provision": 29000000.0,
        "Pretax Income": 50000000.0,
        "Other Income Expense": -9000000.0,
        "Other Non Operating Income Expenses": NaN,
        "Special Income Charges": -10000000.0,
        "Gain On Sale Of Business": NaN,
        "Other Special Charges": NaN,
        "Write Off": 0.0,
        "Restructuring And Mergern Acquisition": 10000000.0,
        "Earnings From Equity Interest": 2000000.0,
        "Net Non Operating Interest Income Expense": -18000000.0,
        "Interest Expense Non Operating": 22000000.0,
        "Interest Income Non Operating": 4000000.0,
        "Operating Income": 77000000.0,
        "Operating Expense": 109000000.0,
        "Other Operating Expenses": 0.0,
        "Research And Development": 0.0,
        "Selling General And Administration": 109000000.0,
        "General And Administrative Expense": NaN,
        "Other Gand A": NaN,
        "Salaries And Wages": NaN,
        "Gross Profit": 186000000.0,
        "Cost Of Revenue": 696000000.0,
        "Total Revenue": 882000000.0,
        "Operating Revenue": 882000000.0
    },
    "2024-03-31": {
        "Tax Effect Of Unusual Items": -3990000.0,
        "Tax Rate For Calcs": 0.21,
        "Normalized EBITDA": 138000000.0,
        "Total Unusual Items": -19000000.0,
        "Total Unusual Items Excluding Goodwill": -19000000.0,
        "Net Income From Continuing Operation Net Minority Interest": 29000000.0,
        "Reconciled Depreciation": 41000000.0,
        "Reconciled Cost Of Revenue": 671000000.0,
        "EBITDA": 119000000.0,
        "EBIT": 78000000.0,
        "Net Interest Income": -18000000.0,
        "Interest Expense": 22000000.0,
        "Interest Income": 4000000.0,
        "Normalized Income": 44010000.0,
        "Net Income From Continuing And Discontinued Operation": 29000000.0,
        "Total Expenses": 773000000.0,
        "Total Operating Income As Reported": 71000000.0,
        "Diluted Average Shares": 46100000.0,
        "Basic Average Shares": 45682984.0,
        "Diluted EPS": 0.62,
        "Basic EPS": 0.62589,
        "Diluted NI Availto Com Stockholders": 29000000.0,
        "Net Income Common Stockholders": 29000000.0,
        "Net Income": 29000000.0,
        "Net Income Including Noncontrolling Interests": 29000000.0,
        "Net Income Continuous Operations": 29000000.0,
        "Tax Provision": 27000000.0,
        "Pretax Income": 56000000.0,
        "Other Income Expense": -16000000.0,
        "Other Non Operating Income Expenses": NaN,
        "Special Income Charges": -19000000.0,
        "Gain On Sale Of Business": -17000000.0,
        "Other Special Charges": NaN,
        "Write Off": NaN,
        "Restructuring And Mergern Acquisition": 2000000.0,
        "Earnings From Equity Interest": 3000000.0,
        "Net Non Operating Interest Income Expense": -18000000.0,
        "Interest Expense Non Operating": 22000000.0,
        "Interest Income Non Operating": 4000000.0,
        "Operating Income": 90000000.0,
        "Operating Expense": 102000000.0,
        "Other Operating Expenses": -2000000.0,
        "Research And Development": NaN,
        "Selling General And Administration": 104000000.0,
        "General And Administrative Expense": NaN,
        "Other Gand A": NaN,
        "Salaries And Wages": NaN,
        "Gross Profit": 192000000.0,
        "Cost Of Revenue": 671000000.0,
        "Total Revenue": 863000000.0,
        "Operating Revenue": 863000000.0
    },
    "2024-06-30": {
        "Tax Effect Of Unusual Items": -1260000.0,
        "Tax Rate For Calcs": 0.21,
        "Normalized EBITDA": 122000000.0,
        "Total Unusual Items": -6000000.0,
        "Total Unusual Items Excluding Goodwill": -6000000.0,
        "Net Income From Continuing Operation Net Minority Interest": 14000000.0,
        "Reconciled Depreciation": 40000000.0,
        "Reconciled Cost Of Revenue": 680000000.0,
        "EBITDA": 116000000.0,
        "EBIT": 76000000.0,
        "Net Interest Income": -35000000.0,
        "Interest Expense": 39000000.0,
        "Interest Income": 4000000.0,
        "Normalized Income": 18740000.0,
        "Net Income From Continuing And Discontinued Operation": 14000000.0,
        "Total Expenses": 792000000.0,
        "Total Operating Income As Reported": 71000000.0,
        "Diluted Average Shares": 45700000.0,
        "Basic Average Shares": 43677801.0,
        "Diluted EPS": 0.30646,
        "Basic EPS": 0.30646,
        "Diluted NI Availto Com Stockholders": 14000000.0,
        "Net Income Common Stockholders": 14000000.0,
        "Net Income": 14000000.0,
        "Net Income Including Noncontrolling Interests": 14000000.0,
        "Net Income Continuous Operations": 14000000.0,
        "Tax Provision": 23000000.0,
        "Pretax Income": 37000000.0,
        "Other Income Expense": -4000000.0,
        "Other Non Operating Income Expenses": NaN,
        "Special Income Charges": -6000000.0,
        "Gain On Sale Of Business": NaN,
        "Other Special Charges": NaN,
        "Write Off": NaN,
        "Restructuring And Mergern Acquisition": 6000000.0,
        "Earnings From Equity Interest": 2000000.0,
        "Net Non Operating Interest Income Expense": -35000000.0,
        "Interest Expense Non Operating": 39000000.0,
        "Interest Income Non Operating": 4000000.0,
        "Operating Income": 76000000.0,
        "Operating Expense": 112000000.0,
        "Other Operating Expenses": -1000000.0,
        "Research And Development": NaN,
        "Selling General And Administration": 113000000.0,
        "General And Administrative Expense": 113000000.0,
        "Other Gand A": 112000000.0,
        "Salaries And Wages": 1000000.0,
        "Gross Profit": 188000000.0,
        "Cost Of Revenue": 680000000.0,
        "Total Revenue": 868000000.0,
        "Operating Revenue": 868000000.0
    },
    "2024-09-30": {
        "Tax Effect Of Unusual Items": -2940000.0,
        "Tax Rate For Calcs": 0.21,
        "Normalized EBITDA": 127000000.0,
        "Total Unusual Items": -14000000.0,
        "Total Unusual Items Excluding Goodwill": -14000000.0,
        "Net Income From Continuing Operation Net Minority Interest": 31000000.0,
        "Reconciled Depreciation": 40000000.0,
        "Reconciled Cost Of Revenue": 652000000.0,
        "EBITDA": 113000000.0,
        "EBIT": 73000000.0,
        "Net Interest Income": -16000000.0,
        "Interest Expense": 20000000.0,
        "Interest Income": 4000000.0,
        "Normalized Income": 42060000.0,
        "Net Income From Continuing And Discontinued Operation": 31000000.0,
        "Total Expenses": 759000000.0,
        "Total Operating Income As Reported": 66000000.0,
        "Diluted Average Shares": 44100000.0,
        "Basic Average Shares": 42058194.0,
        "Diluted EPS": 0.7,
        "Basic EPS": 0.709743,
        "Diluted NI Availto Com Stockholders": 31000000.0,
        "Net Income Common Stockholders": 31000000.0,
        "Net Income": 31000000.0,
        "Net Income Including Noncontrolling Interests": 31000000.0,
        "Net Income Continuous Operations": 31000000.0,
        "Tax Provision": 22000000.0,
        "Pretax Income": 53000000.0,
        "Other Income Expense": -11000000.0,
        "Other Non Operating Income Expenses": NaN,
        "Special Income Charges": -14000000.0,
        "Gain On Sale Of Business": -4000000.0,
        "Other Special Charges": 4000000.0,
        "Write Off": NaN,
        "Restructuring And Mergern Acquisition": 6000000.0,
        "Earnings From Equity Interest": 3000000.0,
        "Net Non Operating Interest Income Expense": -16000000.0,
        "Interest Expense Non Operating": 20000000.0,
        "Interest Income Non Operating": 4000000.0,
        "Operating Income": 80000000.0,
        "Operating Expense": 107000000.0,
        "Other Operating Expenses": -1000000.0,
        "Research And Development": 0.0,
        "Selling General And Administration": 108000000.0,
        "General And Administrative Expense": NaN,
        "Other Gand A": NaN,
        "Salaries And Wages": NaN,
        "Gross Profit": 187000000.0,
        "Cost Of Revenue": 652000000.0,
        "Total Revenue": 839000000.0,
        "Operating Revenue": 839000000.0
    }
}