{
    "2023-03-31": {
        "Tax Effect Of Unusual Items": NaN,
        "Tax Rate For Calcs": NaN,
        "Normalized EBITDA": NaN,
        "Net Income From Continuing Operation Net Minority Interest": NaN,
        "Reconciled Depreciation": NaN,
        "EBITDA": NaN,
        "EBIT": NaN,
        "Normalized Income": NaN,
        "Net Income From Continuing And Discontinued Operation": NaN,
        "Total Expenses": NaN,
        "Total Operating Income As Reported": NaN,
        "Diluted Average Shares": 126912.0,
        "Basic Average Shares": 126912.0,
        "Diluted EPS": -28.35,
        "Basic EPS": -28.35,
        "Diluted NI Availto Com Stockholders": NaN,
        "Net Income Common Stockholders": NaN,
        "Net Income": NaN,
        "Net Income Including Noncontrolling Interests": NaN,
        "Net Income Continuous Operations": NaN,
        "Pretax Income": NaN,
        "Other Income Expense": NaN,
        "Other Non Operating Income Expenses": NaN,
        "Operating Income": NaN,
        "Operating Expense": NaN,
        "Research And Development": NaN,
        "Selling General And Administration": NaN,
        "General And Administrative Expense": NaN,
        "Other Gand A": NaN,
        "Total Revenue": NaN,
        "Operating Revenue": NaN
    },
    "2022-12-31": {
        "Tax Effect Of Unusual Items": NaN,
        "Tax Rate For Calcs": NaN,
        "Normalized EBITDA": NaN,
        "Net Income From Continuing Operation Net Minority Interest": NaN,
        "Reconciled Depreciation": NaN,
        "EBITDA": NaN,
        "EBIT": NaN,
        "Normalized Income": NaN,
        "Net Income From Continuing And Discontinued Operation": NaN,
        "Total Expenses": NaN,
        "Total Operating Income As Reported": NaN,
        "Diluted Average Shares": NaN,
        "Basic Average Shares": NaN,
        "Diluted EPS": NaN,
        "Basic EPS": NaN,
        "Diluted NI Availto Com Stockholders": NaN,
        "Net Income Common Stockholders": NaN,
        "Net Income": NaN,
        "Net Income Including Noncontrolling Interests": NaN,
        "Net Income Continuous Operations": NaN,
        "Pretax Income": NaN,
        "Other Income Expense": -1000.0,
        "Other Non Operating Income Expenses": -1000.0,
        "Operating Income": NaN,
        "Operating Expense": NaN,
        "Research And Development": NaN,
        "Selling General And Administration": NaN,
        "General And Administrative Expense": NaN,
        "Other Gand A": NaN,
        "Total Revenue": NaN,
        "Operating Revenue": NaN
    },
    "2022-09-30": {
        "Tax Effect Of Unusual Items": NaN,
        "Tax Rate For Calcs": NaN,
        "Normalized EBITDA": NaN,
        "Net Income From Continuing Operation Net Minority Interest": NaN,
        "Reconciled Depreciation": NaN,
        "EBITDA": NaN,
        "EBIT": NaN,
        "Normalized Income": NaN,
        "Net Income From Continuing And Discontinued Operation": NaN,
        "Total Expenses": NaN,
        "Total Operating Income As Reported": NaN,
        "Diluted Average Shares": 1138571.0,
        "Basic Average Shares": 1138571.0,
        "Diluted EPS": -3.14,
        "Basic EPS": -3.14,
        "Diluted NI Availto Com Stockholders": NaN,
        "Net Income Common Stockholders": NaN,
        "Net Income": NaN,
        "Net Income Including Noncontrolling Interests": NaN,
        "Net Income Continuous Operations": NaN,
        "Pretax Income": NaN,
        "Other Income Expense": NaN,
        "Other Non Operating Income Expenses": NaN,
        "Operating Income": NaN,
        "Operating Expense": NaN,
        "Research And Development": NaN,
        "Selling General And Administration": NaN,
        "General And Administrative Expense": NaN,
        "Other Gand A": NaN,
        "Total Revenue": NaN,
        "Operating Revenue": NaN
    },
    "2022-06-30": {
        "Tax Effect Of Unusual Items": 0.0,
        "Tax Rate For Calcs": 0.0,
        "Normalized EBITDA": -2502000.0,
        "Net Income From Continuing Operation Net Minority Interest": -2531000.0,
        "Reconciled Depreciation": 19000.0,
        "EBITDA": -2502000.0,
        "EBIT": -2521000.0,
        "Normalized Income": -2531000.0,
        "Net Income From Continuing And Discontinued Operation": -2531000.0,
        "Total Expenses": 2521000.0,
        "Total Operating Income As Reported": -2521000.0,
        "Diluted Average Shares": 1138227.0,
        "Basic Average Shares": 1138227.0,
        "Diluted EPS": -2.22,
        "Basic EPS": -2.22,
        "Diluted NI Availto Com Stockholders": -2531000.0,
        "Net Income Common Stockholders": -2531000.0,
        "Net Income": -2531000.0,
        "Net Income Including Noncontrolling Interests": -2531000.0,
        "Net Income Continuous Operations": -2531000.0,
        "Pretax Income": -2531000.0,
        "Other Income Expense": -10000.0,
        "Other Non Operating Income Expenses": -10000.0,
        "Operating Income": -2521000.0,
        "Operating Expense": 2521000.0,
        "Research And Development": 1304000.0,
        "Selling General And Administration": 1217000.0,
        "General And Administrative Expense": 1217000.0,
        "Other Gand A": 1217000.0,
        "Total Revenue": 0.0,
        "Operating Revenue": 0.0
    },
    "2022-03-31": {
        "Diluted EPS": -2.34,
        "Total Revenue": NaN,
        "Gross Profit": NaN,
        "Operating Income": -3,
        "EBIT": -3,
        "Net Income": -3
    },
    "2021-12-31": {
        "Diluted EPS": -2.83,
        "Total Revenue": NaN,
        "Gross Profit": NaN,
        "Operating Income": -3,
        "EBIT": -3,
        "Net Income": -3
    },
    "2021-09-30": {
        "Diluted EPS": -3.36,
        "Total Revenue": NaN,
        "Gross Profit": NaN,
        "Operating Income": -4,
        "EBIT": -4,
        "Net Income": -4
    },
    "2021-06-30": {
        "Diluted EPS": -2.4,
        "Total Revenue": NaN,
        "Gross Profit": NaN,
        "Operating Income": -3,
        "EBIT": -3,
        "Net Income": -3
    },
    "2021-03-31": {
        "Diluted EPS": -3.84,
        "Total Revenue": NaN,
        "Gross Profit": NaN,
        "Operating Income": -4,
        "EBIT": -4,
        "Net Income": -3
    },
    "2020-12-31": {
        "Diluted EPS": 1.8,
        "Total Revenue": NaN,
        "Gross Profit": NaN,
        "Operating Income": -2,
        "EBIT": -2,
        "Net Income": -2
    },
    "2020-09-30": {
        "Diluted EPS": -4.8,
        "Total Revenue": NaN,
        "Gross Profit": NaN,
        "Operating Income": -2,
        "EBIT": -2,
        "Net Income": -2
    },
    "2020-06-30": {
        "Diluted EPS": -4.08,
        "Total Revenue": NaN,
        "Gross Profit": NaN,
        "Operating Income": -2,
        "EBIT": -2,
        "Net Income": -2
    },
    "2020-03-31": {
        "Diluted EPS": -15.97,
        "Total Revenue": NaN,
        "Gross Profit": NaN,
        "Operating Income": -2,
        "EBIT": -2,
        "Net Income": -2
    },
    "2019-12-31": {
        "Diluted EPS": -53.66,
        "Total Revenue": NaN,
        "Gross Profit": NaN,
        "Operating Income": -3,
        "EBIT": -3,
        "Net Income": -3
    },
    "2019-09-30": {
        "Diluted EPS": -54.38,
        "Total Revenue": NaN,
        "Gross Profit": NaN,
        "Operating Income": -2,
        "EBIT": -2,
        "Net Income": -2
    },
    "2019-06-30": {
        "Diluted EPS": -55.46,
        "Total Revenue": NaN,
        "Gross Profit": NaN,
        "Operating Income": -2,
        "EBIT": -2,
        "Net Income": -2
    },
    "2019-03-31": {
        "Diluted EPS": -68.55,
        "Total Revenue": 0,
        "Gross Profit": 0,
        "Operating Income": -2,
        "EBIT": -2,
        "Net Income": -2
    },
    "2018-12-31": {
        "Diluted EPS": 431.53,
        "Total Revenue": 0,
        "Gross Profit": 0,
        "Operating Income": -2,
        "EBIT": -2,
        "Net Income": -2
    },
    "2018-09-30": {
        "Diluted EPS": -224.27,
        "Total Revenue": 0,
        "Gross Profit": 0,
        "Operating Income": -1,
        "EBIT": -1,
        "Net Income": -1
    },
    "2018-06-30": {
        "Diluted EPS": -303.42,
        "Total Revenue": 0,
        "Gross Profit": 0,
        "Operating Income": -2,
        "EBIT": -2,
        "Net Income": -2
    },
    "2018-03-31": {
        "Diluted EPS": -593.64,
        "Total Revenue": 0,
        "Gross Profit": 0,
        "Operating Income": -2,
        "EBIT": -2,
        "Net Income": -2
    },
    "2017-12-31": {
        "Diluted EPS": -461.72,
        "Total Revenue": NaN,
        "Gross Profit": NaN,
        "Operating Income": -2,
        "EBIT": -2,
        "Net Income": -2
    },
    "2017-09-30": {
        "Diluted EPS": -692.59,
        "Total Revenue": NaN,
        "Gross Profit": NaN,
        "Operating Income": -2,
        "EBIT": -2,
        "Net Income": -2
    },
    "2017-06-30": {
        "Diluted EPS": -738.76,
        "Total Revenue": NaN,
        "Gross Profit": NaN,
        "Operating Income": -3,
        "EBIT": -2,
        "Net Income": -3
    },
    "2017-03-31": {
        "Diluted EPS": NaN,
        "Total Revenue": NaN,
        "Gross Profit": NaN,
        "Operating Income": -7,
        "EBIT": -7,
        "Net Income": -5
    },
    "2016-12-31": {
        "Diluted EPS": NaN,
        "Total Revenue": NaN,
        "Gross Profit": NaN,
        "Operating Income": -2,
        "EBIT": -2,
        "Net Income": -4
    },
    "2016-09-30": {
        "Diluted EPS": NaN,
        "Total Revenue": NaN,
        "Gross Profit": NaN,
        "Operating Income": -2,
        "EBIT": -2,
        "Net Income": -2
    },
    "2016-06-30": {
        "Diluted EPS": NaN,
        "Total Revenue": 0,
        "Gross Profit": 0,
        "Operating Income": -2,
        "EBIT": -2,
        "Net Income": -2
    },
    "2016-03-31": {
        "Diluted EPS": NaN,
        "Total Revenue": 0,
        "Gross Profit": 0,
        "Operating Income": -2,
        "EBIT": -2,
        "Net Income": -2
    },
    "2015-12-31": {
        "Diluted EPS": 659.61,
        "Total Revenue": NaN,
        "Gross Profit": NaN,
        "Operating Income": -3,
        "EBIT": -3,
        "Net Income": -3
    },
    "2015-09-30": {
        "Diluted EPS": NaN,
        "Total Revenue": NaN,
        "Gross Profit": NaN,
        "Operating Income": -3,
        "EBIT": -2,
        "Net Income": -2
    },
    "2015-06-30": {
        "Diluted EPS": NaN,
        "Total Revenue": NaN,
        "Gross Profit": NaN,
        "Operating Income": -2,
        "EBIT": -2,
        "Net Income": -2
    },
    "2015-03-31": {
        "Diluted EPS": NaN,
        "Total Revenue": 0,
        "Gross Profit": 0,
        "Operating Income": -3,
        "EBIT": -3,
        "Net Income": -3
    },
    "2014-12-31": {
        "Diluted EPS": NaN,
        "Total Revenue": 0,
        "Gross Profit": 0,
        "Operating Income": -2,
        "EBIT": -2,
        "Net Income": -3
    },
    "2014-09-30": {
        "Diluted EPS": NaN,
        "Total Revenue": 0,
        "Gross Profit": 0,
        "Operating Income": -2,
        "EBIT": -2,
        "Net Income": -3
    },
    "2014-06-30": {
        "Diluted EPS": NaN,
        "Total Revenue": 0,
        "Gross Profit": 0,
        "Operating Income": -2,
        "EBIT": -2,
        "Net Income": -3
    },
    "2014-03-31": {
        "Diluted EPS": NaN,
        "Total Revenue": 0,
        "Gross Profit": 0,
        "Operating Income": -2,
        "EBIT": -2,
        "Net Income": -4
    },
    "2013-12-31": {
        "Diluted EPS": NaN,
        "Total Revenue": 0,
        "Gross Profit": 0,
        "Operating Income": -3,
        "EBIT": -2,
        "Net Income": -4
    },
    "2013-09-30": {
        "Diluted EPS": NaN,
        "Total Revenue": 0,
        "Gross Profit": 0,
        "Operating Income": -2,
        "EBIT": -2,
        "Net Income": -4
    },
    "2013-06-30": {
        "Diluted EPS": NaN,
        "Total Revenue": 0,
        "Gross Profit": 0,
        "Operating Income": -2,
        "EBIT": -2,
        "Net Income": -4
    },
    "2013-03-31": {
        "Diluted EPS": NaN,
        "Total Revenue": 0,
        "Gross Profit": 0,
        "Operating Income": -14,
        "EBIT": -14,
        "Net Income": -18
    },
    "2012-12-31": {
        "Diluted EPS": NaN,
        "Total Revenue": 0,
        "Gross Profit": 0,
        "Operating Income": -2,
        "EBIT": -2,
        "Net Income": -3
    },
    "2012-09-30": {
        "Diluted EPS": NaN,
        "Total Revenue": 0,
        "Gross Profit": 0,
        "Operating Income": -2,
        "EBIT": -2,
        "Net Income": -3
    },
    "2012-06-30": {
        "Diluted EPS": NaN,
        "Total Revenue": NaN,
        "Gross Profit": NaN,
        "Operating Income": -8,
        "EBIT": -8,
        "Net Income": -18
    },
    "2012-03-31": {
        "Diluted EPS": -0.04,
        "Total Revenue": NaN,
        "Gross Profit": NaN,
        "Operating Income": -2,
        "EBIT": -2,
        "Net Income": -2
    },
    "2011-12-31": {
        "Diluted EPS": 0.01,
        "Total Revenue": NaN,
        "Gross Profit": NaN,
        "Operating Income": -3,
        "EBIT": -2,
        "Net Income": -2
    },
    "2011-09-30": {
        "Diluted EPS": -0.05,
        "Total Revenue": NaN,
        "Gross Profit": NaN,
        "Operating Income": -2,
        "EBIT": -2,
        "Net Income": -2
    },
    "2011-06-30": {
        "Diluted EPS": -0.05,
        "Total Revenue": NaN,
        "Gross Profit": NaN,
        "Operating Income": -3,
        "EBIT": -3,
        "Net Income": -2
    },
    "2011-03-31": {
        "Diluted EPS": -0.19,
        "Total Revenue": NaN,
        "Gross Profit": NaN,
        "Operating Income": -5,
        "EBIT": -5,
        "Net Income": -4
    },
    "2023-06-30": {
        "Tax Effect Of Unusual Items": 0.0,
        "Tax Rate For Calcs": 0.0,
        "Normalized EBITDA": -2500000.0,
        "Net Income From Continuing Operation Net Minority Interest": -2549000.0,
        "Reconciled Depreciation": 47000.0,
        "EBITDA": -2500000.0,
        "EBIT": -2547000.0,
        "Normalized Income": -2549000.0,
        "Net Income From Continuing And Discontinued Operation": -2549000.0,
        "Total Expenses": 2547000.0,
        "Total Operating Income As Reported": -2547000.0,
        "Diluted Average Shares": 21339.0,
        "Basic Average Shares": 21339.0,
        "Diluted EPS": -119.43,
        "Basic EPS": -119.43,
        "Diluted NI Availto Com Stockholders": -2549000.0,
        "Net Income Common Stockholders": -2549000.0,
        "Net Income": -2549000.0,
        "Net Income Including Noncontrolling Interests": -2549000.0,
        "Net Income Continuous Operations": -2549000.0,
        "Pretax Income": -2549000.0,
        "Other Income Expense": -2000.0,
        "Other Non Operating Income Expenses": -2000.0,
        "Operating Income": -2547000.0,
        "Operating Expense": 2547000.0,
        "Research And Development": 1383000.0,
        "Selling General And Administration": 1164000.0,
        "General And Administrative Expense": 1164000.0,
        "Other Gand A": 1164000.0,
        "Total Revenue": 0.0,
        "Operating Revenue": 0.0
    },
    "2023-09-30": {
        "Tax Effect Of Unusual Items": 0.0,
        "Tax Rate For Calcs": 0.0,
        "Normalized EBITDA": -2729000.0,
        "Net Income From Continuing Operation Net Minority Interest": -2780000.0,
        "Reconciled Depreciation": 47000.0,
        "EBITDA": -2729000.0,
        "EBIT": -2776000.0,
        "Normalized Income": -2780000.0,
        "Net Income From Continuing And Discontinued Operation": -2780000.0,
        "Total Expenses": 2776000.0,
        "Total Operating Income As Reported": -2776000.0,
        "Diluted Average Shares": 271129.0,
        "Basic Average Shares": 271129.0,
        "Diluted EPS": -10.26,
        "Basic EPS": -10.26,
        "Diluted NI Availto Com Stockholders": -2780000.0,
        "Net Income Common Stockholders": -2780000.0,
        "Net Income": -2780000.0,
        "Net Income Including Noncontrolling Interests": -2780000.0,
        "Net Income Continuous Operations": -2780000.0,
        "Pretax Income": -2780000.0,
        "Other Income Expense": -4000.0,
        "Other Non Operating Income Expenses": -4000.0,
        "Operating Income": -2776000.0,
        "Operating Expense": 2776000.0,
        "Research And Development": 1808000.0,
        "Selling General And Administration": 968000.0,
        "General And Administrative Expense": 968000.0,
        "Other Gand A": 968000.0,
        "Total Revenue": 0.0,
        "Operating Revenue": 0.0
    },
    "2023-12-31": {
        "Tax Effect Of Unusual Items": 0.0,
        "Tax Rate For Calcs": 0.0,
        "Normalized EBITDA": -1730000.0,
        "Net Income From Continuing Operation Net Minority Interest": -1895000.0,
        "Reconciled Depreciation": 43000.0,
        "EBITDA": -1730000.0,
        "EBIT": -1773000.0,
        "Normalized Income": -1895000.0,
        "Net Income From Continuing And Discontinued Operation": -1895000.0,
        "Total Expenses": 1773000.0,
        "Total Operating Income As Reported": -1899000.0,
        "Diluted Average Shares": NaN,
        "Basic Average Shares": NaN,
        "Diluted EPS": NaN,
        "Basic EPS": NaN,
        "Diluted NI Availto Com Stockholders": -1895000.0,
        "Net Income Common Stockholders": -1895000.0,
        "Net Income": -1895000.0,
        "Net Income Including Noncontrolling Interests": -1895000.0,
        "Net Income Continuous Operations": -1895000.0,
        "Pretax Income": -1895000.0,
        "Other Income Expense": -122000.0,
        "Other Non Operating Income Expenses": 4000.0,
        "Operating Income": -1773000.0,
        "Operating Expense": 1773000.0,
        "Research And Development": 1007000.0,
        "Selling General And Administration": 766000.0,
        "General And Administrative Expense": 766000.0,
        "Other Gand A": 766000.0,
        "Total Revenue": 0.0,
        "Operating Revenue": 0.0
    },
    "2024-03-31": {
        "Tax Effect Of Unusual Items": 0.0,
        "Tax Rate For Calcs": 0.0,
        "Normalized EBITDA": -2175000.0,
        "Net Income From Continuing Operation Net Minority Interest": -2154000.0,
        "Reconciled Depreciation": 34000.0,
        "EBITDA": -2175000.0,
        "EBIT": -2209000.0,
        "Normalized Income": -2154000.0,
        "Net Income From Continuing And Discontinued Operation": -2154000.0,
        "Total Expenses": 2209000.0,
        "Total Operating Income As Reported": -2209000.0,
        "Diluted Average Shares": 508896.0,
        "Basic Average Shares": 508896.0,
        "Diluted EPS": -4.23,
        "Basic EPS": -4.23,
        "Diluted NI Availto Com Stockholders": -2154000.0,
        "Net Income Common Stockholders": -2154000.0,
        "Net Income": -2154000.0,
        "Net Income Including Noncontrolling Interests": -2154000.0,
        "Net Income Continuous Operations": -2154000.0,
        "Pretax Income": -2154000.0,
        "Other Income Expense": 55000.0,
        "Other Non Operating Income Expenses": 55000.0,
        "Operating Income": -2209000.0,
        "Operating Expense": 2209000.0,
        "Research And Development": 1148000.0,
        "Selling General And Administration": 1061000.0,
        "General And Administrative Expense": 1061000.0,
        "Other Gand A": 1061000.0,
        "Total Revenue": 0.0,
        "Operating Revenue": 0.0
    },
    "2024-06-30": {
        "Tax Effect Of Unusual Items": 0.0,
        "Tax Rate For Calcs": 0.0,
        "Normalized EBITDA": -1913000.0,
        "Net Income From Continuing Operation Net Minority Interest": -1846000.0,
        "Reconciled Depreciation": 1000.0,
        "EBITDA": -1913000.0,
        "EBIT": -1914000.0,
        "Normalized Income": -1846000.0,
        "Net Income From Continuing And Discontinued Operation": -1846000.0,
        "Total Expenses": 1914000.0,
        "Total Operating Income As Reported": -1914000.0,
        "Diluted Average Shares": 56687.0,
        "Basic Average Shares": 56687.0,
        "Diluted EPS": -32.58,
        "Basic EPS": -32.58,
        "Diluted NI Availto Com Stockholders": -1846000.0,
        "Net Income Common Stockholders": -1846000.0,
        "Net Income": -1846000.0,
        "Net Income Including Noncontrolling Interests": -1846000.0,
        "Net Income Continuous Operations": -1846000.0,
        "Pretax Income": -1846000.0,
        "Other Income Expense": 68000.0,
        "Other Non Operating Income Expenses": 68000.0,
        "Operating Income": -1914000.0,
        "Operating Expense": 1914000.0,
        "Research And Development": 866000.0,
        "Selling General And Administration": 1048000.0,
        "General And Administrative Expense": 1048000.0,
        "Other Gand A": 1048000.0,
        "Total Revenue": 0.0,
        "Operating Revenue": 0.0
    }
}