{
    "2023-06-30": {
        "Tax Effect Of Unusual Items": NaN,
        "Tax Rate For Calcs": NaN,
        "Normalized EBITDA": NaN,
        "Total Unusual Items": NaN,
        "Total Unusual Items Excluding Goodwill": NaN,
        "Net Income From Continuing Operation Net Minority Interest": NaN,
        "Reconciled Depreciation": NaN,
        "Reconciled Cost Of Revenue": NaN,
        "EBITDA": NaN,
        "EBIT": NaN,
        "Net Interest Income": NaN,
        "Interest Expense": NaN,
        "Interest Income": NaN,
        "Normalized Income": NaN,
        "Net Income From Continuing And Discontinued Operation": NaN,
        "Total Expenses": NaN,
        "Diluted Average Shares": NaN,
        "Basic Average Shares": NaN,
        "Diluted EPS": NaN,
        "Basic EPS": NaN,
        "Diluted NI Availto Com Stockholders": NaN,
        "Average Dilution Earnings": 18000.0,
        "Net Income Common Stockholders": NaN,
        "Otherunder Preferred Stock Dividend": 2487000.0,
        "Net Income": NaN,
        "Net Income Including Noncontrolling Interests": NaN,
        "Net Income Continuous Operations": NaN,
        "Tax Provision": NaN,
        "Pretax Income": NaN,
        "Other Income Expense": NaN,
        "Other Non Operating Income Expenses": NaN,
        "Special Income Charges": NaN,
        "Other Special Charges": NaN,
        "Write Off": NaN,
        "Earnings From Equity Interest": NaN,
        "Net Non Operating Interest Income Expense": NaN,
        "Interest Expense Non Operating": NaN,
        "Interest Income Non Operating": NaN,
        "Operating Income": NaN,
        "Operating Expense": NaN,
        "Depreciation Amortization Depletion Income Statement": NaN,
        "Depreciation And Amortization In Income Statement": NaN,
        "Amortization": NaN,
        "Amortization Of Intangibles Income Statement": NaN,
        "Selling General And Administration": NaN,
        "Gross Profit": NaN,
        "Cost Of Revenue": NaN,
        "Total Revenue": NaN,
        "Operating Revenue": NaN
    },
    "2023-03-31": {
        "Tax Effect Of Unusual Items": NaN,
        "Tax Rate For Calcs": NaN,
        "Normalized EBITDA": NaN,
        "Total Unusual Items": NaN,
        "Total Unusual Items Excluding Goodwill": NaN,
        "Net Income From Continuing Operation Net Minority Interest": NaN,
        "Reconciled Depreciation": NaN,
        "Reconciled Cost Of Revenue": NaN,
        "EBITDA": NaN,
        "EBIT": NaN,
        "Net Interest Income": NaN,
        "Interest Expense": NaN,
        "Interest Income": NaN,
        "Normalized Income": NaN,
        "Net Income From Continuing And Discontinued Operation": NaN,
        "Total Expenses": NaN,
        "Diluted Average Shares": NaN,
        "Basic Average Shares": NaN,
        "Diluted EPS": NaN,
        "Basic EPS": NaN,
        "Diluted NI Availto Com Stockholders": NaN,
        "Average Dilution Earnings": 13000.0,
        "Net Income Common Stockholders": NaN,
        "Otherunder Preferred Stock Dividend": 2274000.0,
        "Net Income": NaN,
        "Net Income Including Noncontrolling Interests": NaN,
        "Net Income Continuous Operations": NaN,
        "Tax Provision": NaN,
        "Pretax Income": NaN,
        "Other Income Expense": NaN,
        "Other Non Operating Income Expenses": NaN,
        "Special Income Charges": NaN,
        "Other Special Charges": NaN,
        "Write Off": NaN,
        "Earnings From Equity Interest": NaN,
        "Net Non Operating Interest Income Expense": NaN,
        "Interest Expense Non Operating": NaN,
        "Interest Income Non Operating": NaN,
        "Operating Income": NaN,
        "Operating Expense": NaN,
        "Depreciation Amortization Depletion Income Statement": NaN,
        "Depreciation And Amortization In Income Statement": NaN,
        "Amortization": NaN,
        "Amortization Of Intangibles Income Statement": NaN,
        "Selling General And Administration": NaN,
        "Gross Profit": NaN,
        "Cost Of Revenue": NaN,
        "Total Revenue": NaN,
        "Operating Revenue": NaN
    },
    "2022-12-31": {
        "Tax Effect Of Unusual Items": NaN,
        "Tax Rate For Calcs": NaN,
        "Normalized EBITDA": NaN,
        "Total Unusual Items": NaN,
        "Total Unusual Items Excluding Goodwill": NaN,
        "Net Income From Continuing Operation Net Minority Interest": NaN,
        "Reconciled Depreciation": NaN,
        "Reconciled Cost Of Revenue": NaN,
        "EBITDA": NaN,
        "EBIT": NaN,
        "Net Interest Income": NaN,
        "Interest Expense": NaN,
        "Interest Income": NaN,
        "Normalized Income": NaN,
        "Net Income From Continuing And Discontinued Operation": NaN,
        "Total Expenses": NaN,
        "Diluted Average Shares": NaN,
        "Basic Average Shares": NaN,
        "Diluted EPS": NaN,
        "Basic EPS": NaN,
        "Diluted NI Availto Com Stockholders": NaN,
        "Average Dilution Earnings": 31000.0,
        "Net Income Common Stockholders": NaN,
        "Otherunder Preferred Stock Dividend": 5253000.0,
        "Net Income": NaN,
        "Net Income Including Noncontrolling Interests": NaN,
        "Net Income Continuous Operations": NaN,
        "Tax Provision": NaN,
        "Pretax Income": NaN,
        "Other Income Expense": NaN,
        "Other Non Operating Income Expenses": NaN,
        "Special Income Charges": NaN,
        "Other Special Charges": NaN,
        "Write Off": NaN,
        "Earnings From Equity Interest": NaN,
        "Net Non Operating Interest Income Expense": NaN,
        "Interest Expense Non Operating": NaN,
        "Interest Income Non Operating": NaN,
        "Operating Income": NaN,
        "Operating Expense": NaN,
        "Depreciation Amortization Depletion Income Statement": NaN,
        "Depreciation And Amortization In Income Statement": NaN,
        "Amortization": NaN,
        "Amortization Of Intangibles Income Statement": NaN,
        "Selling General And Administration": NaN,
        "Gross Profit": NaN,
        "Cost Of Revenue": NaN,
        "Total Revenue": NaN,
        "Operating Revenue": NaN
    },
    "2022-09-30": {
        "Tax Effect Of Unusual Items": -5528412.0,
        "Tax Rate For Calcs": 0.226,
        "Normalized EBITDA": 854345000.0,
        "Total Unusual Items": -24462000.0,
        "Total Unusual Items Excluding Goodwill": -24462000.0,
        "Net Income From Continuing Operation Net Minority Interest": 627928000.0,
        "Reconciled Depreciation": 18541000.0,
        "Reconciled Cost Of Revenue": 2741458000.0,
        "EBITDA": 829883000.0,
        "EBIT": 811342000.0,
        "Net Interest Income": 305000.0,
        "Interest Expense": 65000.0,
        "Interest Income": 370000.0,
        "Normalized Income": 646861588.0,
        "Net Income From Continuing And Discontinued Operation": 627928000.0,
        "Total Expenses": 3110111000.0,
        "Diluted Average Shares": 232300000.0,
        "Basic Average Shares": 230967000.0,
        "Diluted EPS": 2.69,
        "Basic EPS": 2.7,
        "Diluted NI Availto Com Stockholders": 624218000.0,
        "Average Dilution Earnings": 26000.0,
        "Net Income Common Stockholders": 624192000.0,
        "Otherunder Preferred Stock Dividend": 3736000.0,
        "Net Income": 627928000.0,
        "Net Income Including Noncontrolling Interests": 627928000.0,
        "Net Income Continuous Operations": 627928000.0,
        "Tax Provision": 183349000.0,
        "Pretax Income": 811277000.0,
        "Other Income Expense": -22733000.0,
        "Other Non Operating Income Expenses": 1283000.0,
        "Special Income Charges": -24462000.0,
        "Other Special Charges": NaN,
        "Write Off": 24462000.0,
        "Earnings From Equity Interest": 446000.0,
        "Net Non Operating Interest Income Expense": 305000.0,
        "Interest Expense Non Operating": 65000.0,
        "Interest Income Non Operating": 370000.0,
        "Operating Income": 833705000.0,
        "Operating Expense": 352878000.0,
        "Depreciation Amortization Depletion Income Statement": 2766000.0,
        "Depreciation And Amortization In Income Statement": 2766000.0,
        "Amortization": 2766000.0,
        "Amortization Of Intangibles Income Statement": 2766000.0,
        "Selling General And Administration": 350112000.0,
        "Gross Profit": 1186583000.0,
        "Cost Of Revenue": 2757233000.0,
        "Total Revenue": 3943816000.0,
        "Operating Revenue": 3943816000.0
    },
    "2022-06-30": {
        "Tax Effect Of Unusual Items": -1103235.0,
        "Tax Rate For Calcs": 0.245,
        "Normalized EBITDA": 886353000.0,
        "Total Unusual Items": -4503000.0,
        "Total Unusual Items Excluding Goodwill": -4503000.0,
        "Net Income From Continuing Operation Net Minority Interest": 652435000.0,
        "Reconciled Depreciation": 17212000.0,
        "Reconciled Cost Of Revenue": 2692413000.0,
        "EBITDA": 881850000.0,
        "EBIT": 864638000.0,
        "Net Interest Income": 225000.0,
        "Interest Expense": 65000.0,
        "Interest Income": 290000.0,
        "Normalized Income": 655834765.0,
        "Net Income From Continuing And Discontinued Operation": 652435000.0,
        "Total Expenses": 3060881000.0,
        "Diluted Average Shares": 237646000.0,
        "Basic Average Shares": 236328000.0,
        "Diluted EPS": 2.73,
        "Basic EPS": 2.74,
        "Diluted NI Availto Com Stockholders": 648574000.0,
        "Average Dilution Earnings": 28000.0,
        "Net Income Common Stockholders": 648546000.0,
        "Otherunder Preferred Stock Dividend": 3889000.0,
        "Net Income": 652435000.0,
        "Net Income Including Noncontrolling Interests": 652435000.0,
        "Net Income Continuous Operations": 652435000.0,
        "Tax Provision": 212138000.0,
        "Pretax Income": 864573000.0,
        "Other Income Expense": -957000.0,
        "Other Non Operating Income Expenses": 2823000.0,
        "Special Income Charges": -4503000.0,
        "Write Off": 4503000.0,
        "Earnings From Equity Interest": 723000.0,
        "Net Non Operating Interest Income Expense": 225000.0,
        "Interest Expense Non Operating": 65000.0,
        "Interest Income Non Operating": 290000.0,
        "Operating Income": 865305000.0,
        "Operating Expense": 354022000.0,
        "Depreciation Amortization Depletion Income Statement": 2766000.0,
        "Depreciation And Amortization In Income Statement": 2766000.0,
        "Amortization": 2766000.0,
        "Amortization Of Intangibles Income Statement": 2766000.0,
        "Selling General And Administration": 351256000.0,
        "Gross Profit": 1219327000.0,
        "Cost Of Revenue": 2706859000.0,
        "Total Revenue": 3926186000.0,
        "Operating Revenue": 3926186000.0
    },
    "2022-03-31": {
        "Diluted EPS": 1.83,
        "Total Revenue": NaN,
        "Gross Profit": 931,
        "Operating Income": 599,
        "EBIT": 615,
        "Net Income": 451
    },
    "2021-12-31": {
        "Diluted EPS": 2.58,
        "Total Revenue": NaN,
        "Gross Profit": NaN,
        "Operating Income": 856,
        "EBIT": 873,
        "Net Income": 655
    },
    "2021-09-30": {
        "Diluted EPS": 1.82,
        "Total Revenue": NaN,
        "Gross Profit": 946,
        "Operating Income": 620,
        "EBIT": 638,
        "Net Income": 472
    },
    "2021-06-30": {
        "Diluted EPS": 1.9,
        "Total Revenue": NaN,
        "Gross Profit": 912,
        "Operating Income": 639,
        "EBIT": 658,
        "Net Income": 499
    },
    "2021-03-31": {
        "Diluted EPS": 1.13,
        "Total Revenue": NaN,
        "Gross Profit": 730,
        "Operating Income": 456,
        "EBIT": 473,
        "Net Income": 304
    },
    "2020-12-31": {
        "Diluted EPS": 1.61,
        "Total Revenue": NaN,
        "Gross Profit": 809,
        "Operating Income": 524,
        "EBIT": 541,
        "Net Income": 434
    },
    "2020-09-30": {
        "Diluted EPS": 1.54,
        "Total Revenue": NaN,
        "Gross Profit": 760,
        "Operating Income": 484,
        "EBIT": 501,
        "Net Income": 413
    },
    "2020-06-30": {
        "Diluted EPS": 1.29,
        "Total Revenue": NaN,
        "Gross Profit": 659,
        "Operating Income": 457,
        "EBIT": 473,
        "Net Income": 346
    },
    "2020-03-31": {
        "Diluted EPS": 0.74,
        "Total Revenue": NaN,
        "Gross Profit": 550,
        "Operating Income": 264,
        "EBIT": 299,
        "Net Income": 202
    },
    "2019-12-31": {
        "Diluted EPS": 1.22,
        "Total Revenue": NaN,
        "Gross Profit": 701,
        "Operating Income": 441,
        "EBIT": 455,
        "Net Income": 332
    },
    "2019-09-30": {
        "Diluted EPS": 0.99,
        "Total Revenue": NaN,
        "Gross Profit": 642,
        "Operating Income": 366,
        "EBIT": 380,
        "Net Income": 270
    },
    "2019-06-30": {
        "Diluted EPS": 0.86,
        "Total Revenue": NaN,
        "Gross Profit": 584,
        "Operating Income": 321,
        "EBIT": 334,
        "Net Income": 239
    },
    "2019-03-31": {
        "Diluted EPS": 0.59,
        "Total Revenue": NaN,
        "Gross Profit": 470,
        "Operating Income": 217,
        "EBIT": 230,
        "Net Income": 165
    },
    "2018-12-31": {
        "Diluted EPS": 0.83,
        "Total Revenue": NaN,
        "Gross Profit": 629,
        "Operating Income": 329,
        "EBIT": 342,
        "Net Income": 233
    },
    "2018-09-30": {
        "Diluted EPS": 1.01,
        "Total Revenue": NaN,
        "Gross Profit": 641,
        "Operating Income": 385,
        "EBIT": 397,
        "Net Income": 286
    },
    "2018-06-30": {
        "Diluted EPS": 1.12,
        "Total Revenue": NaN,
        "Gross Profit": 637,
        "Operating Income": 409,
        "EBIT": 421,
        "Net Income": 321
    },
    "2018-03-31": {
        "Diluted EPS": 0.59,
        "Total Revenue": NaN,
        "Gross Profit": 466,
        "Operating Income": 224,
        "EBIT": 236,
        "Net Income": 171
    },
    "2017-12-31": {
        "Diluted EPS": 0.26,
        "Total Revenue": NaN,
        "Gross Profit": 614,
        "Operating Income": 409,
        "EBIT": 421,
        "Net Income": 77
    },
    "2017-09-30": {
        "Diluted EPS": 0.58,
        "Total Revenue": NaN,
        "Gross Profit": 512,
        "Operating Income": 268,
        "EBIT": 281,
        "Net Income": 176
    },
    "2017-06-30": {
        "Diluted EPS": 0.32,
        "Total Revenue": NaN,
        "Gross Profit": 356,
        "Operating Income": 123,
        "EBIT": 135,
        "Net Income": 100
    },
    "2017-03-31": {
        "Diluted EPS": 0.28,
        "Total Revenue": NaN,
        "Gross Profit": 381,
        "Operating Income": 139,
        "EBIT": 152,
        "Net Income": 91
    },
    "2016-12-31": {
        "Diluted EPS": 0.8,
        "Total Revenue": NaN,
        "Gross Profit": 636,
        "Operating Income": 414,
        "EBIT": 428,
        "Net Income": 271
    },
    "2016-09-30": {
        "Diluted EPS": 0.37,
        "Total Revenue": NaN,
        "Gross Profit": 487,
        "Operating Income": 212,
        "EBIT": 226,
        "Net Income": 127
    },
    "2016-06-30": {
        "Diluted EPS": 0.34,
        "Total Revenue": NaN,
        "Gross Profit": 459,
        "Operating Income": 190,
        "EBIT": 203,
        "Net Income": 117
    },
    "2016-03-31": {
        "Diluted EPS": 0.24,
        "Total Revenue": NaN,
        "Gross Profit": 366,
        "Operating Income": 118,
        "EBIT": 131,
        "Net Income": 83
    },
    "2015-12-31": {
        "Diluted EPS": 0.63,
        "Total Revenue": NaN,
        "Gross Profit": 711,
        "Operating Income": 373,
        "EBIT": 386,
        "Net Income": 225
    },
    "2015-09-30": {
        "Diluted EPS": 0.3,
        "Total Revenue": NaN,
        "Gross Profit": 360,
        "Operating Income": 179,
        "EBIT": 191,
        "Net Income": 108
    },
    "2015-06-30": {
        "Diluted EPS": 0.28,
        "Total Revenue": NaN,
        "Gross Profit": 301,
        "Operating Income": 168,
        "EBIT": 178,
        "Net Income": 103
    },
    "2015-03-31": {
        "Diluted EPS": 0.15,
        "Total Revenue": NaN,
        "Gross Profit": 256,
        "Operating Income": 96,
        "EBIT": 107,
        "Net Income": 55
    },
    "2014-12-31": {
        "Diluted EPS": 0.59,
        "Total Revenue": NaN,
        "Gross Profit": 618,
        "Operating Income": 277,
        "EBIT": 288,
        "Net Income": 218
    },
    "2014-09-30": {
        "Diluted EPS": 0.37,
        "Total Revenue": NaN,
        "Gross Profit": 373,
        "Operating Income": 224,
        "EBIT": 234,
        "Net Income": 141
    },
    "2014-06-30": {
        "Diluted EPS": 0.11,
        "Total Revenue": NaN,
        "Gross Profit": 305,
        "Operating Income": 65,
        "EBIT": 75,
        "Net Income": 42
    },
    "2014-03-31": {
        "Diluted EPS": 0.19,
        "Total Revenue": NaN,
        "Gross Profit": 282,
        "Operating Income": 123,
        "EBIT": 132,
        "Net Income": 74
    },
    "2013-12-31": {
        "Diluted EPS": 0.55,
        "Total Revenue": NaN,
        "Gross Profit": 382,
        "Operating Income": 235,
        "EBIT": 244,
        "Net Income": 216
    },
    "2013-09-30": {
        "Diluted EPS": 5.87,
        "Total Revenue": NaN,
        "Gross Profit": 329,
        "Operating Income": 173,
        "EBIT": 181,
        "Net Income": NaN
    },
    "2013-06-30": {
        "Diluted EPS": 0.09,
        "Total Revenue": NaN,
        "Gross Profit": 245,
        "Operating Income": 37,
        "EBIT": 45,
        "Net Income": 36
    },
    "2013-03-31": {
        "Diluted EPS": 0.21,
        "Total Revenue": NaN,
        "Gross Profit": 217,
        "Operating Income": 82,
        "EBIT": 90,
        "Net Income": 82
    },
    "2012-12-31": {
        "Diluted EPS": 0.16,
        "Total Revenue": NaN,
        "Gross Profit": 233,
        "Operating Income": 50,
        "EBIT": 58,
        "Net Income": 59
    },
    "2012-09-30": {
        "Diluted EPS": 0.3,
        "Total Revenue": NaN,
        "Gross Profit": 237,
        "Operating Income": 105,
        "EBIT": 112,
        "Net Income": 117
    },
    "2012-06-30": {
        "Diluted EPS": 0.11,
        "Total Revenue": NaN,
        "Gross Profit": 172,
        "Operating Income": 37,
        "EBIT": 45,
        "Net Income": 42
    },
    "2012-03-31": {
        "Diluted EPS": -0.03,
        "Total Revenue": 881,
        "Gross Profit": 113,
        "Operating Income": -16,
        "EBIT": -9,
        "Net Income": -12
    },
    "2011-12-31": {
        "Diluted EPS": 0.04,
        "Total Revenue": NaN,
        "Gross Profit": 124,
        "Operating Income": -11,
        "EBIT": -4,
        "Net Income": 14
    },
    "2011-09-30": {
        "Diluted EPS": -0.34,
        "Total Revenue": NaN,
        "Gross Profit": 178,
        "Operating Income": -203,
        "EBIT": 45,
        "Net Income": -129
    },
    "2011-06-30": {
        "Diluted EPS": -0.15,
        "Total Revenue": 927,
        "Gross Profit": 95,
        "Operating Income": -55,
        "EBIT": -47,
        "Net Income": -55
    },
    "2011-03-31": {
        "Diluted EPS": -0.1,
        "Total Revenue": 805,
        "Gross Profit": 99,
        "Operating Income": -48,
        "EBIT": -39,
        "Net Income": -40
    },
    "2010-12-31": {
        "Diluted EPS": -0.44,
        "Total Revenue": NaN,
        "Gross Profit": 26,
        "Operating Income": -193,
        "EBIT": -182,
        "Net Income": -165
    },
    "2010-09-30": {
        "Diluted EPS": -2.63,
        "Total Revenue": NaN,
        "Gross Profit": 77,
        "Operating Income": NaN,
        "EBIT": -356,
        "Net Income": -995
    },
    "2010-06-30": {
        "Diluted EPS": 0.2,
        "Total Revenue": NaN,
        "Gross Profit": 154,
        "Operating Income": -13,
        "EBIT": 0,
        "Net Income": 76
    },
    "2010-03-31": {
        "Diluted EPS": -0.03,
        "Total Revenue": NaN,
        "Gross Profit": 136,
        "Operating Income": -17,
        "EBIT": -4,
        "Net Income": -12
    },
    "2009-12-31": {
        "Diluted EPS": -0.03,
        "Total Revenue": NaN,
        "Gross Profit": -108,
        "Operating Income": -925,
        "EBIT": -347,
        "Net Income": -117
    },
    "2009-09-30": {
        "Diluted EPS": -1.15,
        "Total Revenue": NaN,
        "Gross Profit": -45,
        "Operating Income": -356,
        "EBIT": -341,
        "Net Income": -361
    },
    "2009-06-30": {
        "Diluted EPS": -0.74,
        "Total Revenue": 679,
        "Gross Profit": -88,
        "Operating Income": -187,
        "EBIT": -175,
        "Net Income": -189
    },
    "2009-03-31": {
        "Diluted EPS": -2.02,
        "Total Revenue": 584,
        "Gross Profit": -334,
        "Operating Income": -465,
        "EBIT": -452,
        "Net Income": -515
    },
    "2023-09-30": {
        "Tax Effect Of Unusual Items": -515124.0,
        "Tax Rate For Calcs": 0.246,
        "Normalized EBITDA": 870089000.0,
        "Total Unusual Items": -2094000.0,
        "Total Unusual Items Excluding Goodwill": -2094000.0,
        "Net Income From Continuing Operation Net Minority Interest": 638775000.0,
        "Reconciled Depreciation": 20561000.0,
        "Reconciled Cost Of Revenue": 2803096000.0,
        "EBITDA": 867995000.0,
        "EBIT": 847434000.0,
        "Net Interest Income": 19183000.0,
        "Interest Expense": 120000.0,
        "Interest Income": 19303000.0,
        "Normalized Income": 640353876.0,
        "Net Income From Continuing And Discontinued Operation": 638775000.0,
        "Total Expenses": 3176824000.0,
        "Diluted Average Shares": 219682000.0,
        "Basic Average Shares": 218288000.0,
        "Diluted EPS": 2.9,
        "Basic EPS": 2.92,
        "Diluted NI Availto Com Stockholders": 636588000.0,
        "Average Dilution Earnings": 17000.0,
        "Net Income Common Stockholders": 636571000.0,
        "Otherunder Preferred Stock Dividend": 2204000.0,
        "Net Income": 638775000.0,
        "Net Income Including Noncontrolling Interests": 638775000.0,
        "Net Income Continuous Operations": 638775000.0,
        "Tax Provision": 208539000.0,
        "Pretax Income": 847314000.0,
        "Other Income Expense": 1422000.0,
        "Other Non Operating Income Expenses": 2625000.0,
        "Special Income Charges": -2094000.0,
        "Other Special Charges": -362000.0,
        "Write Off": 2456000.0,
        "Earnings From Equity Interest": 891000.0,
        "Net Non Operating Interest Income Expense": 19183000.0,
        "Interest Expense Non Operating": 120000.0,
        "Interest Income Non Operating": 19303000.0,
        "Operating Income": 826709000.0,
        "Operating Expense": 355790000.0,
        "Depreciation Amortization Depletion Income Statement": 2623000.0,
        "Depreciation And Amortization In Income Statement": 2623000.0,
        "Amortization": 2623000.0,
        "Amortization Of Intangibles Income Statement": 2623000.0,
        "Selling General And Administration": 353167000.0,
        "Gross Profit": 1182499000.0,
        "Cost Of Revenue": 2821034000.0,
        "Total Revenue": 4003533000.0,
        "Operating Revenue": 4003533000.0
    },
    "2023-12-31": {
        "Tax Effect Of Unusual Items": -3382883.669301,
        "Tax Rate For Calcs": 0.249071,
        "Normalized EBITDA": 981581000.0,
        "Total Unusual Items": -13582000.0,
        "Total Unusual Items Excluding Goodwill": -13582000.0,
        "Net Income From Continuing Operation Net Minority Interest": 710993000.0,
        "Reconciled Depreciation": 21059000.0,
        "Reconciled Cost Of Revenue": 3025659000.0,
        "EBITDA": 967999000.0,
        "EBIT": 946940000.0,
        "Net Interest Income": 19710000.0,
        "Interest Expense": 122000.0,
        "Interest Income": 19832000.0,
        "Normalized Income": 721192116.330699,
        "Net Income From Continuing And Discontinued Operation": 710993000.0,
        "Total Expenses": 3355037000.0,
        "Diluted Average Shares": 215763000.0,
        "Basic Average Shares": 214399000.0,
        "Diluted EPS": 3.28,
        "Basic EPS": 3.3,
        "Diluted NI Availto Com Stockholders": 708564000.0,
        "Average Dilution Earnings": 18000.0,
        "Net Income Common Stockholders": 708546000.0,
        "Otherunder Preferred Stock Dividend": 2447000.0,
        "Net Income": 710993000.0,
        "Net Income Including Noncontrolling Interests": 710993000.0,
        "Net Income Continuous Operations": 710993000.0,
        "Tax Provision": 235825000.0,
        "Pretax Income": 946818000.0,
        "Other Income Expense": -11507000.0,
        "Other Non Operating Income Expenses": 1862000.0,
        "Special Income Charges": -13582000.0,
        "Other Special Charges": -301000.0,
        "Write Off": 13883000.0,
        "Earnings From Equity Interest": 213000.0,
        "Net Non Operating Interest Income Expense": 19710000.0,
        "Interest Expense Non Operating": 122000.0,
        "Interest Income Non Operating": 19832000.0,
        "Operating Income": 938615000.0,
        "Operating Expense": 310942000.0,
        "Depreciation Amortization Depletion Income Statement": 2623000.0,
        "Depreciation And Amortization In Income Statement": 2623000.0,
        "Amortization": 2623000.0,
        "Amortization Of Intangibles Income Statement": 2623000.0,
        "Selling General And Administration": 308319000.0,
        "Gross Profit": 1249557000.0,
        "Cost Of Revenue": 3044095000.0,
        "Total Revenue": 4293652000.0,
        "Operating Revenue": 4293652000.0
    },
    "2024-03-31": {
        "Tax Effect Of Unusual Items": -960798.0,
        "Tax Rate For Calcs": 0.237,
        "Normalized EBITDA": 893873000.0,
        "Total Unusual Items": -4054000.0,
        "Total Unusual Items Excluding Goodwill": -4054000.0,
        "Net Income From Continuing Operation Net Minority Interest": 662976000.0,
        "Reconciled Depreciation": 21061000.0,
        "Reconciled Cost Of Revenue": 2758987000.0,
        "EBITDA": 889819000.0,
        "EBIT": 868758000.0,
        "Net Interest Income": 17264000.0,
        "Interest Expense": 115000.0,
        "Interest Income": 17379000.0,
        "Normalized Income": 666069202.0,
        "Net Income From Continuing And Discontinued Operation": 662976000.0,
        "Total Expenses": 3137642000.0,
        "Diluted Average Shares": 213546000.0,
        "Basic Average Shares": 211837000.0,
        "Diluted EPS": 3.1,
        "Basic EPS": 3.13,
        "Diluted NI Availto Com Stockholders": 662976000.0,
        "Average Dilution Earnings": NaN,
        "Net Income Common Stockholders": 662976000.0,
        "Otherunder Preferred Stock Dividend": NaN,
        "Net Income": 662976000.0,
        "Net Income Including Noncontrolling Interests": 662976000.0,
        "Net Income Continuous Operations": 662976000.0,
        "Tax Provision": 205667000.0,
        "Pretax Income": 868643000.0,
        "Other Income Expense": 39861000.0,
        "Other Non Operating Income Expenses": 6013000.0,
        "Special Income Charges": -4054000.0,
        "Other Special Charges": 64000.0,
        "Write Off": 3990000.0,
        "Earnings From Equity Interest": 37902000.0,
        "Net Non Operating Interest Income Expense": 17264000.0,
        "Interest Expense Non Operating": 115000.0,
        "Interest Income Non Operating": 17379000.0,
        "Operating Income": 811518000.0,
        "Operating Expense": 360134000.0,
        "Depreciation Amortization Depletion Income Statement": 2540000.0,
        "Depreciation And Amortization In Income Statement": 2540000.0,
        "Amortization": 2540000.0,
        "Amortization Of Intangibles Income Statement": 2540000.0,
        "Selling General And Administration": 357594000.0,
        "Gross Profit": 1171652000.0,
        "Cost Of Revenue": 2777508000.0,
        "Total Revenue": 3949160000.0,
        "Operating Revenue": 3949160000.0
    },
    "2024-06-30": {
        "Tax Effect Of Unusual Items": -876204.0,
        "Tax Rate For Calcs": 0.228,
        "Normalized EBITDA": 1074102000.0,
        "Total Unusual Items": -3843000.0,
        "Total Unusual Items Excluding Goodwill": -3843000.0,
        "Net Income From Continuing Operation Net Minority Interest": 809133000.0,
        "Reconciled Depreciation": 21830000.0,
        "Reconciled Cost Of Revenue": 3186357000.0,
        "EBITDA": 1070259000.0,
        "EBIT": 1048429000.0,
        "Net Interest Income": 17024000.0,
        "Interest Expense": 117000.0,
        "Interest Income": 17141000.0,
        "Normalized Income": 812099796.0,
        "Net Income From Continuing And Discontinued Operation": 809133000.0,
        "Total Expenses": 3569332000.0,
        "Diluted Average Shares": 211201000.0,
        "Basic Average Shares": 209547000.0,
        "Diluted EPS": 3.83,
        "Basic EPS": 3.86,
        "Diluted NI Availto Com Stockholders": 809133000.0,
        "Average Dilution Earnings": NaN,
        "Net Income Common Stockholders": 809133000.0,
        "Otherunder Preferred Stock Dividend": NaN,
        "Net Income": 809133000.0,
        "Net Income Including Noncontrolling Interests": 809133000.0,
        "Net Income Continuous Operations": 809133000.0,
        "Tax Provision": 239179000.0,
        "Pretax Income": 1048312000.0,
        "Other Income Expense": 965000.0,
        "Other Non Operating Income Expenses": 2641000.0,
        "Special Income Charges": -3843000.0,
        "Other Special Charges": 158000.0,
        "Write Off": 3685000.0,
        "Earnings From Equity Interest": 2167000.0,
        "Net Non Operating Interest Income Expense": 17024000.0,
        "Interest Expense Non Operating": 117000.0,
        "Interest Income Non Operating": 17141000.0,
        "Operating Income": 1030323000.0,
        "Operating Expense": 363643000.0,
        "Depreciation Amortization Depletion Income Statement": 2498000.0,
        "Depreciation And Amortization In Income Statement": 2498000.0,
        "Amortization": 2498000.0,
        "Amortization Of Intangibles Income Statement": 2498000.0,
        "Selling General And Administration": 361145000.0,
        "Gross Profit": 1393966000.0,
        "Cost Of Revenue": 3205689000.0,
        "Total Revenue": 4599655000.0,
        "Operating Revenue": 4599655000.0
    },
    "2024-09-30": {
        "Tax Effect Of Unusual Items": -1088360.0,
        "Tax Rate For Calcs": 0.23,
        "Normalized EBITDA": 933132000.0,
        "Total Unusual Items": -4732000.0,
        "Total Unusual Items Excluding Goodwill": -4732000.0,
        "Net Income From Continuing Operation Net Minority Interest": 697914000.0,
        "Reconciled Depreciation": 22084000.0,
        "Reconciled Cost Of Revenue": 3155873000.0,
        "EBITDA": 928400000.0,
        "EBIT": 906316000.0,
        "Net Interest Income": 13628000.0,
        "Interest Expense": 120000.0,
        "Interest Income": 13748000.0,
        "Normalized Income": 701557640.0,
        "Net Income From Continuing And Discontinued Operation": 697914000.0,
        "Total Expenses": 3584854000.0,
        "Diluted Average Shares": 208460000.0,
        "Basic Average Shares": 206774000.0,
        "Diluted EPS": 3.35,
        "Basic EPS": 3.38,
        "Diluted NI Availto Com Stockholders": 697914000.0,
        "Average Dilution Earnings": NaN,
        "Net Income Common Stockholders": 697914000.0,
        "Otherunder Preferred Stock Dividend": NaN,
        "Net Income": 697914000.0,
        "Net Income Including Noncontrolling Interests": 697914000.0,
        "Net Income Continuous Operations": 697914000.0,
        "Tax Provision": 208282000.0,
        "Pretax Income": 906196000.0,
        "Other Income Expense": 1080000.0,
        "Other Non Operating Income Expenses": 3304000.0,
        "Special Income Charges": -4732000.0,
        "Other Special Charges": NaN,
        "Write Off": 4732000.0,
        "Earnings From Equity Interest": 2508000.0,
        "Net Non Operating Interest Income Expense": 13628000.0,
        "Interest Expense Non Operating": 120000.0,
        "Interest Income Non Operating": 13748000.0,
        "Operating Income": 891488000.0,
        "Operating Expense": 409395000.0,
        "Depreciation Amortization Depletion Income Statement": 2498000.0,
        "Depreciation And Amortization In Income Statement": 2498000.0,
        "Amortization": 2498000.0,
        "Amortization Of Intangibles Income Statement": 2498000.0,
        "Selling General And Administration": 406897000.0,
        "Gross Profit": 1300883000.0,
        "Cost Of Revenue": 3175459000.0,
        "Total Revenue": 4476342000.0,
        "Operating Revenue": 4476342000.0
    }
}