{
    "2023-03-31": {
        "Tax Effect Of Unusual Items": NaN,
        "Tax Rate For Calcs": NaN,
        "Normalized EBITDA": NaN,
        "Total Unusual Items": -1595478.0,
        "Total Unusual Items Excluding Goodwill": -1595478.0,
        "Net Income From Continuing Operation Net Minority Interest": NaN,
        "Reconciled Depreciation": NaN,
        "EBITDA": NaN,
        "EBIT": NaN,
        "Net Interest Income": NaN,
        "Interest Income": 106527.0,
        "Normalized Income": NaN,
        "Net Income From Continuing And Discontinued Operation": NaN,
        "Total Expenses": NaN,
        "Total Operating Income As Reported": -21076027.0,
        "Diluted Average Shares": NaN,
        "Basic Average Shares": NaN,
        "Diluted EPS": NaN,
        "Basic EPS": NaN,
        "Diluted NI Availto Com Stockholders": NaN,
        "Net Income Common Stockholders": NaN,
        "Net Income": NaN,
        "Net Income Including Noncontrolling Interests": NaN,
        "Net Income Continuous Operations": NaN,
        "Tax Provision": NaN,
        "Pretax Income": NaN,
        "Other Income Expense": -1595478.0,
        "Gain On Sale Of Security": -1595478.0,
        "Net Non Operating Interest Income Expense": NaN,
        "Total Other Finance Cost": NaN,
        "Interest Income Non Operating": 106527.0,
        "Operating Income": NaN,
        "Operating Expense": NaN,
        "Research And Development": NaN,
        "Selling General And Administration": NaN,
        "General And Administrative Expense": NaN,
        "Other Gand A": NaN,
        "Salaries And Wages": NaN,
        "Total Revenue": NaN,
        "Operating Revenue": NaN
    },
    "2022-12-31": {
        "Tax Effect Of Unusual Items": NaN,
        "Tax Rate For Calcs": NaN,
        "Normalized EBITDA": NaN,
        "Total Unusual Items": -15392583.0,
        "Total Unusual Items Excluding Goodwill": -15392583.0,
        "Net Income From Continuing Operation Net Minority Interest": NaN,
        "Reconciled Depreciation": NaN,
        "EBITDA": NaN,
        "EBIT": NaN,
        "Net Interest Income": NaN,
        "Interest Expense": -88275.0,
        "Interest Income": NaN,
        "Normalized Income": NaN,
        "Net Income From Continuing And Discontinued Operation": NaN,
        "Total Expenses": NaN,
        "Total Operating Income As Reported": NaN,
        "Diluted Average Shares": NaN,
        "Basic Average Shares": NaN,
        "Diluted EPS": NaN,
        "Basic EPS": NaN,
        "Diluted NI Availto Com Stockholders": NaN,
        "Net Income Common Stockholders": NaN,
        "Net Income": NaN,
        "Net Income Including Noncontrolling Interests": NaN,
        "Net Income Continuous Operations": NaN,
        "Tax Provision": NaN,
        "Pretax Income": NaN,
        "Other Income Expense": -15392583.0,
        "Gain On Sale Of Security": -15392583.0,
        "Net Non Operating Interest Income Expense": NaN,
        "Total Other Finance Cost": NaN,
        "Interest Expense Non Operating": -88275.0,
        "Interest Income Non Operating": NaN,
        "Operating Income": NaN,
        "Operating Expense": NaN,
        "Research And Development": NaN,
        "Selling General And Administration": NaN,
        "General And Administrative Expense": NaN,
        "Other Gand A": NaN,
        "Salaries And Wages": NaN,
        "Total Revenue": NaN,
        "Operating Revenue": NaN
    },
    "2022-09-30": {
        "Tax Effect Of Unusual Items": NaN,
        "Tax Rate For Calcs": NaN,
        "Normalized EBITDA": NaN,
        "Total Unusual Items": 11520977.0,
        "Total Unusual Items Excluding Goodwill": 11520977.0,
        "Net Income From Continuing Operation Net Minority Interest": NaN,
        "Reconciled Depreciation": NaN,
        "EBITDA": NaN,
        "EBIT": NaN,
        "Net Interest Income": NaN,
        "Interest Expense": 25863.0,
        "Interest Income": NaN,
        "Normalized Income": NaN,
        "Net Income From Continuing And Discontinued Operation": NaN,
        "Total Expenses": NaN,
        "Total Operating Income As Reported": NaN,
        "Diluted Average Shares": 33785026.0,
        "Basic Average Shares": 33785026.0,
        "Diluted EPS": -0.25,
        "Basic EPS": -0.25,
        "Diluted NI Availto Com Stockholders": NaN,
        "Net Income Common Stockholders": NaN,
        "Net Income": NaN,
        "Net Income Including Noncontrolling Interests": NaN,
        "Net Income Continuous Operations": NaN,
        "Tax Provision": NaN,
        "Pretax Income": NaN,
        "Other Income Expense": 11520977.0,
        "Gain On Sale Of Security": 11520977.0,
        "Net Non Operating Interest Income Expense": NaN,
        "Total Other Finance Cost": NaN,
        "Interest Expense Non Operating": 25863.0,
        "Interest Income Non Operating": NaN,
        "Operating Income": NaN,
        "Operating Expense": NaN,
        "Research And Development": NaN,
        "Selling General And Administration": NaN,
        "General And Administrative Expense": NaN,
        "Other Gand A": NaN,
        "Salaries And Wages": NaN,
        "Total Revenue": NaN,
        "Operating Revenue": NaN
    },
    "2022-06-30": {
        "Tax Effect Of Unusual Items": 4614324.4,
        "Tax Rate For Calcs": 0.4,
        "Normalized EBITDA": -21346975.0,
        "Total Unusual Items": 11535811.0,
        "Total Unusual Items Excluding Goodwill": 11535811.0,
        "Net Income From Continuing Operation Net Minority Interest": -12621068.0,
        "Reconciled Depreciation": 35345.0,
        "EBITDA": -9811164.0,
        "EBIT": -9846509.0,
        "Net Interest Income": -34007.0,
        "Interest Expense": 33457.0,
        "Interest Income": NaN,
        "Normalized Income": -19542554.6,
        "Net Income From Continuing And Discontinued Operation": -12621068.0,
        "Total Expenses": 21381770.0,
        "Diluted Average Shares": 33582171.0,
        "Basic Average Shares": 33582171.0,
        "Diluted EPS": -0.38,
        "Basic EPS": -0.38,
        "Diluted NI Availto Com Stockholders": -12621068.0,
        "Net Income Common Stockholders": -12621068.0,
        "Net Income": -12621068.0,
        "Net Income Including Noncontrolling Interests": -12621068.0,
        "Net Income Continuous Operations": -12621068.0,
        "Tax Provision": 2741102.0,
        "Pretax Income": -9879966.0,
        "Other Income Expense": 11535811.0,
        "Gain On Sale Of Security": 11535811.0,
        "Net Non Operating Interest Income Expense": -34007.0,
        "Total Other Finance Cost": 550.0,
        "Interest Expense Non Operating": 33457.0,
        "Interest Income Non Operating": NaN,
        "Operating Income": -21381770.0,
        "Operating Expense": 21381770.0,
        "Research And Development": 13721637.0,
        "Selling General And Administration": 7660133.0,
        "General And Administrative Expense": 7660133.0,
        "Other Gand A": 3834982.0,
        "Salaries And Wages": 3825151.0,
        "Total Revenue": 0.0,
        "Operating Revenue": 0.0
    },
    "2022-03-31": {
        "Diluted EPS": -0.54,
        "Total Revenue": NaN,
        "Gross Profit": NaN,
        "Operating Income": -22,
        "EBIT": -22,
        "Net Income": -18
    },
    "2021-12-31": {
        "Diluted EPS": 0.73,
        "Total Revenue": NaN,
        "Gross Profit": NaN,
        "Operating Income": -19,
        "EBIT": -19,
        "Net Income": -14
    },
    "2021-09-30": {
        "Diluted EPS": -0.46,
        "Total Revenue": NaN,
        "Gross Profit": NaN,
        "Operating Income": -16,
        "EBIT": -16,
        "Net Income": -11
    },
    "2021-06-30": {
        "Diluted EPS": -1.13,
        "Total Revenue": NaN,
        "Gross Profit": NaN,
        "Operating Income": -15,
        "EBIT": -15,
        "Net Income": -18
    },
    "2021-03-31": {
        "Diluted EPS": -0.8,
        "Total Revenue": NaN,
        "Gross Profit": NaN,
        "Operating Income": -14,
        "EBIT": -14,
        "Net Income": -7
    },
    "2020-12-31": {
        "Diluted EPS": 0.0,
        "Total Revenue": NaN,
        "Gross Profit": NaN,
        "Operating Income": NaN,
        "EBIT": NaN,
        "Net Income": NaN
    },
    "2023-06-30": {
        "Tax Effect Of Unusual Items": NaN,
        "Tax Rate For Calcs": NaN,
        "Normalized EBITDA": NaN,
        "Total Unusual Items": NaN,
        "Total Unusual Items Excluding Goodwill": NaN,
        "Net Income From Continuing Operation Net Minority Interest": NaN,
        "Reconciled Depreciation": NaN,
        "EBITDA": NaN,
        "EBIT": NaN,
        "Net Interest Income": NaN,
        "Interest Income": 545143.0,
        "Normalized Income": NaN,
        "Net Income From Continuing And Discontinued Operation": NaN,
        "Total Expenses": NaN,
        "Total Operating Income As Reported": -22455365.0,
        "Diluted Average Shares": 40822916.0,
        "Basic Average Shares": 40822916.0,
        "Diluted EPS": -0.536411,
        "Basic EPS": -0.536411,
        "Diluted NI Availto Com Stockholders": NaN,
        "Net Income Common Stockholders": NaN,
        "Net Income": NaN,
        "Net Income Including Noncontrolling Interests": NaN,
        "Net Income Continuous Operations": NaN,
        "Tax Provision": NaN,
        "Pretax Income": NaN,
        "Other Income Expense": NaN,
        "Gain On Sale Of Security": NaN,
        "Net Non Operating Interest Income Expense": NaN,
        "Total Other Finance Cost": NaN,
        "Interest Income Non Operating": 545143.0,
        "Operating Income": NaN,
        "Operating Expense": NaN,
        "Research And Development": NaN,
        "Selling General And Administration": NaN,
        "General And Administrative Expense": NaN,
        "Other Gand A": NaN,
        "Salaries And Wages": NaN,
        "Total Revenue": NaN,
        "Operating Revenue": NaN
    },
    "2023-09-30": {
        "Tax Effect Of Unusual Items": 693297.6,
        "Tax Rate For Calcs": 0.258,
        "Normalized EBITDA": -28820533.0,
        "Total Unusual Items": 2687200.0,
        "Total Unusual Items Excluding Goodwill": 2687200.0,
        "Net Income From Continuing Operation Net Minority Interest": -23598596.0,
        "Reconciled Depreciation": 67933.0,
        "EBITDA": -26133333.0,
        "EBIT": -26201266.0,
        "Net Interest Income": 61743.0,
        "Interest Income": 66576.0,
        "Normalized Income": -25592498.4,
        "Net Income From Continuing And Discontinued Operation": -23598596.0,
        "Total Expenses": 26201266.0,
        "Total Operating Income As Reported": NaN,
        "Diluted Average Shares": 40909957.0,
        "Basic Average Shares": 40909957.0,
        "Diluted EPS": -0.58,
        "Basic EPS": -0.58,
        "Diluted NI Availto Com Stockholders": -23598596.0,
        "Net Income Common Stockholders": -23598596.0,
        "Net Income": -23598596.0,
        "Net Income Including Noncontrolling Interests": -23598596.0,
        "Net Income Continuous Operations": -23598596.0,
        "Tax Provision": 146273.0,
        "Pretax Income": -23452323.0,
        "Other Income Expense": 2687200.0,
        "Gain On Sale Of Security": 2687200.0,
        "Net Non Operating Interest Income Expense": 61743.0,
        "Total Other Finance Cost": 4833.0,
        "Interest Income Non Operating": 66576.0,
        "Operating Income": -26201266.0,
        "Operating Expense": 26201266.0,
        "Research And Development": 18535782.0,
        "Selling General And Administration": 7665484.0,
        "General And Administrative Expense": 7665484.0,
        "Other Gand A": 4135797.0,
        "Salaries And Wages": 3529687.0,
        "Total Revenue": 0.0,
        "Operating Revenue": 0.0
    },
    "2023-12-31": {
        "Tax Effect Of Unusual Items": -1258032.252,
        "Tax Rate For Calcs": 0.258,
        "Normalized EBITDA": -22238843.0,
        "Total Unusual Items": -4876094.0,
        "Total Unusual Items Excluding Goodwill": -4876094.0,
        "Net Income From Continuing Operation Net Minority Interest": -32747650.0,
        "Reconciled Depreciation": 66025.0,
        "EBITDA": -27114937.0,
        "EBIT": -27180962.0,
        "Net Interest Income": 57103.0,
        "Interest Income": NaN,
        "Normalized Income": -29129588.252,
        "Net Income From Continuing And Discontinued Operation": -32747650.0,
        "Total Expenses": 27180962.0,
        "Total Operating Income As Reported": NaN,
        "Diluted Average Shares": NaN,
        "Basic Average Shares": NaN,
        "Diluted EPS": NaN,
        "Basic EPS": NaN,
        "Diluted NI Availto Com Stockholders": -32747650.0,
        "Net Income Common Stockholders": -32747650.0,
        "Net Income": -32747650.0,
        "Net Income Including Noncontrolling Interests": -32747650.0,
        "Net Income Continuous Operations": -32747650.0,
        "Tax Provision": 747697.0,
        "Pretax Income": -31999953.0,
        "Other Income Expense": -4876094.0,
        "Gain On Sale Of Security": -4876094.0,
        "Net Non Operating Interest Income Expense": 57103.0,
        "Total Other Finance Cost": -219045.0,
        "Interest Income Non Operating": NaN,
        "Operating Income": -27180962.0,
        "Operating Expense": 27180962.0,
        "Research And Development": 18612882.0,
        "Selling General And Administration": 8568080.0,
        "General And Administrative Expense": 8568080.0,
        "Other Gand A": -512178.0,
        "Salaries And Wages": 3048745.0,
        "Total Revenue": 0.0,
        "Operating Revenue": 0.0
    },
    "2024-03-31": {
        "Tax Effect Of Unusual Items": 0.0,
        "Tax Rate For Calcs": 0.258,
        "Normalized EBITDA": -28245504.0,
        "Total Unusual Items": NaN,
        "Total Unusual Items Excluding Goodwill": NaN,
        "Net Income From Continuing Operation Net Minority Interest": -28018756.0,
        "Reconciled Depreciation": 66355.0,
        "EBITDA": -28245504.0,
        "EBIT": -28311859.0,
        "Net Interest Income": 578220.0,
        "Interest Income": NaN,
        "Normalized Income": -28018756.0,
        "Net Income From Continuing And Discontinued Operation": -28018756.0,
        "Total Expenses": 28311859.0,
        "Total Operating Income As Reported": -28311859.0,
        "Diluted Average Shares": 53816707.0,
        "Basic Average Shares": 53816707.0,
        "Diluted EPS": -0.520633,
        "Basic EPS": -0.520633,
        "Diluted NI Availto Com Stockholders": -28018756.0,
        "Net Income Common Stockholders": -28018756.0,
        "Net Income": -28018756.0,
        "Net Income Including Noncontrolling Interests": -28018756.0,
        "Net Income Continuous Operations": -28018756.0,
        "Tax Provision": 285117.0,
        "Pretax Income": -27733639.0,
        "Other Income Expense": NaN,
        "Gain On Sale Of Security": NaN,
        "Net Non Operating Interest Income Expense": 578220.0,
        "Total Other Finance Cost": -578220.0,
        "Interest Income Non Operating": NaN,
        "Operating Income": -28311859.0,
        "Operating Expense": 28311859.0,
        "Research And Development": 18513016.0,
        "Selling General And Administration": 9798843.0,
        "General And Administrative Expense": 9798843.0,
        "Other Gand A": 6528648.0,
        "Salaries And Wages": 3270195.0,
        "Total Revenue": 0.0,
        "Operating Revenue": 0.0
    },
    "2024-06-30": {
        "Tax Effect Of Unusual Items": 0.0,
        "Tax Rate For Calcs": 0.258,
        "Normalized EBITDA": -34313324.0,
        "Total Unusual Items": NaN,
        "Total Unusual Items Excluding Goodwill": NaN,
        "Net Income From Continuing Operation Net Minority Interest": -29731073.0,
        "Reconciled Depreciation": 68677.0,
        "EBITDA": -34313324.0,
        "EBIT": -34382001.0,
        "Net Interest Income": 4721551.0,
        "Interest Income": NaN,
        "Normalized Income": -29731073.0,
        "Net Income From Continuing And Discontinued Operation": -29731073.0,
        "Total Expenses": 34382001.0,
        "Total Operating Income As Reported": -34382001.0,
        "Diluted Average Shares": 54007711.0,
        "Basic Average Shares": 54007711.0,
        "Diluted EPS": -0.550497,
        "Basic EPS": -0.550497,
        "Diluted NI Availto Com Stockholders": -29731073.0,
        "Net Income Common Stockholders": -29731073.0,
        "Net Income": -29731073.0,
        "Net Income Including Noncontrolling Interests": -29731073.0,
        "Net Income Continuous Operations": -29731073.0,
        "Tax Provision": 70623.0,
        "Pretax Income": -29660450.0,
        "Other Income Expense": NaN,
        "Gain On Sale Of Security": NaN,
        "Net Non Operating Interest Income Expense": 4721551.0,
        "Total Other Finance Cost": -4721551.0,
        "Interest Income Non Operating": NaN,
        "Operating Income": -34382001.0,
        "Operating Expense": 34382001.0,
        "Research And Development": 23067934.0,
        "Selling General And Administration": 11314067.0,
        "General And Administrative Expense": 11314067.0,
        "Other Gand A": 6906069.0,
        "Salaries And Wages": 4407998.0,
        "Total Revenue": 0.0,
        "Operating Revenue": 0.0
    },
    "2024-09-30": {
        "Tax Effect Of Unusual Items": -1430728.164,
        "Tax Rate For Calcs": 0.258,
        "Normalized EBITDA": -32313243.0,
        "Total Unusual Items": -5545458.0,
        "Total Unusual Items Excluding Goodwill": -5545458.0,
        "Net Income From Continuing Operation Net Minority Interest": -41710758.0,
        "Reconciled Depreciation": 43572.0,
        "EBITDA": -37858701.0,
        "EBIT": -37902273.0,
        "Net Interest Income": 1967064.0,
        "Interest Income": 1976199.0,
        "Normalized Income": -37596028.164,
        "Net Income From Continuing And Discontinued Operation": -41710758.0,
        "Total Expenses": 37902273.0,
        "Total Operating Income As Reported": NaN,
        "Diluted Average Shares": 54069979.0,
        "Basic Average Shares": 54069979.0,
        "Diluted EPS": -0.77,
        "Basic EPS": -0.77,
        "Diluted NI Availto Com Stockholders": -41710758.0,
        "Net Income Common Stockholders": -41710758.0,
        "Net Income": -41710758.0,
        "Net Income Including Noncontrolling Interests": -41710758.0,
        "Net Income Continuous Operations": -41710758.0,
        "Tax Provision": 230091.0,
        "Pretax Income": -41480667.0,
        "Other Income Expense": -5545458.0,
        "Gain On Sale Of Security": -5545458.0,
        "Net Non Operating Interest Income Expense": 1967064.0,
        "Total Other Finance Cost": 9135.0,
        "Interest Income Non Operating": 1976199.0,
        "Operating Income": -37902273.0,
        "Operating Expense": 37902273.0,
        "Research And Development": 25782650.0,
        "Selling General And Administration": 12119623.0,
        "General And Administrative Expense": 12119623.0,
        "Other Gand A": 6784532.0,
        "Salaries And Wages": 5335091.0,
        "Total Revenue": 0.0,
        "Operating Revenue": 0.0
    }
}