{
    "2023-06-30": {
        "Tax Effect Of Unusual Items": NaN,
        "Tax Rate For Calcs": NaN,
        "Normalized EBITDA": NaN,
        "Total Unusual Items": 0.0,
        "Total Unusual Items Excluding Goodwill": 0.0,
        "Net Income From Continuing Operation Net Minority Interest": NaN,
        "Reconciled Depreciation": NaN,
        "Reconciled Cost Of Revenue": NaN,
        "EBITDA": NaN,
        "EBIT": NaN,
        "Net Interest Income": NaN,
        "Interest Expense": NaN,
        "Normalized Income": NaN,
        "Net Income From Continuing And Discontinued Operation": NaN,
        "Total Expenses": NaN,
        "Total Operating Income As Reported": NaN,
        "Diluted Average Shares": NaN,
        "Basic Average Shares": NaN,
        "Diluted EPS": NaN,
        "Basic EPS": NaN,
        "Diluted NI Availto Com Stockholders": NaN,
        "Net Income Common Stockholders": NaN,
        "Otherunder Preferred Stock Dividend": NaN,
        "Net Income": NaN,
        "Net Income Including Noncontrolling Interests": NaN,
        "Net Income Continuous Operations": NaN,
        "Tax Provision": NaN,
        "Pretax Income": NaN,
        "Other Income Expense": NaN,
        "Other Non Operating Income Expenses": NaN,
        "Special Income Charges": 0.0,
        "Other Special Charges": NaN,
        "Restructuring And Mergern Acquisition": 0.0,
        "Net Non Operating Interest Income Expense": NaN,
        "Total Other Finance Cost": NaN,
        "Interest Expense Non Operating": NaN,
        "Operating Income": NaN,
        "Operating Expense": NaN,
        "Depreciation Amortization Depletion Income Statement": NaN,
        "Depreciation And Amortization In Income Statement": NaN,
        "Amortization": NaN,
        "Amortization Of Intangibles Income Statement": NaN,
        "Research And Development": NaN,
        "Selling General And Administration": NaN,
        "Selling And Marketing Expense": NaN,
        "General And Administrative Expense": NaN,
        "Other Gand A": NaN,
        "Gross Profit": NaN,
        "Cost Of Revenue": NaN,
        "Total Revenue": NaN,
        "Operating Revenue": NaN
    },
    "2023-03-31": {
        "Tax Effect Of Unusual Items": NaN,
        "Tax Rate For Calcs": NaN,
        "Normalized EBITDA": NaN,
        "Total Unusual Items": 0.0,
        "Total Unusual Items Excluding Goodwill": 0.0,
        "Net Income From Continuing Operation Net Minority Interest": NaN,
        "Reconciled Depreciation": NaN,
        "Reconciled Cost Of Revenue": NaN,
        "EBITDA": NaN,
        "EBIT": NaN,
        "Net Interest Income": NaN,
        "Interest Expense": NaN,
        "Normalized Income": NaN,
        "Net Income From Continuing And Discontinued Operation": NaN,
        "Total Expenses": NaN,
        "Total Operating Income As Reported": NaN,
        "Diluted Average Shares": NaN,
        "Basic Average Shares": NaN,
        "Diluted EPS": NaN,
        "Basic EPS": NaN,
        "Diluted NI Availto Com Stockholders": NaN,
        "Net Income Common Stockholders": NaN,
        "Otherunder Preferred Stock Dividend": NaN,
        "Net Income": NaN,
        "Net Income Including Noncontrolling Interests": NaN,
        "Net Income Continuous Operations": NaN,
        "Tax Provision": NaN,
        "Pretax Income": NaN,
        "Other Income Expense": NaN,
        "Other Non Operating Income Expenses": NaN,
        "Special Income Charges": 0.0,
        "Other Special Charges": NaN,
        "Restructuring And Mergern Acquisition": 0.0,
        "Net Non Operating Interest Income Expense": NaN,
        "Total Other Finance Cost": NaN,
        "Interest Expense Non Operating": NaN,
        "Operating Income": NaN,
        "Operating Expense": NaN,
        "Depreciation Amortization Depletion Income Statement": NaN,
        "Depreciation And Amortization In Income Statement": NaN,
        "Amortization": NaN,
        "Amortization Of Intangibles Income Statement": NaN,
        "Research And Development": NaN,
        "Selling General And Administration": NaN,
        "Selling And Marketing Expense": NaN,
        "General And Administrative Expense": NaN,
        "Other Gand A": NaN,
        "Gross Profit": NaN,
        "Cost Of Revenue": NaN,
        "Total Revenue": NaN,
        "Operating Revenue": NaN
    },
    "2022-12-31": {
        "Tax Effect Of Unusual Items": NaN,
        "Tax Rate For Calcs": NaN,
        "Normalized EBITDA": NaN,
        "Total Unusual Items": 102000.0,
        "Total Unusual Items Excluding Goodwill": 102000.0,
        "Net Income From Continuing Operation Net Minority Interest": NaN,
        "Reconciled Depreciation": NaN,
        "Reconciled Cost Of Revenue": NaN,
        "EBITDA": NaN,
        "EBIT": NaN,
        "Net Interest Income": NaN,
        "Interest Expense": NaN,
        "Normalized Income": NaN,
        "Net Income From Continuing And Discontinued Operation": NaN,
        "Total Expenses": NaN,
        "Total Operating Income As Reported": NaN,
        "Diluted Average Shares": NaN,
        "Basic Average Shares": NaN,
        "Diluted EPS": NaN,
        "Basic EPS": NaN,
        "Diluted NI Availto Com Stockholders": NaN,
        "Net Income Common Stockholders": NaN,
        "Otherunder Preferred Stock Dividend": NaN,
        "Net Income": NaN,
        "Net Income Including Noncontrolling Interests": NaN,
        "Net Income Continuous Operations": NaN,
        "Tax Provision": NaN,
        "Pretax Income": NaN,
        "Other Income Expense": NaN,
        "Other Non Operating Income Expenses": NaN,
        "Special Income Charges": 102000.0,
        "Other Special Charges": NaN,
        "Restructuring And Mergern Acquisition": -102000.0,
        "Net Non Operating Interest Income Expense": NaN,
        "Total Other Finance Cost": NaN,
        "Interest Expense Non Operating": NaN,
        "Operating Income": NaN,
        "Operating Expense": NaN,
        "Depreciation Amortization Depletion Income Statement": NaN,
        "Depreciation And Amortization In Income Statement": NaN,
        "Amortization": NaN,
        "Amortization Of Intangibles Income Statement": NaN,
        "Research And Development": NaN,
        "Selling General And Administration": NaN,
        "Selling And Marketing Expense": NaN,
        "General And Administrative Expense": NaN,
        "Other Gand A": NaN,
        "Gross Profit": NaN,
        "Cost Of Revenue": NaN,
        "Total Revenue": NaN,
        "Operating Revenue": NaN
    },
    "2022-09-30": {
        "Tax Effect Of Unusual Items": NaN,
        "Tax Rate For Calcs": NaN,
        "Normalized EBITDA": NaN,
        "Total Unusual Items": 0.0,
        "Total Unusual Items Excluding Goodwill": 0.0,
        "Net Income From Continuing Operation Net Minority Interest": NaN,
        "Reconciled Depreciation": NaN,
        "Reconciled Cost Of Revenue": NaN,
        "EBITDA": NaN,
        "EBIT": NaN,
        "Net Interest Income": NaN,
        "Interest Expense": NaN,
        "Normalized Income": NaN,
        "Net Income From Continuing And Discontinued Operation": NaN,
        "Total Expenses": NaN,
        "Total Operating Income As Reported": NaN,
        "Diluted Average Shares": NaN,
        "Basic Average Shares": NaN,
        "Diluted EPS": NaN,
        "Basic EPS": NaN,
        "Diluted NI Availto Com Stockholders": NaN,
        "Net Income Common Stockholders": NaN,
        "Otherunder Preferred Stock Dividend": NaN,
        "Net Income": NaN,
        "Net Income Including Noncontrolling Interests": NaN,
        "Net Income Continuous Operations": NaN,
        "Tax Provision": NaN,
        "Pretax Income": NaN,
        "Other Income Expense": NaN,
        "Other Non Operating Income Expenses": NaN,
        "Special Income Charges": 0.0,
        "Other Special Charges": NaN,
        "Restructuring And Mergern Acquisition": 0.0,
        "Net Non Operating Interest Income Expense": NaN,
        "Total Other Finance Cost": NaN,
        "Interest Expense Non Operating": NaN,
        "Operating Income": NaN,
        "Operating Expense": NaN,
        "Depreciation Amortization Depletion Income Statement": NaN,
        "Depreciation And Amortization In Income Statement": NaN,
        "Amortization": NaN,
        "Amortization Of Intangibles Income Statement": NaN,
        "Research And Development": NaN,
        "Selling General And Administration": NaN,
        "Selling And Marketing Expense": NaN,
        "General And Administrative Expense": NaN,
        "Other Gand A": NaN,
        "Gross Profit": NaN,
        "Cost Of Revenue": NaN,
        "Total Revenue": NaN,
        "Operating Revenue": NaN
    },
    "2022-06-30": {
        "Tax Effect Of Unusual Items": 0.0,
        "Tax Rate For Calcs": 0.00052,
        "Normalized EBITDA": -9217000.0,
        "Total Unusual Items": 0.0,
        "Total Unusual Items Excluding Goodwill": 0.0,
        "Net Income From Continuing Operation Net Minority Interest": -11523000.0,
        "Reconciled Depreciation": 1465000.0,
        "Reconciled Cost Of Revenue": 28294000.0,
        "EBITDA": -9217000.0,
        "EBIT": -10682000.0,
        "Net Interest Income": -1250000.0,
        "Interest Expense": 847000.0,
        "Normalized Income": -11523000.0,
        "Net Income From Continuing And Discontinued Operation": -11523000.0,
        "Total Expenses": 68272000.0,
        "Total Operating Income As Reported": -8476000.0,
        "Diluted Average Shares": 25429000.0,
        "Basic Average Shares": 25429000.0,
        "Diluted EPS": -0.45,
        "Basic EPS": -0.45,
        "Diluted NI Availto Com Stockholders": -11523000.0,
        "Net Income Common Stockholders": -11523000.0,
        "Net Income": -11523000.0,
        "Net Income Including Noncontrolling Interests": -11523000.0,
        "Net Income Continuous Operations": -11523000.0,
        "Tax Provision": -6000.0,
        "Pretax Income": -11529000.0,
        "Other Income Expense": -1803000.0,
        "Other Non Operating Income Expenses": -1803000.0,
        "Special Income Charges": 0.0,
        "Restructuring And Mergern Acquisition": 0.0,
        "Net Non Operating Interest Income Expense": -1250000.0,
        "Total Other Finance Cost": 403000.0,
        "Interest Expense Non Operating": 847000.0,
        "Operating Income": -8476000.0,
        "Operating Expense": 39978000.0,
        "Depreciation Amortization Depletion Income Statement": NaN,
        "Depreciation And Amortization In Income Statement": NaN,
        "Amortization": NaN,
        "Amortization Of Intangibles Income Statement": NaN,
        "Research And Development": 18369000.0,
        "Selling General And Administration": 21609000.0,
        "Selling And Marketing Expense": 9614000.0,
        "General And Administrative Expense": 11995000.0,
        "Other Gand A": 11995000.0,
        "Gross Profit": 31502000.0,
        "Cost Of Revenue": 28294000.0,
        "Total Revenue": 59796000.0,
        "Operating Revenue": 59796000.0
    },
    "2023-09-30": {
        "Tax Effect Of Unusual Items": 0.0,
        "Tax Rate For Calcs": 0.01222,
        "Normalized EBITDA": -11481000.0,
        "Total Unusual Items": 0.0,
        "Total Unusual Items Excluding Goodwill": 0.0,
        "Net Income From Continuing Operation Net Minority Interest": -15762000.0,
        "Reconciled Depreciation": 3667000.0,
        "Reconciled Cost Of Revenue": 31979000.0,
        "EBITDA": -11481000.0,
        "EBIT": -15148000.0,
        "Net Interest Income": -1213000.0,
        "Interest Expense": 809000.0,
        "Normalized Income": -15762000.0,
        "Net Income From Continuing And Discontinued Operation": -15762000.0,
        "Total Expenses": 80839000.0,
        "Total Operating Income As Reported": -15834000.0,
        "Diluted Average Shares": 26920000.0,
        "Basic Average Shares": 26920000.0,
        "Diluted EPS": -0.59,
        "Basic EPS": -0.59,
        "Diluted NI Availto Com Stockholders": -15762000.0,
        "Net Income Common Stockholders": -15762000.0,
        "Otherunder Preferred Stock Dividend": NaN,
        "Net Income": -15762000.0,
        "Net Income Including Noncontrolling Interests": -15762000.0,
        "Net Income Continuous Operations": -15762000.0,
        "Tax Provision": -195000.0,
        "Pretax Income": -15957000.0,
        "Other Income Expense": 1090000.0,
        "Other Non Operating Income Expenses": 1090000.0,
        "Special Income Charges": 0.0,
        "Other Special Charges": NaN,
        "Restructuring And Mergern Acquisition": 0.0,
        "Net Non Operating Interest Income Expense": -1213000.0,
        "Total Other Finance Cost": 404000.0,
        "Interest Expense Non Operating": 809000.0,
        "Operating Income": -15834000.0,
        "Operating Expense": 46602000.0,
        "Depreciation Amortization Depletion Income Statement": 1409000.0,
        "Depreciation And Amortization In Income Statement": 1409000.0,
        "Amortization": 1409000.0,
        "Amortization Of Intangibles Income Statement": 1409000.0,
        "Research And Development": 21588000.0,
        "Selling General And Administration": 23605000.0,
        "Selling And Marketing Expense": 10073000.0,
        "General And Administrative Expense": 13532000.0,
        "Other Gand A": 13532000.0,
        "Gross Profit": 30768000.0,
        "Cost Of Revenue": 34237000.0,
        "Total Revenue": 65005000.0,
        "Operating Revenue": 65005000.0
    },
    "2023-12-31": {
        "Tax Effect Of Unusual Items": 0.0,
        "Tax Rate For Calcs": 0.21,
        "Normalized EBITDA": -10331000.0,
        "Total Unusual Items": NaN,
        "Total Unusual Items Excluding Goodwill": NaN,
        "Net Income From Continuing Operation Net Minority Interest": -15180000.0,
        "Reconciled Depreciation": 3890000.0,
        "Reconciled Cost Of Revenue": 34289000.0,
        "EBITDA": -10331000.0,
        "EBIT": -14221000.0,
        "Net Interest Income": -1215000.0,
        "Interest Expense": 809000.0,
        "Normalized Income": -15180000.0,
        "Net Income From Continuing And Discontinued Operation": -15180000.0,
        "Total Expenses": 85490000.0,
        "Total Operating Income As Reported": -14839000.0,
        "Diluted Average Shares": 27089000.0,
        "Basic Average Shares": 27089000.0,
        "Diluted EPS": -0.56,
        "Basic EPS": -0.56,
        "Diluted NI Availto Com Stockholders": -15180000.0,
        "Net Income Common Stockholders": -15180000.0,
        "Otherunder Preferred Stock Dividend": NaN,
        "Net Income": -15180000.0,
        "Net Income Including Noncontrolling Interests": -15180000.0,
        "Net Income Continuous Operations": -15180000.0,
        "Tax Provision": 150000.0,
        "Pretax Income": -15030000.0,
        "Other Income Expense": 1024000.0,
        "Other Non Operating Income Expenses": 1024000.0,
        "Special Income Charges": NaN,
        "Other Special Charges": NaN,
        "Restructuring And Mergern Acquisition": NaN,
        "Net Non Operating Interest Income Expense": -1215000.0,
        "Total Other Finance Cost": 406000.0,
        "Interest Expense Non Operating": 809000.0,
        "Operating Income": -14839000.0,
        "Operating Expense": 48709000.0,
        "Depreciation Amortization Depletion Income Statement": 1398000.0,
        "Depreciation And Amortization In Income Statement": 1398000.0,
        "Amortization": 1398000.0,
        "Amortization Of Intangibles Income Statement": 1398000.0,
        "Research And Development": 21136000.0,
        "Selling General And Administration": 26175000.0,
        "Selling And Marketing Expense": 10445000.0,
        "General And Administrative Expense": 15730000.0,
        "Other Gand A": 15730000.0,
        "Gross Profit": 33870000.0,
        "Cost Of Revenue": 36781000.0,
        "Total Revenue": 70651000.0,
        "Operating Revenue": 70651000.0
    },
    "2024-03-31": {
        "Tax Effect Of Unusual Items": 9069480.0,
        "Tax Rate For Calcs": 0.21,
        "Normalized EBITDA": -5127000.0,
        "Total Unusual Items": 43188000.0,
        "Total Unusual Items Excluding Goodwill": 43188000.0,
        "Net Income From Continuing Operation Net Minority Interest": 33344000.0,
        "Reconciled Depreciation": 3909000.0,
        "Reconciled Cost Of Revenue": 36777000.0,
        "EBITDA": 38061000.0,
        "EBIT": 34152000.0,
        "Net Interest Income": -1216000.0,
        "Interest Expense": 809000.0,
        "Normalized Income": -774520.0,
        "Net Income From Continuing And Discontinued Operation": 33344000.0,
        "Total Expenses": 86746000.0,
        "Total Operating Income As Reported": -11733000.0,
        "Diluted Average Shares": 31425000.0,
        "Basic Average Shares": 27357000.0,
        "Diluted EPS": 1.1,
        "Basic EPS": 1.22,
        "Diluted NI Availto Com Stockholders": 34560000.0,
        "Net Income Common Stockholders": 34560000.0,
        "Otherunder Preferred Stock Dividend": -1216000.0,
        "Net Income": 33344000.0,
        "Net Income Including Noncontrolling Interests": 33344000.0,
        "Net Income Continuous Operations": 33344000.0,
        "Tax Provision": -1000.0,
        "Pretax Income": 33343000.0,
        "Other Income Expense": 44480000.0,
        "Other Non Operating Income Expenses": 1292000.0,
        "Special Income Charges": 43188000.0,
        "Other Special Charges": -45000000.0,
        "Restructuring And Mergern Acquisition": 1812000.0,
        "Net Non Operating Interest Income Expense": -1216000.0,
        "Total Other Finance Cost": 407000.0,
        "Interest Expense Non Operating": 809000.0,
        "Operating Income": -9921000.0,
        "Operating Expense": 47469000.0,
        "Depreciation Amortization Depletion Income Statement": 1409000.0,
        "Depreciation And Amortization In Income Statement": 1409000.0,
        "Amortization": 1409000.0,
        "Amortization Of Intangibles Income Statement": 1409000.0,
        "Research And Development": 22519000.0,
        "Selling General And Administration": 23541000.0,
        "Selling And Marketing Expense": 10176000.0,
        "General And Administrative Expense": 13365000.0,
        "Other Gand A": 13365000.0,
        "Gross Profit": 37548000.0,
        "Cost Of Revenue": 39277000.0,
        "Total Revenue": 76825000.0,
        "Operating Revenue": 76825000.0
    },
    "2024-06-30": {
        "Tax Effect Of Unusual Items": 0.0,
        "Tax Rate For Calcs": 0.21,
        "Normalized EBITDA": 13758000.0,
        "Total Unusual Items": 0.0,
        "Total Unusual Items Excluding Goodwill": 0.0,
        "Net Income From Continuing Operation Net Minority Interest": 9963000.0,
        "Reconciled Depreciation": 2999000.0,
        "Reconciled Cost Of Revenue": 42476000.0,
        "EBITDA": 13758000.0,
        "EBIT": 10759000.0,
        "Net Interest Income": -1217000.0,
        "Interest Expense": 808000.0,
        "Normalized Income": 9963000.0,
        "Net Income From Continuing And Discontinued Operation": 9963000.0,
        "Total Expenses": 93449000.0,
        "Total Operating Income As Reported": 9046000.0,
        "Diluted Average Shares": 29422000.0,
        "Basic Average Shares": 27889000.0,
        "Diluted EPS": 0.34,
        "Basic EPS": 0.36,
        "Diluted NI Availto Com Stockholders": 9963000.0,
        "Net Income Common Stockholders": 9963000.0,
        "Otherunder Preferred Stock Dividend": NaN,
        "Net Income": 9963000.0,
        "Net Income Including Noncontrolling Interests": 9963000.0,
        "Net Income Continuous Operations": 9963000.0,
        "Tax Provision": -12000.0,
        "Pretax Income": 9951000.0,
        "Other Income Expense": 2122000.0,
        "Other Non Operating Income Expenses": 2122000.0,
        "Special Income Charges": 0.0,
        "Other Special Charges": NaN,
        "Restructuring And Mergern Acquisition": 0.0,
        "Net Non Operating Interest Income Expense": -1217000.0,
        "Total Other Finance Cost": 409000.0,
        "Interest Expense Non Operating": 808000.0,
        "Operating Income": 9046000.0,
        "Operating Expense": 48470000.0,
        "Depreciation Amortization Depletion Income Statement": 496000.0,
        "Depreciation And Amortization In Income Statement": 496000.0,
        "Amortization": 496000.0,
        "Amortization Of Intangibles Income Statement": 496000.0,
        "Research And Development": 24924000.0,
        "Selling General And Administration": 23050000.0,
        "Selling And Marketing Expense": 9827000.0,
        "General And Administrative Expense": 13223000.0,
        "Other Gand A": 13223000.0,
        "Gross Profit": 57516000.0,
        "Cost Of Revenue": 44979000.0,
        "Total Revenue": 102495000.0,
        "Operating Revenue": 102495000.0
    },
    "2024-09-30": {
        "Tax Effect Of Unusual Items": 0.0,
        "Tax Rate For Calcs": 0.21,
        "Normalized EBITDA": 4484000.0,
        "Total Unusual Items": 0.0,
        "Total Unusual Items Excluding Goodwill": 0.0,
        "Net Income From Continuing Operation Net Minority Interest": 221000.0,
        "Reconciled Depreciation": 3247000.0,
        "Reconciled Cost Of Revenue": 44888000.0,
        "EBITDA": 4484000.0,
        "EBIT": 1237000.0,
        "Net Interest Income": -1219000.0,
        "Interest Expense": 809000.0,
        "Normalized Income": 221000.0,
        "Net Income From Continuing And Discontinued Operation": 221000.0,
        "Total Expenses": 95967000.0,
        "Total Operating Income As Reported": -769000.0,
        "Diluted Average Shares": 29727000.0,
        "Basic Average Shares": 28168000.0,
        "Diluted EPS": 0.01,
        "Basic EPS": 0.01,
        "Diluted NI Availto Com Stockholders": 221000.0,
        "Net Income Common Stockholders": 221000.0,
        "Otherunder Preferred Stock Dividend": NaN,
        "Net Income": 221000.0,
        "Net Income Including Noncontrolling Interests": 221000.0,
        "Net Income Continuous Operations": 221000.0,
        "Tax Provision": 207000.0,
        "Pretax Income": 428000.0,
        "Other Income Expense": 2416000.0,
        "Other Non Operating Income Expenses": 2416000.0,
        "Special Income Charges": 0.0,
        "Other Special Charges": NaN,
        "Restructuring And Mergern Acquisition": 0.0,
        "Net Non Operating Interest Income Expense": -1219000.0,
        "Total Other Finance Cost": 410000.0,
        "Interest Expense Non Operating": 809000.0,
        "Operating Income": -769000.0,
        "Operating Expense": 48338000.0,
        "Depreciation Amortization Depletion Income Statement": 506000.0,
        "Depreciation And Amortization In Income Statement": 506000.0,
        "Amortization": 506000.0,
        "Amortization Of Intangibles Income Statement": 506000.0,
        "Research And Development": 25492000.0,
        "Selling General And Administration": 22340000.0,
        "Selling And Marketing Expense": 9888000.0,
        "General And Administrative Expense": 12452000.0,
        "Other Gand A": 12452000.0,
        "Gross Profit": 47569000.0,
        "Cost Of Revenue": 47629000.0,
        "Total Revenue": 95198000.0,
        "Operating Revenue": 95198000.0
    }
}