{
    "2023-03-31": {
        "Tax Effect Of Unusual Items": 0.0,
        "Tax Rate For Calcs": 0.0,
        "Normalized EBITDA": -12912000.0,
        "Total Unusual Items": NaN,
        "Total Unusual Items Excluding Goodwill": NaN,
        "Net Income From Continuing Operation Net Minority Interest": -13183000.0,
        "Reconciled Depreciation": 571000.0,
        "EBITDA": -12912000.0,
        "EBIT": -13483000.0,
        "Net Interest Income": 357000.0,
        "Interest Income": 357000.0,
        "Normalized Income": -13183000.0,
        "Net Income From Continuing And Discontinued Operation": -13183000.0,
        "Total Expenses": 15419000.0,
        "Total Operating Income As Reported": -15511000.0,
        "Diluted Average Shares": 931000.0,
        "Basic Average Shares": 931000.0,
        "Diluted EPS": -14.15,
        "Basic EPS": -14.15,
        "Diluted NI Availto Com Stockholders": -13183000.0,
        "Net Income Common Stockholders": -13183000.0,
        "Net Income": -13183000.0,
        "Net Income Including Noncontrolling Interests": -13183000.0,
        "Net Income Continuous Operations": -13183000.0,
        "Pretax Income": -13183000.0,
        "Other Income Expense": -57000.0,
        "Other Non Operating Income Expenses": -57000.0,
        "Special Income Charges": NaN,
        "Impairment Of Capital Assets": NaN,
        "Net Non Operating Interest Income Expense": 357000.0,
        "Interest Income Non Operating": 357000.0,
        "Operating Income": -13483000.0,
        "Operating Expense": 15419000.0,
        "Other Operating Expenses": -2028000.0,
        "Research And Development": 13424000.0,
        "Selling General And Administration": 4023000.0,
        "General And Administrative Expense": 4023000.0,
        "Other Gand A": 4023000.0,
        "Total Revenue": 1936000.0,
        "Operating Revenue": 1936000.0
    },
    "2022-12-31": {
        "Tax Effect Of Unusual Items": NaN,
        "Tax Rate For Calcs": NaN,
        "Normalized EBITDA": NaN,
        "Total Unusual Items": NaN,
        "Total Unusual Items Excluding Goodwill": NaN,
        "Net Income From Continuing Operation Net Minority Interest": NaN,
        "Reconciled Depreciation": NaN,
        "EBITDA": NaN,
        "EBIT": NaN,
        "Net Interest Income": NaN,
        "Interest Income": NaN,
        "Normalized Income": NaN,
        "Net Income From Continuing And Discontinued Operation": NaN,
        "Total Expenses": NaN,
        "Total Operating Income As Reported": NaN,
        "Diluted Average Shares": NaN,
        "Basic Average Shares": NaN,
        "Diluted EPS": NaN,
        "Basic EPS": NaN,
        "Diluted NI Availto Com Stockholders": NaN,
        "Net Income Common Stockholders": NaN,
        "Net Income": NaN,
        "Net Income Including Noncontrolling Interests": NaN,
        "Net Income Continuous Operations": NaN,
        "Pretax Income": NaN,
        "Other Income Expense": NaN,
        "Other Non Operating Income Expenses": NaN,
        "Special Income Charges": NaN,
        "Impairment Of Capital Assets": NaN,
        "Net Non Operating Interest Income Expense": NaN,
        "Interest Income Non Operating": NaN,
        "Operating Income": NaN,
        "Operating Expense": NaN,
        "Other Operating Expenses": -3391000.0,
        "Research And Development": NaN,
        "Selling General And Administration": NaN,
        "General And Administrative Expense": NaN,
        "Other Gand A": NaN,
        "Total Revenue": NaN,
        "Operating Revenue": NaN
    },
    "2022-09-30": {
        "Tax Effect Of Unusual Items": NaN,
        "Tax Rate For Calcs": NaN,
        "Normalized EBITDA": NaN,
        "Total Unusual Items": 0.0,
        "Total Unusual Items Excluding Goodwill": 0.0,
        "Net Income From Continuing Operation Net Minority Interest": NaN,
        "Reconciled Depreciation": NaN,
        "EBITDA": NaN,
        "EBIT": NaN,
        "Net Interest Income": NaN,
        "Interest Income": NaN,
        "Normalized Income": NaN,
        "Net Income From Continuing And Discontinued Operation": NaN,
        "Total Expenses": NaN,
        "Total Operating Income As Reported": NaN,
        "Diluted Average Shares": 929962.0,
        "Basic Average Shares": 929962.0,
        "Diluted EPS": -10.4,
        "Basic EPS": -10.4,
        "Diluted NI Availto Com Stockholders": NaN,
        "Net Income Common Stockholders": NaN,
        "Net Income": NaN,
        "Net Income Including Noncontrolling Interests": NaN,
        "Net Income Continuous Operations": NaN,
        "Pretax Income": NaN,
        "Other Income Expense": NaN,
        "Other Non Operating Income Expenses": NaN,
        "Special Income Charges": 0.0,
        "Impairment Of Capital Assets": 0.0,
        "Net Non Operating Interest Income Expense": NaN,
        "Interest Income Non Operating": NaN,
        "Operating Income": NaN,
        "Operating Expense": NaN,
        "Other Operating Expenses": -1468000.0,
        "Research And Development": NaN,
        "Selling General And Administration": NaN,
        "General And Administrative Expense": NaN,
        "Other Gand A": NaN,
        "Total Revenue": NaN,
        "Operating Revenue": NaN
    },
    "2022-06-30": {
        "Tax Effect Of Unusual Items": 0.0,
        "Tax Rate For Calcs": 0.0,
        "Normalized EBITDA": -10563000.0,
        "Net Income From Continuing Operation Net Minority Interest": -10338000.0,
        "Reconciled Depreciation": 583000.0,
        "EBITDA": -10563000.0,
        "EBIT": -11146000.0,
        "Net Interest Income": 132000.0,
        "Interest Income": 132000.0,
        "Normalized Income": -10338000.0,
        "Net Income From Continuing And Discontinued Operation": -10338000.0,
        "Total Expenses": 14844000.0,
        "Total Operating Income As Reported": -12330000.0,
        "Diluted Average Shares": 74125000.0,
        "Basic Average Shares": 74125000.0,
        "Diluted EPS": -0.14,
        "Basic EPS": -0.14,
        "Diluted NI Availto Com Stockholders": -10338000.0,
        "Net Income Common Stockholders": -10338000.0,
        "Net Income": -10338000.0,
        "Net Income Including Noncontrolling Interests": -10338000.0,
        "Net Income Continuous Operations": -10338000.0,
        "Pretax Income": -10338000.0,
        "Other Income Expense": 676000.0,
        "Other Non Operating Income Expenses": 676000.0,
        "Net Non Operating Interest Income Expense": 132000.0,
        "Interest Income Non Operating": 132000.0,
        "Operating Income": -11146000.0,
        "Operating Expense": 14844000.0,
        "Other Operating Expenses": -1184000.0,
        "Research And Development": 11947000.0,
        "Selling General And Administration": 4081000.0,
        "General And Administrative Expense": 4081000.0,
        "Other Gand A": 4081000.0,
        "Total Revenue": 3698000.0,
        "Operating Revenue": 3698000.0
    },
    "2022-03-31": {
        "Diluted EPS": -0.07,
        "Total Revenue": 11,
        "Gross Profit": 11,
        "Operating Income": -7,
        "EBIT": -7,
        "Net Income": -5
    },
    "2021-12-31": {
        "Diluted EPS": -0.15,
        "Total Revenue": 8,
        "Gross Profit": 8,
        "Operating Income": -11,
        "EBIT": -10,
        "Net Income": -10
    },
    "2021-09-30": {
        "Diluted EPS": -0.24,
        "Total Revenue": 4,
        "Gross Profit": 4,
        "Operating Income": -19,
        "EBIT": -18,
        "Net Income": -17
    },
    "2021-06-30": {
        "Diluted EPS": -0.25,
        "Total Revenue": 3,
        "Gross Profit": 3,
        "Operating Income": -17,
        "EBIT": -16,
        "Net Income": -15
    },
    "2021-03-31": {
        "Diluted EPS": -0.07,
        "Total Revenue": 16,
        "Gross Profit": 16,
        "Operating Income": -5,
        "EBIT": -4,
        "Net Income": -4
    },
    "2020-12-31": {
        "Diluted EPS": -0.26,
        "Total Revenue": 2,
        "Gross Profit": 2,
        "Operating Income": -12,
        "EBIT": -12,
        "Net Income": -14
    },
    "2020-09-30": {
        "Diluted EPS": -0.26,
        "Total Revenue": 3,
        "Gross Profit": 3,
        "Operating Income": -13,
        "EBIT": -12,
        "Net Income": -14
    },
    "2020-06-30": {
        "Diluted EPS": -0.09,
        "Total Revenue": 11,
        "Gross Profit": 11,
        "Operating Income": -5,
        "EBIT": -4,
        "Net Income": -5
    },
    "2020-03-31": {
        "Diluted EPS": -0.07,
        "Total Revenue": 13,
        "Gross Profit": 13,
        "Operating Income": -4,
        "EBIT": -4,
        "Net Income": -4
    },
    "2019-12-31": {
        "Diluted EPS": -0.07,
        "Total Revenue": 17,
        "Gross Profit": 17,
        "Operating Income": -1,
        "EBIT": -1,
        "Net Income": -4
    },
    "2019-09-30": {
        "Diluted EPS": -0.05,
        "Total Revenue": 15,
        "Gross Profit": 15,
        "Operating Income": -3,
        "EBIT": -3,
        "Net Income": -3
    },
    "2019-06-30": {
        "Diluted EPS": -0.24,
        "Total Revenue": 5,
        "Gross Profit": 5,
        "Operating Income": -12,
        "EBIT": -12,
        "Net Income": -12
    },
    "2019-03-31": {
        "Diluted EPS": -0.2,
        "Total Revenue": 9,
        "Gross Profit": 9,
        "Operating Income": -11,
        "EBIT": -11,
        "Net Income": -10
    },
    "2018-12-31": {
        "Diluted EPS": -0.22,
        "Total Revenue": 5,
        "Gross Profit": 5,
        "Operating Income": -13,
        "EBIT": -12,
        "Net Income": -12
    },
    "2018-09-30": {
        "Diluted EPS": -0.11,
        "Total Revenue": 8,
        "Gross Profit": 8,
        "Operating Income": -8,
        "EBIT": -8,
        "Net Income": -6
    },
    "2018-06-30": {
        "Diluted EPS": -0.0,
        "Total Revenue": 12,
        "Gross Profit": 12,
        "Operating Income": -2,
        "EBIT": -2,
        "Net Income": 0
    },
    "2018-03-31": {
        "Diluted EPS": -0.17,
        "Total Revenue": 4,
        "Gross Profit": 4,
        "Operating Income": -8,
        "EBIT": -8,
        "Net Income": -9
    },
    "2017-12-31": {
        "Diluted EPS": 0.18,
        "Total Revenue": 18,
        "Gross Profit": 18,
        "Operating Income": 6,
        "EBIT": 7,
        "Net Income": 7
    },
    "2017-09-30": {
        "Diluted EPS": -0.16,
        "Total Revenue": 4,
        "Gross Profit": 4,
        "Operating Income": -5,
        "EBIT": -5,
        "Net Income": -7
    },
    "2017-06-30": {
        "Diluted EPS": -0.23,
        "Total Revenue": 2,
        "Gross Profit": 2,
        "Operating Income": -8,
        "EBIT": -8,
        "Net Income": -10
    },
    "2017-03-31": {
        "Diluted EPS": -0.19,
        "Total Revenue": 1,
        "Gross Profit": 1,
        "Operating Income": -8,
        "EBIT": -8,
        "Net Income": -8
    },
    "2016-12-31": {
        "Diluted EPS": -0.17,
        "Total Revenue": 3,
        "Gross Profit": 3,
        "Operating Income": -6,
        "EBIT": -6,
        "Net Income": -7
    },
    "2016-09-30": {
        "Diluted EPS": -0.14,
        "Total Revenue": 1,
        "Gross Profit": 1,
        "Operating Income": -6,
        "EBIT": -6,
        "Net Income": -6
    },
    "2016-06-30": {
        "Diluted EPS": -0.14,
        "Total Revenue": 1,
        "Gross Profit": 1,
        "Operating Income": -6,
        "EBIT": -6,
        "Net Income": -6
    },
    "2016-03-31": {
        "Diluted EPS": -0.1,
        "Total Revenue": 1,
        "Gross Profit": 1,
        "Operating Income": -4,
        "EBIT": -4,
        "Net Income": -4
    },
    "2015-12-31": {
        "Diluted EPS": -0.06,
        "Total Revenue": 2,
        "Gross Profit": 2,
        "Operating Income": -3,
        "EBIT": -2,
        "Net Income": -3
    },
    "2015-09-30": {
        "Diluted EPS": -0.1,
        "Total Revenue": 0,
        "Gross Profit": 0,
        "Operating Income": -4,
        "EBIT": -4,
        "Net Income": -4
    },
    "2015-06-30": {
        "Diluted EPS": -0.12,
        "Total Revenue": 0,
        "Gross Profit": 0,
        "Operating Income": -4,
        "EBIT": -3,
        "Net Income": -4
    },
    "2015-03-31": {
        "Diluted EPS": -0.13,
        "Total Revenue": 0,
        "Gross Profit": 0,
        "Operating Income": -4,
        "EBIT": -4,
        "Net Income": -4
    },
    "2014-12-31": {
        "Diluted EPS": -0.21,
        "Total Revenue": 3,
        "Gross Profit": 3,
        "Operating Income": -2,
        "EBIT": -2,
        "Net Income": -4
    },
    "2014-09-30": {
        "Diluted EPS": -0.17,
        "Total Revenue": 0,
        "Gross Profit": 0,
        "Operating Income": -2,
        "EBIT": -2,
        "Net Income": -2
    },
    "2014-06-30": {
        "Diluted EPS": -0.24,
        "Total Revenue": 1,
        "Gross Profit": 1,
        "Operating Income": -3,
        "EBIT": -3,
        "Net Income": -3
    },
    "2014-03-31": {
        "Diluted EPS": -0.07,
        "Total Revenue": 1,
        "Gross Profit": 1,
        "Operating Income": -1,
        "EBIT": -1,
        "Net Income": -1
    },
    "2013-12-31": {
        "Diluted EPS": 0.0,
        "Total Revenue": NaN,
        "Gross Profit": NaN,
        "Operating Income": NaN,
        "EBIT": NaN,
        "Net Income": NaN
    },
    "2023-06-30": {
        "Tax Effect Of Unusual Items": 0.0,
        "Tax Rate For Calcs": 0.21,
        "Normalized EBITDA": 4372000.0,
        "Total Unusual Items": NaN,
        "Total Unusual Items Excluding Goodwill": NaN,
        "Net Income From Continuing Operation Net Minority Interest": 3976000.0,
        "Reconciled Depreciation": 725000.0,
        "EBITDA": 4372000.0,
        "EBIT": 3647000.0,
        "Net Interest Income": 490000.0,
        "Interest Income": 490000.0,
        "Normalized Income": 3976000.0,
        "Net Income From Continuing And Discontinued Operation": 3976000.0,
        "Total Expenses": 16408000.0,
        "Total Operating Income As Reported": 2063000.0,
        "Diluted Average Shares": 1098000.0,
        "Basic Average Shares": 1095000.0,
        "Diluted EPS": 3.62,
        "Basic EPS": 3.63,
        "Diluted NI Availto Com Stockholders": 3976000.0,
        "Net Income Common Stockholders": 3976000.0,
        "Net Income": 3976000.0,
        "Net Income Including Noncontrolling Interests": 3976000.0,
        "Net Income Continuous Operations": 3976000.0,
        "Pretax Income": 3976000.0,
        "Other Income Expense": -161000.0,
        "Other Non Operating Income Expenses": -161000.0,
        "Special Income Charges": NaN,
        "Impairment Of Capital Assets": NaN,
        "Net Non Operating Interest Income Expense": 490000.0,
        "Interest Income Non Operating": 490000.0,
        "Operating Income": 3647000.0,
        "Operating Expense": 16408000.0,
        "Other Operating Expenses": -1584000.0,
        "Research And Development": 14328000.0,
        "Selling General And Administration": 3664000.0,
        "General And Administrative Expense": 3664000.0,
        "Other Gand A": 3664000.0,
        "Total Revenue": 20055000.0,
        "Operating Revenue": 20055000.0
    },
    "2023-09-30": {
        "Tax Effect Of Unusual Items": 0.0,
        "Tax Rate For Calcs": 0.0,
        "Normalized EBITDA": 18687000.0,
        "Total Unusual Items": -14893000.0,
        "Total Unusual Items Excluding Goodwill": -14893000.0,
        "Net Income From Continuing Operation Net Minority Interest": -10752000.0,
        "Reconciled Depreciation": 708000.0,
        "EBITDA": 3794000.0,
        "EBIT": 3086000.0,
        "Net Interest Income": 549000.0,
        "Interest Income": 549000.0,
        "Normalized Income": 4141000.0,
        "Net Income From Continuing And Discontinued Operation": -10752000.0,
        "Total Expenses": 16434000.0,
        "Total Operating Income As Reported": -11807000.0,
        "Diluted Average Shares": 1235650.0,
        "Basic Average Shares": 1235650.0,
        "Diluted EPS": -8.8,
        "Basic EPS": -8.8,
        "Diluted NI Availto Com Stockholders": -10752000.0,
        "Net Income Common Stockholders": -10752000.0,
        "Net Income": -10752000.0,
        "Net Income Including Noncontrolling Interests": -10752000.0,
        "Net Income Continuous Operations": -10752000.0,
        "Pretax Income": -10752000.0,
        "Other Income Expense": -14387000.0,
        "Other Non Operating Income Expenses": 506000.0,
        "Special Income Charges": -14893000.0,
        "Impairment Of Capital Assets": 14893000.0,
        "Net Non Operating Interest Income Expense": 549000.0,
        "Interest Income Non Operating": 549000.0,
        "Operating Income": 3086000.0,
        "Operating Expense": 16434000.0,
        "Other Operating Expenses": NaN,
        "Research And Development": 9595000.0,
        "Selling General And Administration": 6839000.0,
        "General And Administrative Expense": 6839000.0,
        "Other Gand A": 6839000.0,
        "Total Revenue": 19520000.0,
        "Operating Revenue": 19520000.0
    },
    "2024-03-31": {
        "Tax Effect Of Unusual Items": 0.0,
        "Tax Rate For Calcs": 0.0,
        "Normalized EBITDA": -5303000.0,
        "Total Unusual Items": NaN,
        "Total Unusual Items Excluding Goodwill": NaN,
        "Net Income From Continuing Operation Net Minority Interest": -4892000.0,
        "Reconciled Depreciation": -30000.0,
        "EBITDA": -5303000.0,
        "EBIT": -5303000.0,
        "Net Interest Income": 240000.0,
        "Interest Income": 240000.0,
        "Normalized Income": -4892000.0,
        "Net Income From Continuing And Discontinued Operation": -4892000.0,
        "Total Expenses": 5356000.0,
        "Total Operating Income As Reported": -5303000.0,
        "Diluted Average Shares": 1237000.0,
        "Basic Average Shares": 1237000.0,
        "Diluted EPS": -3.95,
        "Basic EPS": -3.95,
        "Diluted NI Availto Com Stockholders": -4892000.0,
        "Net Income Common Stockholders": -4892000.0,
        "Net Income": -4892000.0,
        "Net Income Including Noncontrolling Interests": -4892000.0,
        "Net Income Continuous Operations": -4892000.0,
        "Pretax Income": -4892000.0,
        "Other Income Expense": 171000.0,
        "Other Non Operating Income Expenses": 171000.0,
        "Special Income Charges": NaN,
        "Impairment Of Capital Assets": NaN,
        "Net Non Operating Interest Income Expense": 240000.0,
        "Interest Income Non Operating": 240000.0,
        "Operating Income": -5303000.0,
        "Operating Expense": 5356000.0,
        "Other Operating Expenses": NaN,
        "Research And Development": 1218000.0,
        "Selling General And Administration": 4138000.0,
        "General And Administrative Expense": 4138000.0,
        "Other Gand A": 4138000.0,
        "Total Revenue": 53000.0,
        "Operating Revenue": 53000.0
    },
    "2024-06-30": {
        "Tax Effect Of Unusual Items": 0.0,
        "Tax Rate For Calcs": 0.0,
        "Normalized EBITDA": -4177000.0,
        "Total Unusual Items": NaN,
        "Total Unusual Items Excluding Goodwill": NaN,
        "Net Income From Continuing Operation Net Minority Interest": -3590000.0,
        "Reconciled Depreciation": 0.0,
        "EBITDA": -4177000.0,
        "EBIT": -4177000.0,
        "Net Interest Income": 201000.0,
        "Interest Income": 201000.0,
        "Normalized Income": -3590000.0,
        "Net Income From Continuing And Discontinued Operation": -3590000.0,
        "Total Expenses": 4177000.0,
        "Total Operating Income As Reported": -4177000.0,
        "Diluted Average Shares": 1299000.0,
        "Basic Average Shares": 1299000.0,
        "Diluted EPS": -2.76,
        "Basic EPS": -2.76,
        "Diluted NI Availto Com Stockholders": -3590000.0,
        "Net Income Common Stockholders": -3590000.0,
        "Net Income": -3590000.0,
        "Net Income Including Noncontrolling Interests": -3590000.0,
        "Net Income Continuous Operations": -3590000.0,
        "Pretax Income": -3590000.0,
        "Other Income Expense": 386000.0,
        "Other Non Operating Income Expenses": 386000.0,
        "Special Income Charges": NaN,
        "Impairment Of Capital Assets": NaN,
        "Net Non Operating Interest Income Expense": 201000.0,
        "Interest Income Non Operating": 201000.0,
        "Operating Income": -4177000.0,
        "Operating Expense": 4177000.0,
        "Other Operating Expenses": NaN,
        "Research And Development": 751000.0,
        "Selling General And Administration": 3426000.0,
        "General And Administrative Expense": 3426000.0,
        "Other Gand A": 3426000.0,
        "Total Revenue": 0.0,
        "Operating Revenue": 0.0
    }
}