{
    "2023-05-31": {
        "Tax Effect Of Unusual Items": 0.0,
        "Tax Rate For Calcs": 0.0,
        "Normalized EBITDA": -6212000.0,
        "Total Unusual Items": NaN,
        "Total Unusual Items Excluding Goodwill": NaN,
        "Net Income From Continuing Operation Net Minority Interest": -6995000.0,
        "Reconciled Depreciation": 233000.0,
        "Reconciled Cost Of Revenue": 3703000.0,
        "EBIT": -6445000.0,
        "Net Interest Income": -550000.0,
        "Interest Expense": 550000.0,
        "Normalized Income": -6995000.0,
        "Net Income From Continuing And Discontinued Operation": -7455000.0,
        "Total Expenses": 10433000.0,
        "Total Operating Income As Reported": -6445000.0,
        "Diluted Average Shares": 10057177.0,
        "Basic Average Shares": 10057177.0,
        "Diluted EPS": -0.75,
        "Basic EPS": -0.75,
        "Diluted NI Availto Com Stockholders": -7455000.0,
        "Net Income Common Stockholders": -7455000.0,
        "Otherunder Preferred Stock Dividend": 0.0,
        "Preferred Stock Dividends": NaN,
        "Net Income": -7455000.0,
        "Minority Interests": 0.0,
        "Net Income Including Noncontrolling Interests": -7455000.0,
        "Net Income Discontinuous Operations": -460000.0,
        "Net Income Continuous Operations": -6995000.0,
        "Pretax Income": -6995000.0,
        "Other Income Expense": NaN,
        "Other Non Operating Income Expenses": NaN,
        "Special Income Charges": NaN,
        "Impairment Of Capital Assets": NaN,
        "Net Non Operating Interest Income Expense": -550000.0,
        "Interest Expense Non Operating": 550000.0,
        "Operating Income": -6445000.0,
        "Operating Expense": 6645000.0,
        "Depreciation Amortization Depletion Income Statement": 148000.0,
        "Depreciation And Amortization In Income Statement": 148000.0,
        "Research And Development": 50000.0,
        "Selling General And Administration": 6447000.0,
        "Selling And Marketing Expense": NaN,
        "General And Administrative Expense": 6447000.0,
        "Other Gand A": 3826000.0,
        "Salaries And Wages": 2621000.0,
        "Gross Profit": 200000.0,
        "Cost Of Revenue": 3788000.0,
        "Total Revenue": 3988000.0,
        "Operating Revenue": 3988000.0
    },
    "2023-02-28": {
        "Tax Effect Of Unusual Items": 0.0,
        "Tax Rate For Calcs": 0.0,
        "Normalized EBITDA": -4233000.0,
        "Total Unusual Items": NaN,
        "Total Unusual Items Excluding Goodwill": NaN,
        "Net Income From Continuing Operation Net Minority Interest": -5162000.0,
        "Reconciled Depreciation": 150000.0,
        "Reconciled Cost Of Revenue": 4095000.0,
        "EBIT": -4383000.0,
        "Net Interest Income": -239000.0,
        "Interest Expense": 239000.0,
        "Normalized Income": -5162000.0,
        "Net Income From Continuing And Discontinued Operation": -5769000.0,
        "Total Expenses": 9604000.0,
        "Total Operating Income As Reported": -5025000.0,
        "Diluted Average Shares": 9703645.0,
        "Basic Average Shares": 9703645.0,
        "Diluted EPS": -0.59,
        "Basic EPS": -0.59,
        "Diluted NI Availto Com Stockholders": -5769000.0,
        "Net Income Common Stockholders": -5769000.0,
        "Otherunder Preferred Stock Dividend": 0.0,
        "Preferred Stock Dividends": NaN,
        "Net Income": -5769000.0,
        "Minority Interests": -540000.0,
        "Net Income Including Noncontrolling Interests": -5229000.0,
        "Net Income Discontinuous Operations": -607000.0,
        "Net Income Continuous Operations": -4622000.0,
        "Pretax Income": -4622000.0,
        "Other Income Expense": 642000.0,
        "Other Non Operating Income Expenses": 642000.0,
        "Special Income Charges": NaN,
        "Impairment Of Capital Assets": NaN,
        "Net Non Operating Interest Income Expense": -239000.0,
        "Interest Expense Non Operating": 239000.0,
        "Operating Income": -5025000.0,
        "Operating Expense": 5509000.0,
        "Depreciation Amortization Depletion Income Statement": 150000.0,
        "Depreciation And Amortization In Income Statement": 150000.0,
        "Research And Development": 119000.0,
        "Selling General And Administration": 5240000.0,
        "Selling And Marketing Expense": 7000.0,
        "General And Administrative Expense": 5233000.0,
        "Other Gand A": 2635000.0,
        "Salaries And Wages": 2598000.0,
        "Gross Profit": 484000.0,
        "Cost Of Revenue": 4095000.0,
        "Total Revenue": 4579000.0,
        "Operating Revenue": 4579000.0
    },
    "2022-11-30": {
        "Tax Effect Of Unusual Items": 0.0,
        "Tax Rate For Calcs": 0.0,
        "Normalized EBITDA": -5074000.0,
        "Total Unusual Items": NaN,
        "Total Unusual Items Excluding Goodwill": NaN,
        "Net Income From Continuing Operation Net Minority Interest": -5223000.0,
        "Reconciled Depreciation": 149000.0,
        "Reconciled Cost Of Revenue": 4845000.0,
        "EBIT": -5223000.0,
        "Net Interest Income": 0.0,
        "Interest Expense": 0.0,
        "Normalized Income": -5223000.0,
        "Net Income From Continuing And Discontinued Operation": -5423000.0,
        "Total Expenses": 10489000.0,
        "Total Operating Income As Reported": -5223000.0,
        "Diluted Average Shares": 9533982.0,
        "Basic Average Shares": 9533982.0,
        "Diluted EPS": -13.9,
        "Basic EPS": -13.9,
        "Diluted NI Availto Com Stockholders": -132568000.0,
        "Net Income Common Stockholders": -132568000.0,
        "Otherunder Preferred Stock Dividend": NaN,
        "Preferred Stock Dividends": 127145000.0,
        "Net Income": -5423000.0,
        "Minority Interests": NaN,
        "Net Income Including Noncontrolling Interests": -5423000.0,
        "Net Income Discontinuous Operations": -200000.0,
        "Net Income Continuous Operations": -5223000.0,
        "Pretax Income": -5223000.0,
        "Other Income Expense": NaN,
        "Other Non Operating Income Expenses": NaN,
        "Special Income Charges": NaN,
        "Impairment Of Capital Assets": NaN,
        "Net Non Operating Interest Income Expense": 0.0,
        "Interest Expense Non Operating": 0.0,
        "Operating Income": -5223000.0,
        "Operating Expense": 5644000.0,
        "Depreciation Amortization Depletion Income Statement": 149000.0,
        "Depreciation And Amortization In Income Statement": 149000.0,
        "Research And Development": 60000.0,
        "Selling General And Administration": 5435000.0,
        "Selling And Marketing Expense": 10000.0,
        "General And Administrative Expense": 5425000.0,
        "Other Gand A": 3166000.0,
        "Salaries And Wages": 2259000.0,
        "Gross Profit": 421000.0,
        "Cost Of Revenue": 4845000.0,
        "Total Revenue": 5266000.0,
        "Operating Revenue": 5266000.0
    },
    "2022-08-31": {
        "Tax Effect Of Unusual Items": 0.0,
        "Tax Rate For Calcs": 0.0,
        "Normalized EBITDA": -8716000.0,
        "Total Unusual Items": -3851000.0,
        "Total Unusual Items Excluding Goodwill": -3851000.0,
        "Net Income From Continuing Operation Net Minority Interest": -12651000.0,
        "Reconciled Depreciation": 123000.0,
        "Reconciled Cost Of Revenue": 6445000.0,
        "EBIT": -12690000.0,
        "Net Interest Income": 1000.0,
        "Interest Expense": -1000.0,
        "Normalized Income": -8800000.0,
        "Net Income From Continuing And Discontinued Operation": -12958000.0,
        "Total Expenses": 16093000.0,
        "Total Operating Income As Reported": -12963000.0,
        "Diluted Average Shares": 475317.0,
        "Basic Average Shares": 475317.0,
        "Diluted EPS": -47.28,
        "Basic EPS": -47.28,
        "Diluted NI Availto Com Stockholders": -20930000.0,
        "Net Income Common Stockholders": -20930000.0,
        "Otherunder Preferred Stock Dividend": 7972000.0,
        "Preferred Stock Dividends": NaN,
        "Net Income": -12958000.0,
        "Minority Interests": NaN,
        "Net Income Including Noncontrolling Interests": -12958000.0,
        "Net Income Discontinuous Operations": -307000.0,
        "Net Income Continuous Operations": -12651000.0,
        "Pretax Income": -12689000.0,
        "Other Income Expense": -3578000.0,
        "Other Non Operating Income Expenses": 273000.0,
        "Special Income Charges": -3851000.0,
        "Impairment Of Capital Assets": 3851000.0,
        "Net Non Operating Interest Income Expense": 1000.0,
        "Interest Expense Non Operating": -1000.0,
        "Operating Income": -9112000.0,
        "Operating Expense": 9648000.0,
        "Depreciation Amortization Depletion Income Statement": 123000.0,
        "Depreciation And Amortization In Income Statement": 123000.0,
        "Research And Development": 8000.0,
        "Selling General And Administration": 9517000.0,
        "Selling And Marketing Expense": 16000.0,
        "General And Administrative Expense": 9501000.0,
        "Other Gand A": 7791000.0,
        "Salaries And Wages": 1710000.0,
        "Gross Profit": 536000.0,
        "Cost Of Revenue": 6445000.0,
        "Total Revenue": 6981000.0,
        "Operating Revenue": 6981000.0
    },
    "2022-05-31": {
        "Tax Effect Of Unusual Items": 0.0,
        "Tax Rate For Calcs": 0.0,
        "Normalized EBITDA": -8557000.0,
        "Total Unusual Items": -4004000.0,
        "Total Unusual Items Excluding Goodwill": -4004000.0,
        "Net Income From Continuing Operation Net Minority Interest": -12695000.0,
        "Reconciled Depreciation": 133000.0,
        "Reconciled Cost Of Revenue": 9039000.0,
        "EBIT": -12694000.0,
        "Net Interest Income": -1000.0,
        "Interest Expense": 1000.0,
        "Normalized Income": -8691000.0,
        "Net Income From Continuing And Discontinued Operation": -12827000.0,
        "Total Expenses": 18360000.0,
        "Total Operating Income As Reported": -12721000.0,
        "Diluted Average Shares": 383726.0,
        "Basic Average Shares": 383726.0,
        "Diluted EPS": -33.42,
        "Basic EPS": -33.42,
        "Diluted NI Availto Com Stockholders": -12827000.0,
        "Net Income Common Stockholders": -12827000.0,
        "Otherunder Preferred Stock Dividend": 0.0,
        "Preferred Stock Dividends": NaN,
        "Net Income": -12827000.0,
        "Minority Interests": NaN,
        "Net Income Including Noncontrolling Interests": -12827000.0,
        "Net Income Discontinuous Operations": -132000.0,
        "Net Income Continuous Operations": -12695000.0,
        "Pretax Income": -12695000.0,
        "Other Income Expense": -3977000.0,
        "Other Non Operating Income Expenses": 27000.0,
        "Special Income Charges": -4004000.0,
        "Impairment Of Capital Assets": 4004000.0,
        "Net Non Operating Interest Income Expense": -1000.0,
        "Interest Expense Non Operating": 1000.0,
        "Operating Income": -8717000.0,
        "Operating Expense": 9321000.0,
        "Depreciation Amortization Depletion Income Statement": 133000.0,
        "Depreciation And Amortization In Income Statement": 133000.0,
        "Research And Development": 287000.0,
        "Selling General And Administration": 8901000.0,
        "Selling And Marketing Expense": 17000.0,
        "General And Administrative Expense": 8884000.0,
        "Other Gand A": 5310000.0,
        "Salaries And Wages": 3574000.0,
        "Gross Profit": 604000.0,
        "Cost Of Revenue": 9039000.0,
        "Total Revenue": 9643000.0,
        "Operating Revenue": 9643000.0
    },
    "2022-02-28": {
        "Diluted EPS": -55.19,
        "Total Revenue": 10,
        "Gross Profit": 0,
        "Operating Income": -9,
        "EBIT": -9,
        "Net Income": -17
    },
    "2021-11-30": {
        "Diluted EPS": -24.0,
        "Total Revenue": 9,
        "Gross Profit": 1,
        "Operating Income": -9,
        "EBIT": -8,
        "Net Income": -9
    },
    "2021-08-31": {
        "Diluted EPS": -25.67,
        "Total Revenue": 9,
        "Gross Profit": 0,
        "Operating Income": -8,
        "EBIT": -8,
        "Net Income": -9
    },
    "2021-05-31": {
        "Diluted EPS": -22.0,
        "Total Revenue": 9,
        "Gross Profit": 0,
        "Operating Income": -8,
        "EBIT": -7,
        "Net Income": -8
    },
    "2021-02-28": {
        "Diluted EPS": -19.0,
        "Total Revenue": 2,
        "Gross Profit": 0,
        "Operating Income": -6,
        "EBIT": -6,
        "Net Income": -6
    },
    "2020-11-30": {
        "Diluted EPS": -22.0,
        "Total Revenue": 3,
        "Gross Profit": 1,
        "Operating Income": -6,
        "EBIT": -6,
        "Net Income": -7
    },
    "2020-08-31": {
        "Diluted EPS": 76.0,
        "Total Revenue": 2,
        "Gross Profit": 1,
        "Operating Income": -9,
        "EBIT": -9,
        "Net Income": -10
    },
    "2020-05-31": {
        "Diluted EPS": -278.0,
        "Total Revenue": 2,
        "Gross Profit": 0,
        "Operating Income": -4,
        "EBIT": 0,
        "Net Income": -73
    },
    "2020-02-29": {
        "Diluted EPS": 57.0,
        "Total Revenue": 2,
        "Gross Profit": 0,
        "Operating Income": -4,
        "EBIT": -3,
        "Net Income": 10
    },
    "2019-11-30": {
        "Diluted EPS": -268.0,
        "Total Revenue": 2,
        "Gross Profit": 0,
        "Operating Income": -4,
        "EBIT": -3,
        "Net Income": -2
    },
    "2019-08-31": {
        "Diluted EPS": -985.0,
        "Total Revenue": -3,
        "Gross Profit": -2,
        "Operating Income": -6,
        "EBIT": -5,
        "Net Income": -9
    },
    "2019-05-31": {
        "Diluted EPS": -641.0,
        "Total Revenue": 2,
        "Gross Profit": 0,
        "Operating Income": -4,
        "EBIT": -2,
        "Net Income": -5
    },
    "2019-02-28": {
        "Diluted EPS": -274.0,
        "Total Revenue": 1,
        "Gross Profit": 0,
        "Operating Income": -4,
        "EBIT": -3,
        "Net Income": -2
    },
    "2018-11-30": {
        "Diluted EPS": -311.0,
        "Total Revenue": 11,
        "Gross Profit": 3,
        "Operating Income": -1,
        "EBIT": 0,
        "Net Income": -2
    },
    "2018-08-31": {
        "Diluted EPS": NaN,
        "Total Revenue": 11,
        "Gross Profit": 2,
        "Operating Income": -4,
        "EBIT": -3,
        "Net Income": -9
    },
    "2018-05-31": {
        "Diluted EPS": -240.0,
        "Total Revenue": 9,
        "Gross Profit": 2,
        "Operating Income": -2,
        "EBIT": -2,
        "Net Income": -2
    },
    "2018-02-28": {
        "Diluted EPS": -360.0,
        "Total Revenue": 8,
        "Gross Profit": 1,
        "Operating Income": -3,
        "EBIT": -3,
        "Net Income": -3
    },
    "2017-11-30": {
        "Diluted EPS": -480.0,
        "Total Revenue": 7,
        "Gross Profit": 1,
        "Operating Income": -3,
        "EBIT": -3,
        "Net Income": -3
    },
    "2017-08-31": {
        "Diluted EPS": -560.0,
        "Total Revenue": 5,
        "Gross Profit": 0,
        "Operating Income": -4,
        "EBIT": -4,
        "Net Income": -4
    },
    "2017-05-31": {
        "Diluted EPS": -440.0,
        "Total Revenue": 5,
        "Gross Profit": 1,
        "Operating Income": -3,
        "EBIT": -3,
        "Net Income": -3
    },
    "2017-02-28": {
        "Diluted EPS": -160.0,
        "Total Revenue": 5,
        "Gross Profit": 1,
        "Operating Income": -1,
        "EBIT": -1,
        "Net Income": -1
    },
    "2016-11-30": {
        "Diluted EPS": 40.0,
        "Total Revenue": 6,
        "Gross Profit": 2,
        "Operating Income": 0,
        "EBIT": 0,
        "Net Income": 0
    },
    "2016-08-31": {
        "Diluted EPS": 0.0,
        "Total Revenue": NaN,
        "Gross Profit": NaN,
        "Operating Income": NaN,
        "EBIT": NaN,
        "Net Income": NaN
    },
    "2016-05-31": {
        "Diluted EPS": 0.0,
        "Total Revenue": 2,
        "Gross Profit": 1,
        "Operating Income": 0,
        "EBIT": 0,
        "Net Income": 0
    }
}