{
    "2023-03-31": {
        "Tax Effect Of Unusual Items": NaN,
        "Tax Rate For Calcs": NaN,
        "Normalized EBITDA": NaN,
        "Total Unusual Items": NaN,
        "Total Unusual Items Excluding Goodwill": NaN,
        "Net Income From Continuing Operation Net Minority Interest": NaN,
        "Reconciled Depreciation": NaN,
        "Reconciled Cost Of Revenue": NaN,
        "EBITDA": NaN,
        "EBIT": NaN,
        "Net Interest Income": NaN,
        "Interest Expense": NaN,
        "Interest Income": NaN,
        "Normalized Income": NaN,
        "Net Income From Continuing And Discontinued Operation": NaN,
        "Total Expenses": NaN,
        "Rent Expense Supplemental": NaN,
        "Total Operating Income As Reported": NaN,
        "Diluted Average Shares": NaN,
        "Basic Average Shares": NaN,
        "Diluted EPS": NaN,
        "Basic EPS": NaN,
        "Diluted NI Availto Com Stockholders": NaN,
        "Average Dilution Earnings": 0.0,
        "Net Income Common Stockholders": NaN,
        "Otherunder Preferred Stock Dividend": 0.0,
        "Net Income": NaN,
        "Minority Interests": NaN,
        "Net Income Including Noncontrolling Interests": NaN,
        "Net Income Continuous Operations": NaN,
        "Tax Provision": NaN,
        "Pretax Income": NaN,
        "Other Income Expense": NaN,
        "Other Non Operating Income Expenses": NaN,
        "Special Income Charges": NaN,
        "Gain On Sale Of Ppe": NaN,
        "Gain On Sale Of Business": NaN,
        "Other Special Charges": 28807000000.0,
        "Write Off": NaN,
        "Impairment Of Capital Assets": NaN,
        "Restructuring And Mergern Acquisition": NaN,
        "Earnings From Equity Interest": NaN,
        "Gain On Sale Of Security": NaN,
        "Net Non Operating Interest Income Expense": NaN,
        "Total Other Finance Cost": NaN,
        "Interest Expense Non Operating": NaN,
        "Interest Income Non Operating": NaN,
        "Operating Income": NaN,
        "Operating Expense": NaN,
        "Other Operating Expenses": NaN,
        "Other Taxes": NaN,
        "Provision For Doubtful Accounts": NaN,
        "Depreciation Amortization Depletion Income Statement": NaN,
        "Depreciation And Amortization In Income Statement": NaN,
        "Amortization": NaN,
        "Amortization Of Intangibles Income Statement": NaN,
        "Depreciation Income Statement": NaN,
        "Research And Development": NaN,
        "Selling General And Administration": NaN,
        "Selling And Marketing Expense": NaN,
        "General And Administrative Expense": NaN,
        "Other Gand A": NaN,
        "Insurance And Claims": NaN,
        "Rent And Landing Fees": NaN,
        "Salaries And Wages": NaN,
        "Gross Profit": NaN,
        "Cost Of Revenue": NaN,
        "Total Revenue": NaN,
        "Operating Revenue": NaN
    },
    "2022-12-31": {
        "Tax Effect Of Unusual Items": NaN,
        "Tax Rate For Calcs": NaN,
        "Normalized EBITDA": NaN,
        "Total Unusual Items": NaN,
        "Total Unusual Items Excluding Goodwill": NaN,
        "Net Income From Continuing Operation Net Minority Interest": NaN,
        "Reconciled Depreciation": NaN,
        "Reconciled Cost Of Revenue": NaN,
        "EBITDA": NaN,
        "EBIT": NaN,
        "Net Interest Income": NaN,
        "Interest Expense": NaN,
        "Interest Income": NaN,
        "Normalized Income": NaN,
        "Net Income From Continuing And Discontinued Operation": NaN,
        "Total Expenses": NaN,
        "Rent Expense Supplemental": NaN,
        "Total Operating Income As Reported": NaN,
        "Diluted Average Shares": NaN,
        "Basic Average Shares": NaN,
        "Diluted EPS": NaN,
        "Basic EPS": NaN,
        "Diluted NI Availto Com Stockholders": NaN,
        "Average Dilution Earnings": 100671639482.0,
        "Net Income Common Stockholders": NaN,
        "Otherunder Preferred Stock Dividend": 0.0,
        "Net Income": NaN,
        "Minority Interests": NaN,
        "Net Income Including Noncontrolling Interests": NaN,
        "Net Income Continuous Operations": NaN,
        "Tax Provision": NaN,
        "Pretax Income": NaN,
        "Other Income Expense": NaN,
        "Other Non Operating Income Expenses": NaN,
        "Special Income Charges": NaN,
        "Gain On Sale Of Ppe": NaN,
        "Gain On Sale Of Business": NaN,
        "Other Special Charges": -198065000000.0,
        "Write Off": NaN,
        "Impairment Of Capital Assets": NaN,
        "Restructuring And Mergern Acquisition": NaN,
        "Earnings From Equity Interest": NaN,
        "Gain On Sale Of Security": NaN,
        "Net Non Operating Interest Income Expense": NaN,
        "Total Other Finance Cost": NaN,
        "Interest Expense Non Operating": NaN,
        "Interest Income Non Operating": NaN,
        "Operating Income": NaN,
        "Operating Expense": NaN,
        "Other Operating Expenses": NaN,
        "Other Taxes": NaN,
        "Provision For Doubtful Accounts": NaN,
        "Depreciation Amortization Depletion Income Statement": NaN,
        "Depreciation And Amortization In Income Statement": NaN,
        "Amortization": NaN,
        "Amortization Of Intangibles Income Statement": NaN,
        "Depreciation Income Statement": NaN,
        "Research And Development": NaN,
        "Selling General And Administration": NaN,
        "Selling And Marketing Expense": NaN,
        "General And Administrative Expense": NaN,
        "Other Gand A": NaN,
        "Insurance And Claims": NaN,
        "Rent And Landing Fees": NaN,
        "Salaries And Wages": NaN,
        "Gross Profit": NaN,
        "Cost Of Revenue": NaN,
        "Total Revenue": NaN,
        "Operating Revenue": NaN
    },
    "2022-09-30": {
        "Tax Effect Of Unusual Items": NaN,
        "Tax Rate For Calcs": NaN,
        "Normalized EBITDA": NaN,
        "Total Unusual Items": NaN,
        "Total Unusual Items Excluding Goodwill": NaN,
        "Net Income From Continuing Operation Net Minority Interest": NaN,
        "Reconciled Depreciation": NaN,
        "Reconciled Cost Of Revenue": NaN,
        "EBITDA": NaN,
        "EBIT": NaN,
        "Net Interest Income": NaN,
        "Interest Expense": NaN,
        "Interest Income": NaN,
        "Normalized Income": NaN,
        "Net Income From Continuing And Discontinued Operation": NaN,
        "Total Expenses": NaN,
        "Rent Expense Supplemental": NaN,
        "Total Operating Income As Reported": NaN,
        "Diluted Average Shares": 303396708.0,
        "Basic Average Shares": 303396708.0,
        "Diluted EPS": 1680.75,
        "Basic EPS": 1680.75,
        "Diluted NI Availto Com Stockholders": NaN,
        "Average Dilution Earnings": 0.0,
        "Net Income Common Stockholders": NaN,
        "Otherunder Preferred Stock Dividend": NaN,
        "Net Income": NaN,
        "Minority Interests": NaN,
        "Net Income Including Noncontrolling Interests": NaN,
        "Net Income Continuous Operations": NaN,
        "Tax Provision": NaN,
        "Pretax Income": NaN,
        "Other Income Expense": NaN,
        "Other Non Operating Income Expenses": NaN,
        "Special Income Charges": NaN,
        "Gain On Sale Of Ppe": NaN,
        "Gain On Sale Of Business": NaN,
        "Other Special Charges": 29089000000.0,
        "Write Off": NaN,
        "Impairment Of Capital Assets": 132024000000.0,
        "Restructuring And Mergern Acquisition": 0.0,
        "Earnings From Equity Interest": NaN,
        "Gain On Sale Of Security": NaN,
        "Net Non Operating Interest Income Expense": NaN,
        "Total Other Finance Cost": NaN,
        "Interest Expense Non Operating": NaN,
        "Interest Income Non Operating": NaN,
        "Operating Income": NaN,
        "Operating Expense": NaN,
        "Other Operating Expenses": NaN,
        "Other Taxes": NaN,
        "Provision For Doubtful Accounts": -4882000000.0,
        "Depreciation Amortization Depletion Income Statement": NaN,
        "Depreciation And Amortization In Income Statement": NaN,
        "Amortization": NaN,
        "Amortization Of Intangibles Income Statement": NaN,
        "Depreciation Income Statement": NaN,
        "Research And Development": NaN,
        "Selling General And Administration": NaN,
        "Selling And Marketing Expense": NaN,
        "General And Administrative Expense": NaN,
        "Other Gand A": NaN,
        "Insurance And Claims": 9727000000.0,
        "Rent And Landing Fees": NaN,
        "Salaries And Wages": NaN,
        "Gross Profit": NaN,
        "Cost Of Revenue": NaN,
        "Total Revenue": NaN,
        "Operating Revenue": NaN
    },
    "2022-06-30": {
        "Tax Effect Of Unusual Items": 9988288170.353886,
        "Tax Rate For Calcs": 0.23041,
        "Normalized EBITDA": 3332440000000.0,
        "Total Unusual Items": 43350000000.0,
        "Total Unusual Items Excluding Goodwill": 43350000000.0,
        "Net Income From Continuing Operation Net Minority Interest": 1588430000000.0,
        "Reconciled Depreciation": 908866000000.0,
        "Reconciled Cost Of Revenue": 19425581000000.0,
        "EBITDA": 3375790000000.0,
        "EBIT": 2466924000000.0,
        "Net Interest Income": -44395000000.0,
        "Interest Expense": 129390000000.0,
        "Interest Income": 117737000000.0,
        "Normalized Income": 1555068288170.354,
        "Net Income From Continuing And Discontinued Operation": 1588430000000.0,
        "Total Expenses": 20916583000000.0,
        "Rent Expense Supplemental": 9766000000.0,
        "Total Operating Income As Reported": 2098234000000.0,
        "Diluted Average Shares": 315697096.0,
        "Basic Average Shares": 303396708.0,
        "Diluted EPS": 4830.25,
        "Basic EPS": 5235.5,
        "Diluted NI Availto Com Stockholders": 1524868302499.0,
        "Average Dilution Earnings": -63561697501.0,
        "Net Income Common Stockholders": 1588430000000.0,
        "Otherunder Preferred Stock Dividend": 0.0,
        "Net Income": 1588430000000.0,
        "Minority Interests": -210512000000.0,
        "Net Income Including Noncontrolling Interests": 1798942000000.0,
        "Net Income Continuous Operations": 1798942000000.0,
        "Tax Provision": 538592000000.0,
        "Pretax Income": 2337534000000.0,
        "Other Income Expense": 288457000000.0,
        "Other Non Operating Income Expenses": 51374000000.0,
        "Special Income Charges": 19813000000.0,
        "Gain On Sale Of Ppe": 11263000000.0,
        "Gain On Sale Of Business": 6707000000.0,
        "Other Special Charges": 229000000.0,
        "Write Off": -2268000000.0,
        "Impairment Of Capital Assets": 196000000.0,
        "Restructuring And Mergern Acquisition": NaN,
        "Earnings From Equity Interest": 193733000000.0,
        "Gain On Sale Of Security": 23537000000.0,
        "Net Non Operating Interest Income Expense": -44395000000.0,
        "Total Other Finance Cost": 32742000000.0,
        "Interest Expense Non Operating": 129390000000.0,
        "Interest Income Non Operating": 117737000000.0,
        "Operating Income": 2093471000000.0,
        "Operating Expense": 639669000000.0,
        "Other Operating Expenses": 10610000000.0,
        "Other Taxes": 31136000000.0,
        "Provision For Doubtful Accounts": NaN,
        "Depreciation Amortization Depletion Income Statement": 57533000000.0,
        "Depreciation And Amortization In Income Statement": 57533000000.0,
        "Amortization": 22742000000.0,
        "Amortization Of Intangibles Income Statement": 22742000000.0,
        "Depreciation Income Statement": 34791000000.0,
        "Research And Development": 37594000000.0,
        "Selling General And Administration": 502796000000.0,
        "Selling And Marketing Expense": 72566000000.0,
        "General And Administrative Expense": 430230000000.0,
        "Other Gand A": 106582000000.0,
        "Insurance And Claims": 9759000000.0,
        "Rent And Landing Fees": 9766000000.0,
        "Salaries And Wages": 304123000000.0,
        "Gross Profit": 2733140000000.0,
        "Cost Of Revenue": 20276914000000.0,
        "Total Revenue": 23010054000000.0,
        "Operating Revenue": 22705498000000.0
    },
    "2022-03-31": {
        "Diluted EPS": 4.35,
        "Total Revenue": NaN,
        "Gross Profit": NaN,
        "Operating Income": NaN,
        "EBIT": NaN,
        "Net Income": NaN
    },
    "2021-12-31": {
        "Diluted EPS": 4.09,
        "Total Revenue": NaN,
        "Gross Profit": NaN,
        "Operating Income": NaN,
        "EBIT": NaN,
        "Net Income": NaN
    },
    "2021-09-30": {
        "Diluted EPS": 7.1,
        "Total Revenue": NaN,
        "Gross Profit": NaN,
        "Operating Income": NaN,
        "EBIT": NaN,
        "Net Income": NaN
    },
    "2021-06-30": {
        "Diluted EPS": 4.95,
        "Total Revenue": NaN,
        "Gross Profit": NaN,
        "Operating Income": NaN,
        "EBIT": NaN,
        "Net Income": NaN
    },
    "2021-03-31": {
        "Diluted EPS": 3.04,
        "Total Revenue": NaN,
        "Gross Profit": NaN,
        "Operating Income": NaN,
        "EBIT": NaN,
        "Net Income": 922
    },
    "2020-12-31": {
        "Diluted EPS": 1.72,
        "Total Revenue": NaN,
        "Gross Profit": NaN,
        "Operating Income": 454,
        "EBIT": NaN,
        "Net Income": 544
    },
    "2020-09-30": {
        "Diluted EPS": 1.18,
        "Total Revenue": NaN,
        "Gross Profit": 966,
        "Operating Income": 533,
        "EBIT": NaN,
        "Net Income": 372
    },
    "2020-06-30": {
        "Diluted EPS": 0.1,
        "Total Revenue": NaN,
        "Gross Profit": 587,
        "Operating Income": 134,
        "EBIT": 855,
        "Net Income": 32
    },
    "2020-03-31": {
        "Diluted EPS": 0.99,
        "Total Revenue": NaN,
        "Gross Profit": NaN,
        "Operating Income": 564,
        "EBIT": NaN,
        "Net Income": 316
    },
    "2019-12-31": {
        "Diluted EPS": -0.23,
        "Total Revenue": NaN,
        "Gross Profit": 684,
        "Operating Income": -222,
        "EBIT": 478,
        "Net Income": -75
    },
    "2019-09-30": {
        "Diluted EPS": 1.08,
        "Total Revenue": NaN,
        "Gross Profit": NaN,
        "Operating Income": 827,
        "EBIT": NaN,
        "Net Income": 345
    },
    "2019-06-30": {
        "Diluted EPS": 1.72,
        "Total Revenue": NaN,
        "Gross Profit": NaN,
        "Operating Income": 943,
        "EBIT": NaN,
        "Net Income": 551
    },
    "2019-03-31": {
        "Diluted EPS": 2.08,
        "Total Revenue": NaN,
        "Gross Profit": NaN,
        "Operating Income": NaN,
        "EBIT": NaN,
        "Net Income": 666
    },
    "2018-12-31": {
        "Diluted EPS": -2.35,
        "Total Revenue": NaN,
        "Gross Profit": NaN,
        "Operating Income": -40,
        "EBIT": 736,
        "Net Income": -761
    },
    "2018-09-30": {
        "Diluted EPS": 2.86,
        "Total Revenue": NaN,
        "Gross Profit": NaN,
        "Operating Income": NaN,
        "EBIT": NaN,
        "Net Income": 918
    },
    "2018-06-30": {
        "Diluted EPS": 1.51,
        "Total Revenue": NaN,
        "Gross Profit": NaN,
        "Operating Income": NaN,
        "EBIT": NaN,
        "Net Income": 491
    },
    "2018-03-31": {
        "Diluted EPS": 2.79,
        "Total Revenue": NaN,
        "Gross Profit": NaN,
        "Operating Income": NaN,
        "EBIT": NaN,
        "Net Income": 894
    },
    "2017-12-31": {
        "Diluted EPS": 1.42,
        "Total Revenue": NaN,
        "Gross Profit": NaN,
        "Operating Income": 654,
        "EBIT": NaN,
        "Net Income": 478
    },
    "2017-09-30": {
        "Diluted EPS": 2.45,
        "Total Revenue": NaN,
        "Gross Profit": NaN,
        "Operating Income": NaN,
        "EBIT": NaN,
        "Net Income": 782
    },
    "2017-06-30": {
        "Diluted EPS": 1.44,
        "Total Revenue": NaN,
        "Gross Profit": NaN,
        "Operating Income": 881,
        "EBIT": NaN,
        "Net Income": 462
    },
    "2017-03-31": {
        "Diluted EPS": 2.36,
        "Total Revenue": NaN,
        "Gross Profit": NaN,
        "Operating Income": NaN,
        "EBIT": NaN,
        "Net Income": 758
    },
    "2016-12-31": {
        "Diluted EPS": 0.44,
        "Total Revenue": NaN,
        "Gross Profit": NaN,
        "Operating Income": 149,
        "EBIT": NaN,
        "Net Income": 133
    },
    "2016-09-30": {
        "Diluted EPS": 1.61,
        "Total Revenue": NaN,
        "Gross Profit": NaN,
        "Operating Income": 767,
        "EBIT": 766,
        "Net Income": 514
    },
    "2016-06-30": {
        "Diluted EPS": 0.8,
        "Total Revenue": NaN,
        "Gross Profit": NaN,
        "Operating Income": 611,
        "EBIT": NaN,
        "Net Income": 255
    },
    "2016-03-31": {
        "Diluted EPS": 0.88,
        "Total Revenue": NaN,
        "Gross Profit": NaN,
        "Operating Income": 528,
        "EBIT": NaN,
        "Net Income": 288
    },
    "2015-12-31": {
        "Diluted EPS": -2.02,
        "Total Revenue": NaN,
        "Gross Profit": NaN,
        "Operating Income": 319,
        "EBIT": NaN,
        "Net Income": -662
    },
    "2015-09-30": {
        "Diluted EPS": 0.95,
        "Total Revenue": NaN,
        "Gross Profit": NaN,
        "Operating Income": 574,
        "EBIT": 581,
        "Net Income": 312
    },
    "2015-06-30": {
        "Diluted EPS": 0.53,
        "Total Revenue": NaN,
        "Gross Profit": NaN,
        "Operating Income": 618,
        "EBIT": NaN,
        "Net Income": 178
    },
    "2015-03-31": {
        "Diluted EPS": 0.95,
        "Total Revenue": NaN,
        "Gross Profit": NaN,
        "Operating Income": 658,
        "EBIT": NaN,
        "Net Income": 305
    },
    "2014-12-31": {
        "Diluted EPS": -0.63,
        "Total Revenue": NaN,
        "Gross Profit": 898,
        "Operating Income": NaN,
        "EBIT": 37,
        "Net Income": -193
    },
    "2014-09-30": {
        "Diluted EPS": 0.72,
        "Total Revenue": NaN,
        "Gross Profit": NaN,
        "Operating Income": 879,
        "EBIT": NaN,
        "Net Income": 238
    },
    "2014-06-30": {
        "Diluted EPS": 1.69,
        "Total Revenue": NaN,
        "Gross Profit": NaN,
        "Operating Income": NaN,
        "EBIT": NaN,
        "Net Income": 547
    },
    "2014-03-31": {
        "Diluted EPS": 0.19,
        "Total Revenue": NaN,
        "Gross Profit": NaN,
        "Operating Income": NaN,
        "EBIT": NaN,
        "Net Income": 68
    },
    "2013-12-31": {
        "Diluted EPS": 0.78,
        "Total Revenue": NaN,
        "Gross Profit": NaN,
        "Operating Income": 239,
        "EBIT": NaN,
        "Net Income": 258
    },
    "2013-09-30": {
        "Diluted EPS": 1.62,
        "Total Revenue": NaN,
        "Gross Profit": NaN,
        "Operating Income": 570,
        "EBIT": NaN,
        "Net Income": 510
    },
    "2013-06-30": {
        "Diluted EPS": 0.73,
        "Total Revenue": NaN,
        "Gross Profit": NaN,
        "Operating Income": 812,
        "EBIT": NaN,
        "Net Income": 226
    },
    "2013-03-31": {
        "Diluted EPS": 0.84,
        "Total Revenue": NaN,
        "Gross Profit": NaN,
        "Operating Income": 667,
        "EBIT": NaN,
        "Net Income": 272
    },
    "2012-12-31": {
        "Diluted EPS": 1.71,
        "Total Revenue": NaN,
        "Gross Profit": NaN,
        "Operating Income": 265,
        "EBIT": 883,
        "Net Income": 527
    },
    "2012-09-30": {
        "Diluted EPS": 2.11,
        "Total Revenue": NaN,
        "Gross Profit": NaN,
        "Operating Income": 945,
        "EBIT": NaN,
        "Net Income": 644
    },
    "2012-06-30": {
        "Diluted EPS": 1.43,
        "Total Revenue": NaN,
        "Gross Profit": NaN,
        "Operating Income": NaN,
        "EBIT": NaN,
        "Net Income": 443
    },
    "2012-03-31": {
        "Diluted EPS": 1.81,
        "Total Revenue": NaN,
        "Gross Profit": NaN,
        "Operating Income": 599,
        "EBIT": NaN,
        "Net Income": 560
    },
    "2011-12-31": {
        "Diluted EPS": 2.97,
        "Total Revenue": NaN,
        "Gross Profit": NaN,
        "Operating Income": 578,
        "EBIT": NaN,
        "Net Income": 977
    },
    "2011-09-30": {
        "Diluted EPS": 0.66,
        "Total Revenue": NaN,
        "Gross Profit": NaN,
        "Operating Income": NaN,
        "EBIT": NaN,
        "Net Income": 204
    },
    "2011-06-30": {
        "Diluted EPS": 3.94,
        "Total Revenue": NaN,
        "Gross Profit": NaN,
        "Operating Income": NaN,
        "EBIT": NaN,
        "Net Income": NaN
    },
    "2011-03-31": {
        "Diluted EPS": 3.14,
        "Total Revenue": NaN,
        "Gross Profit": NaN,
        "Operating Income": NaN,
        "EBIT": NaN,
        "Net Income": 971
    },
    "2010-12-31": {
        "Diluted EPS": 1.47,
        "Total Revenue": NaN,
        "Gross Profit": NaN,
        "Operating Income": NaN,
        "EBIT": NaN,
        "Net Income": 453
    },
    "2010-09-30": {
        "Diluted EPS": 2.7,
        "Total Revenue": NaN,
        "Gross Profit": NaN,
        "Operating Income": NaN,
        "EBIT": NaN,
        "Net Income": 833
    },
    "2010-06-30": {
        "Diluted EPS": 3.22,
        "Total Revenue": NaN,
        "Gross Profit": NaN,
        "Operating Income": NaN,
        "EBIT": NaN,
        "Net Income": 993
    },
    "2010-03-31": {
        "Diluted EPS": 4.41,
        "Total Revenue": NaN,
        "Gross Profit": NaN,
        "Operating Income": NaN,
        "EBIT": NaN,
        "Net Income": NaN
    },
    "2009-12-31": {
        "Diluted EPS": 3.72,
        "Total Revenue": NaN,
        "Gross Profit": NaN,
        "Operating Income": 409,
        "EBIT": NaN,
        "Net Income": 968
    },
    "2009-09-30": {
        "Diluted EPS": 3.13,
        "Total Revenue": NaN,
        "Gross Profit": NaN,
        "Operating Income": NaN,
        "EBIT": NaN,
        "Net Income": 959
    },
    "2009-06-30": {
        "Diluted EPS": 1.1,
        "Total Revenue": NaN,
        "Gross Profit": 352,
        "Operating Income": 130,
        "EBIT": 561,
        "Net Income": 336
    },
    "2009-03-31": {
        "Diluted EPS": 0.76,
        "Total Revenue": NaN,
        "Gross Profit": 530,
        "Operating Income": 330,
        "EBIT": 669,
        "Net Income": 234
    },
    "2023-06-30": {
        "Tax Effect Of Unusual Items": NaN,
        "Tax Rate For Calcs": NaN,
        "Normalized EBITDA": NaN,
        "Total Unusual Items": -157117000000.0,
        "Total Unusual Items Excluding Goodwill": -157117000000.0,
        "Net Income From Continuing Operation Net Minority Interest": NaN,
        "Reconciled Depreciation": 935429000000.0,
        "Reconciled Cost Of Revenue": 17212614000000.0,
        "EBITDA": NaN,
        "EBIT": NaN,
        "Net Interest Income": -184593000000.0,
        "Interest Expense": 256385000000.0,
        "Interest Income": 121745000000.0,
        "Normalized Income": NaN,
        "Net Income From Continuing And Discontinued Operation": NaN,
        "Total Expenses": 18791290000000.0,
        "Rent Expense Supplemental": 15296000000.0,
        "Total Operating Income As Reported": NaN,
        "Diluted Average Shares": 303504828.0,
        "Basic Average Shares": 303504828.0,
        "Diluted EPS": 2272.5,
        "Basic EPS": 2272.5,
        "Diluted NI Availto Com Stockholders": NaN,
        "Net Income Common Stockholders": NaN,
        "Otherunder Preferred Stock Dividend": 0.0,
        "Net Income": NaN,
        "Minority Interests": -86232000000.0,
        "Net Income Including Noncontrolling Interests": NaN,
        "Net Income Continuous Operations": NaN,
        "Tax Provision": 253932000000.0,
        "Pretax Income": NaN,
        "Other Income Expense": -115591000000.0,
        "Other Non Operating Income Expenses": -26390000000.0,
        "Special Income Charges": -183547000000.0,
        "Gain On Sale Of Ppe": -24920000000.0,
        "Gain On Sale Of Business": 171000000.0,
        "Other Special Charges": 2176000000.0,
        "Write Off": 7440000000.0,
        "Impairment Of Capital Assets": 151358000000.0,
        "Restructuring And Mergern Acquisition": 0.0,
        "Earnings From Equity Interest": 67916000000.0,
        "Gain On Sale Of Security": 26430000000.0,
        "Net Non Operating Interest Income Expense": -184593000000.0,
        "Total Other Finance Cost": 49953000000.0,
        "Interest Expense Non Operating": 256385000000.0,
        "Interest Income Non Operating": 121745000000.0,
        "Operating Income": NaN,
        "Operating Expense": 703762000000.0,
        "Other Operating Expenses": 3818000000.0,
        "Other Taxes": 39186000000.0,
        "Provision For Doubtful Accounts": NaN,
        "Depreciation Amortization Depletion Income Statement": 60515000000.0,
        "Depreciation And Amortization In Income Statement": 60515000000.0,
        "Amortization": 23454000000.0,
        "Amortization Of Intangibles Income Statement": 23454000000.0,
        "Depreciation Income Statement": 37061000000.0,
        "Research And Development": 39793000000.0,
        "Selling General And Administration": NaN,
        "Selling And Marketing Expense": 73033000000.0,
        "General And Administrative Expense": 480670000000.0,
        "Other Gand A": 105565000000.0,
        "Insurance And Claims": 7810000000.0,
        "Rent And Landing Fees": 15296000000.0,
        "Salaries And Wages": 351999000000.0,
        "Gross Profit": NaN,
        "Cost Of Revenue": 18087528000000.0,
        "Total Revenue": NaN,
        "Operating Revenue": NaN
    },
    "2023-09-30": {
        "Tax Effect Of Unusual Items": 0.0,
        "Tax Rate For Calcs": 0.24,
        "Normalized EBITDA": 2179477000000.0,
        "Total Unusual Items": -754000000.0,
        "Total Unusual Items Excluding Goodwill": -754000000.0,
        "Net Income From Continuing Operation Net Minority Interest": 488000000000.0,
        "Reconciled Depreciation": 983477000000.0,
        "Reconciled Cost Of Revenue": 16131817000000.0,
        "EBITDA": 2179477000000.0,
        "EBIT": 1196000000000.0,
        "Net Interest Income": -443932000000.0,
        "Interest Expense": 252638000000.0,
        "Interest Income": 126731000000.0,
        "Normalized Income": 488000000000.0,
        "Net Income From Continuing And Discontinued Operation": 488000000000.0,
        "Total Expenses": 17779028000000.0,
        "Rent Expense Supplemental": 12421000000.0,
        "Total Operating Income As Reported": 1196000000000.0,
        "Diluted Average Shares": 338284000.0,
        "Basic Average Shares": 338284000.0,
        "Diluted EPS": 1443.25,
        "Basic EPS": 1443.25,
        "Diluted NI Availto Com Stockholders": 488000000000.0,
        "Net Income Common Stockholders": 488000000000.0,
        "Otherunder Preferred Stock Dividend": 0.0,
        "Net Income": 488000000000.0,
        "Minority Interests": -62301000000.0,
        "Net Income Including Noncontrolling Interests": 550000000000.0,
        "Net Income Continuous Operations": 831000000000.0,
        "Tax Provision": 280614000000.0,
        "Pretax Income": 831000000000.0,
        "Other Income Expense": 93245000000.0,
        "Other Non Operating Income Expenses": -7217000000.0,
        "Special Income Charges": -29642000000.0,
        "Gain On Sale Of Ppe": -21290000000.0,
        "Gain On Sale Of Business": 7343000000.0,
        "Other Special Charges": NaN,
        "Write Off": 6463000000.0,
        "Impairment Of Capital Assets": 9232000000.0,
        "Restructuring And Mergern Acquisition": 0.0,
        "Earnings From Equity Interest": 101216000000.0,
        "Gain On Sale Of Security": 28888000000.0,
        "Net Non Operating Interest Income Expense": -443932000000.0,
        "Total Other Finance Cost": 318025000000.0,
        "Interest Expense Non Operating": 252638000000.0,
        "Interest Income Non Operating": 126731000000.0,
        "Operating Income": 1196000000000.0,
        "Operating Expense": 729247000000.0,
        "Other Operating Expenses": 14413000000.0,
        "Other Taxes": 23034000000.0,
        "Provision For Doubtful Accounts": -1013000000.0,
        "Depreciation Amortization Depletion Income Statement": 65513000000.0,
        "Depreciation And Amortization In Income Statement": 65513000000.0,
        "Amortization": 23898000000.0,
        "Amortization Of Intangibles Income Statement": 23898000000.0,
        "Depreciation Income Statement": 41615000000.0,
        "Research And Development": 44999000000.0,
        "Selling General And Administration": 691000000000.0,
        "Selling And Marketing Expense": 72325000000.0,
        "General And Administrative Expense": 504187000000.0,
        "Other Gand A": 110564000000.0,
        "Insurance And Claims": 8015000000.0,
        "Rent And Landing Fees": 12421000000.0,
        "Salaries And Wages": 373187000000.0,
        "Gross Profit": 1888000000000.0,
        "Cost Of Revenue": 17049781000000.0,
        "Total Revenue": 18961000000000.0,
        "Operating Revenue": 18961000000000.0
    },
    "2024-03-31": {
        "Tax Effect Of Unusual Items": 1553415400.0,
        "Tax Rate For Calcs": 0.1702,
        "Normalized EBITDA": 1973691000000.0,
        "Total Unusual Items": 9127000000.0,
        "Total Unusual Items Excluding Goodwill": 9127000000.0,
        "Net Income From Continuing Operation Net Minority Interest": 540715000000.0,
        "Reconciled Depreciation": 1003506000000.0,
        "Reconciled Cost Of Revenue": 15787654000000.0,
        "EBITDA": 1982818000000.0,
        "EBIT": 979312000000.0,
        "Net Interest Income": 64464000000.0,
        "Interest Expense": 246801000000.0,
        "Interest Income": 172436000000.0,
        "Normalized Income": 533141415400.0,
        "Net Income From Continuing And Discontinued Operation": 540715000000.0,
        "Total Expenses": 17423198000000.0,
        "Rent Expense Supplemental": 4765000000.0,
        "Total Operating Income As Reported": 583022000000.0,
        "Diluted Average Shares": 303504828.0,
        "Basic Average Shares": 303504828.0,
        "Diluted EPS": 1429.75,
        "Basic EPS": 1781.5,
        "Diluted NI Availto Com Stockholders": 540715000000.0,
        "Net Income Common Stockholders": 540715000000.0,
        "Otherunder Preferred Stock Dividend": NaN,
        "Net Income": 540715000000.0,
        "Minority Interests": -67100000000.0,
        "Net Income Including Noncontrolling Interests": 607815000000.0,
        "Net Income Continuous Operations": 607815000000.0,
        "Tax Provision": 124696000000.0,
        "Pretax Income": 732511000000.0,
        "Other Income Expense": 39295000000.0,
        "Other Non Operating Income Expenses": -47650000000.0,
        "Special Income Charges": -102528000000.0,
        "Gain On Sale Of Ppe": -35620000000.0,
        "Gain On Sale Of Business": -2000000.0,
        "Other Special Charges": NaN,
        "Write Off": 26264000000.0,
        "Impairment Of Capital Assets": 40642000000.0,
        "Restructuring And Mergern Acquisition": 0.0,
        "Earnings From Equity Interest": 77818000000.0,
        "Gain On Sale Of Security": 111655000000.0,
        "Net Non Operating Interest Income Expense": 64464000000.0,
        "Total Other Finance Cost": -138829000000.0,
        "Interest Expense Non Operating": 246801000000.0,
        "Interest Income Non Operating": 172436000000.0,
        "Operating Income": 628752000000.0,
        "Operating Expense": 700081000000.0,
        "Other Operating Expenses": -27991000000.0,
        "Other Taxes": 15237000000.0,
        "Provision For Doubtful Accounts": NaN,
        "Depreciation Amortization Depletion Income Statement": 68043000000.0,
        "Depreciation And Amortization In Income Statement": 68043000000.0,
        "Amortization": 27213000000.0,
        "Amortization Of Intangibles Income Statement": 27213000000.0,
        "Depreciation Income Statement": 40830000000.0,
        "Research And Development": 49345000000.0,
        "Selling General And Administration": 589971000000.0,
        "Selling And Marketing Expense": 80715000000.0,
        "General And Administrative Expense": 509256000000.0,
        "Other Gand A": 99267000000.0,
        "Insurance And Claims": NaN,
        "Rent And Landing Fees": 4765000000.0,
        "Salaries And Wages": 405224000000.0,
        "Gross Profit": 1328833000000.0,
        "Cost Of Revenue": 16723117000000.0,
        "Total Revenue": 18051950000000.0,
        "Operating Revenue": 17995564000000.0
    },
    "2023-12-31": {
        "Tax Effect Of Unusual Items": -103681440000.0,
        "Tax Rate For Calcs": 0.24,
        "Normalized EBITDA": 1425745000000.0,
        "Total Unusual Items": -432006000000.0,
        "Total Unusual Items Excluding Goodwill": -432006000000.0,
        "Net Income From Continuing Operation Net Minority Interest": -206151000000.0,
        "Reconciled Depreciation": 972876000000.0,
        "Reconciled Cost Of Revenue": 16590170000000.0,
        "EBITDA": 993739000000.0,
        "EBIT": 20863000000.0,
        "Net Interest Income": 9178000000.0,
        "Interest Expense": 247707000000.0,
        "Interest Income": 149380000000.0,
        "Normalized Income": 122173560000.0,
        "Net Income From Continuing And Discontinued Operation": -206151000000.0,
        "Total Expenses": 18350031000000.0,
        "Rent Expense Supplemental": 9208000000.0,
        "Total Operating Income As Reported": -489150000000.0,
        "Diluted Average Shares": NaN,
        "Basic Average Shares": NaN,
        "Diluted EPS": NaN,
        "Basic EPS": NaN,
        "Diluted NI Availto Com Stockholders": -206151000000.0,
        "Net Income Common Stockholders": -206151000000.0,
        "Otherunder Preferred Stock Dividend": 0.0,
        "Net Income": -206151000000.0,
        "Minority Interests": 114562000000.0,
        "Net Income Including Noncontrolling Interests": -320713000000.0,
        "Net Income Continuous Operations": -320713000000.0,
        "Tax Provision": 93869000000.0,
        "Pretax Income": -226844000000.0,
        "Other Income Expense": -479460000000.0,
        "Other Non Operating Income Expenses": -34201000000.0,
        "Special Income Charges": -516290000000.0,
        "Gain On Sale Of Ppe": -30624000000.0,
        "Gain On Sale Of Business": -9541000000.0,
        "Other Special Charges": NaN,
        "Write Off": 248857000000.0,
        "Impairment Of Capital Assets": 248492000000.0,
        "Restructuring And Mergern Acquisition": -8107000000.0,
        "Earnings From Equity Interest": -13253000000.0,
        "Gain On Sale Of Security": 84284000000.0,
        "Net Non Operating Interest Income Expense": 9178000000.0,
        "Total Other Finance Cost": -107505000000.0,
        "Interest Expense Non Operating": 247707000000.0,
        "Interest Income Non Operating": 149380000000.0,
        "Operating Income": 243438000000.0,
        "Operating Expense": 855409000000.0,
        "Other Operating Expenses": 43324000000.0,
        "Other Taxes": 23237000000.0,
        "Provision For Doubtful Accounts": NaN,
        "Depreciation Amortization Depletion Income Statement": 68424000000.0,
        "Depreciation And Amortization In Income Statement": 68424000000.0,
        "Amortization": 26129000000.0,
        "Amortization Of Intangibles Income Statement": 26129000000.0,
        "Depreciation Income Statement": 42295000000.0,
        "Research And Development": 54231000000.0,
        "Selling General And Administration": 667867000000.0,
        "Selling And Marketing Expense": 119610000000.0,
        "General And Administrative Expense": 548257000000.0,
        "Other Gand A": 140009000000.0,
        "Insurance And Claims": NaN,
        "Rent And Landing Fees": 9208000000.0,
        "Salaries And Wages": 423413000000.0,
        "Gross Profit": 1098847000000.0,
        "Cost Of Revenue": 17494622000000.0,
        "Total Revenue": 18593469000000.0,
        "Operating Revenue": 18521542000000.0
    },
    "2024-06-30": {
        "Tax Effect Of Unusual Items": -16263609346.443834,
        "Tax Rate For Calcs": 0.24086,
        "Normalized EBITDA": 1980376000000.0,
        "Total Unusual Items": -67523000000.0,
        "Total Unusual Items Excluding Goodwill": -67523000000.0,
        "Net Income From Continuing Operation Net Minority Interest": 529933000000.0,
        "Reconciled Depreciation": 921117000000.0,
        "Reconciled Cost Of Revenue": 16166187000000.0,
        "EBITDA": 1912853000000.0,
        "EBIT": 991736000000.0,
        "Net Interest Income": -69318000000.0,
        "Interest Expense": 272211000000.0,
        "Interest Income": 129299000000.0,
        "Normalized Income": 581192390653.5562,
        "Net Income From Continuing And Discontinued Operation": 529933000000.0,
        "Total Expenses": 17757850000000.0,
        "Rent Expense Supplemental": 17293000000.0,
        "Total Operating Income As Reported": 752000000000.0,
        "Diluted Average Shares": 316576996.0,
        "Basic Average Shares": 303504828.0,
        "Diluted EPS": 1539.25,
        "Basic EPS": 1746.0,
        "Diluted NI Availto Com Stockholders": 529933000000.0,
        "Net Income Common Stockholders": 529933000000.0,
        "Otherunder Preferred Stock Dividend": NaN,
        "Net Income": 529933000000.0,
        "Minority Interests": -16287000000.0,
        "Net Income Including Noncontrolling Interests": 546220000000.0,
        "Net Income Continuous Operations": 546220000000.0,
        "Tax Provision": 173305000000.0,
        "Pretax Income": 719525000000.0,
        "Other Income Expense": 37011000000.0,
        "Other Non Operating Income Expenses": 8173000000.0,
        "Special Income Charges": -77726000000.0,
        "Gain On Sale Of Ppe": -16192000000.0,
        "Gain On Sale Of Business": -35496000000.0,
        "Other Special Charges": NaN,
        "Write Off": 2795000000.0,
        "Impairment Of Capital Assets": 23243000000.0,
        "Restructuring And Mergern Acquisition": 0.0,
        "Earnings From Equity Interest": 96361000000.0,
        "Gain On Sale Of Security": 10203000000.0,
        "Net Non Operating Interest Income Expense": -69318000000.0,
        "Total Other Finance Cost": -73594000000.0,
        "Interest Expense Non Operating": 272211000000.0,
        "Interest Income Non Operating": 129299000000.0,
        "Operating Income": 751831000000.0,
        "Operating Expense": 743166000000.0,
        "Other Operating Expenses": 4333000000.0,
        "Other Taxes": 33594000000.0,
        "Provision For Doubtful Accounts": NaN,
        "Depreciation Amortization Depletion Income Statement": 72620000000.0,
        "Depreciation And Amortization In Income Statement": 72620000000.0,
        "Amortization": 29409000000.0,
        "Amortization Of Intangibles Income Statement": 29409000000.0,
        "Depreciation Income Statement": 43211000000.0,
        "Research And Development": 54665000000.0,
        "Selling General And Administration": 571541000000.0,
        "Selling And Marketing Expense": 62316000000.0,
        "General And Administrative Expense": 509225000000.0,
        "Other Gand A": 117274000000.0,
        "Insurance And Claims": 7444000000.0,
        "Rent And Landing Fees": 17293000000.0,
        "Salaries And Wages": 367214000000.0,
        "Gross Profit": 1494997000000.0,
        "Cost Of Revenue": 17014684000000.0,
        "Total Revenue": 18509681000000.0,
        "Operating Revenue": 18405999000000.0
    },
    "2024-09-30": {
        "Tax Effect Of Unusual Items": 0.0,
        "Tax Rate For Calcs": 0.24,
        "Normalized EBITDA": 743000000000.0,
        "Total Unusual Items": NaN,
        "Total Unusual Items Excluding Goodwill": NaN,
        "Net Income From Continuing Operation Net Minority Interest": 453000000000.0,
        "Reconciled Depreciation": NaN,
        "Reconciled Cost Of Revenue": NaN,
        "EBITDA": 743000000000.0,
        "EBIT": 743000000000.0,
        "Net Interest Income": NaN,
        "Interest Expense": NaN,
        "Interest Income": NaN,
        "Normalized Income": 453000000000.0,
        "Net Income From Continuing And Discontinued Operation": 453000000000.0,
        "Total Expenses": NaN,
        "Rent Expense Supplemental": NaN,
        "Total Operating Income As Reported": 743000000000.0,
        "Diluted Average Shares": 330496000.0,
        "Basic Average Shares": 330496000.0,
        "Diluted EPS": 1370.75,
        "Basic EPS": 1370.75,
        "Diluted NI Availto Com Stockholders": 453000000000.0,
        "Net Income Common Stockholders": 453000000000.0,
        "Otherunder Preferred Stock Dividend": NaN,
        "Net Income": 453000000000.0,
        "Minority Interests": NaN,
        "Net Income Including Noncontrolling Interests": 497000000000.0,
        "Net Income Continuous Operations": 691000000000.0,
        "Tax Provision": NaN,
        "Pretax Income": 691000000000.0,
        "Other Income Expense": NaN,
        "Other Non Operating Income Expenses": NaN,
        "Special Income Charges": NaN,
        "Gain On Sale Of Ppe": NaN,
        "Gain On Sale Of Business": NaN,
        "Other Special Charges": NaN,
        "Write Off": NaN,
        "Impairment Of Capital Assets": NaN,
        "Restructuring And Mergern Acquisition": NaN,
        "Earnings From Equity Interest": NaN,
        "Gain On Sale Of Security": NaN,
        "Net Non Operating Interest Income Expense": NaN,
        "Total Other Finance Cost": NaN,
        "Interest Expense Non Operating": NaN,
        "Interest Income Non Operating": NaN,
        "Operating Income": 743000000000.0,
        "Operating Expense": NaN,
        "Other Operating Expenses": NaN,
        "Other Taxes": NaN,
        "Provision For Doubtful Accounts": NaN,
        "Depreciation Amortization Depletion Income Statement": NaN,
        "Depreciation And Amortization In Income Statement": NaN,
        "Amortization": NaN,
        "Amortization Of Intangibles Income Statement": NaN,
        "Depreciation Income Statement": NaN,
        "Research And Development": NaN,
        "Selling General And Administration": 763000000000.0,
        "Selling And Marketing Expense": NaN,
        "General And Administrative Expense": NaN,
        "Other Gand A": NaN,
        "Insurance And Claims": NaN,
        "Rent And Landing Fees": NaN,
        "Salaries And Wages": NaN,
        "Gross Profit": 1507000000000.0,
        "Cost Of Revenue": NaN,
        "Total Revenue": 18321000000000.0,
        "Operating Revenue": 18321000000000.0
    }
}