{
    "2024-02-29": {
        "Tax Effect Of Unusual Items": 0.0,
        "Tax Rate For Calcs": 0.0,
        "Normalized EBITDA": -832000.0,
        "Total Unusual Items": -11000.0,
        "Total Unusual Items Excluding Goodwill": -11000.0,
        "Net Income From Continuing Operation Net Minority Interest": -813000.0,
        "Reconciled Depreciation": 18000.0,
        "EBITDA": -843000.0,
        "EBIT": -861000.0,
        "Net Interest Income": 111000.0,
        "Interest Expense": NaN,
        "Interest Income": 111000.0,
        "Normalized Income": -802000.0,
        "Net Income From Continuing And Discontinued Operation": -813000.0,
        "Total Expenses": 861000.0,
        "Diluted Average Shares": 102459681.0,
        "Basic Average Shares": 102459681.0,
        "Diluted EPS": -0.01,
        "Basic EPS": -0.01,
        "Diluted NI Availto Com Stockholders": -813000.0,
        "Net Income Common Stockholders": -813000.0,
        "Net Income": -813000.0,
        "Net Income Including Noncontrolling Interests": -813000.0,
        "Net Income Continuous Operations": -813000.0,
        "Pretax Income": -813000.0,
        "Other Income Expense": -63000.0,
        "Special Income Charges": NaN,
        "Write Off": NaN,
        "Earnings From Equity Interest": -52000.0,
        "Gain On Sale Of Security": -11000.0,
        "Net Non Operating Interest Income Expense": 111000.0,
        "Interest Expense Non Operating": NaN,
        "Interest Income Non Operating": 111000.0,
        "Operating Income": -861000.0,
        "Operating Expense": 861000.0,
        "Selling General And Administration": 861000.0,
        "General And Administrative Expense": 861000.0,
        "Other Gand A": 726000.0,
        "Salaries And Wages": 135000.0,
        "Total Revenue": 0.0,
        "Operating Revenue": 0.0
    },
    "2023-11-30": {
        "Tax Effect Of Unusual Items": 0.0,
        "Tax Rate For Calcs": 0.0,
        "Normalized EBITDA": -1568000.0,
        "Total Unusual Items": 37000.0,
        "Total Unusual Items Excluding Goodwill": 37000.0,
        "Net Income From Continuing Operation Net Minority Interest": -1558000.0,
        "Reconciled Depreciation": 18000.0,
        "EBITDA": -1531000.0,
        "EBIT": -1549000.0,
        "Net Interest Income": 135000.0,
        "Interest Expense": NaN,
        "Interest Income": 135000.0,
        "Normalized Income": -1595000.0,
        "Net Income From Continuing And Discontinued Operation": -1558000.0,
        "Total Expenses": 1549000.0,
        "Diluted Average Shares": 101957602.0,
        "Basic Average Shares": 101957602.0,
        "Diluted EPS": -0.02,
        "Basic EPS": -0.02,
        "Diluted NI Availto Com Stockholders": -1558000.0,
        "Net Income Common Stockholders": -1558000.0,
        "Net Income": -1558000.0,
        "Net Income Including Noncontrolling Interests": -1558000.0,
        "Net Income Continuous Operations": -1558000.0,
        "Pretax Income": -1558000.0,
        "Other Income Expense": -144000.0,
        "Special Income Charges": NaN,
        "Write Off": NaN,
        "Earnings From Equity Interest": -181000.0,
        "Gain On Sale Of Security": 37000.0,
        "Net Non Operating Interest Income Expense": 135000.0,
        "Interest Expense Non Operating": NaN,
        "Interest Income Non Operating": 135000.0,
        "Operating Income": -1549000.0,
        "Operating Expense": 1549000.0,
        "Selling General And Administration": 1549000.0,
        "General And Administrative Expense": 1549000.0,
        "Other Gand A": 1090000.0,
        "Salaries And Wages": 459000.0,
        "Total Revenue": 0.0,
        "Operating Revenue": 0.0
    },
    "2023-08-31": {
        "Tax Effect Of Unusual Items": 0.0,
        "Tax Rate For Calcs": 0.0,
        "Normalized EBITDA": -1509000.0,
        "Total Unusual Items": -44000.0,
        "Total Unusual Items Excluding Goodwill": -44000.0,
        "Net Income From Continuing Operation Net Minority Interest": -1614000.0,
        "Reconciled Depreciation": 19000.0,
        "EBITDA": -1553000.0,
        "EBIT": -1572000.0,
        "Net Interest Income": 119000.0,
        "Interest Expense": 0.0,
        "Interest Income": 119000.0,
        "Normalized Income": -1570000.0,
        "Net Income From Continuing And Discontinued Operation": -1614000.0,
        "Total Expenses": 1367000.0,
        "Diluted Average Shares": NaN,
        "Basic Average Shares": NaN,
        "Diluted EPS": NaN,
        "Basic EPS": NaN,
        "Diluted NI Availto Com Stockholders": -1614000.0,
        "Net Income Common Stockholders": -1614000.0,
        "Net Income": -1614000.0,
        "Net Income Including Noncontrolling Interests": -1614000.0,
        "Net Income Continuous Operations": -1614000.0,
        "Pretax Income": -1572000.0,
        "Other Income Expense": -324000.0,
        "Special Income Charges": 0.0,
        "Write Off": 0.0,
        "Earnings From Equity Interest": -280000.0,
        "Gain On Sale Of Security": -44000.0,
        "Net Non Operating Interest Income Expense": 119000.0,
        "Interest Expense Non Operating": 0.0,
        "Interest Income Non Operating": 119000.0,
        "Operating Income": -1367000.0,
        "Operating Expense": 1284000.0,
        "Selling General And Administration": 1284000.0,
        "General And Administrative Expense": 1284000.0,
        "Other Gand A": -684000.0,
        "Salaries And Wages": 1615000.0,
        "Total Revenue": 0.0,
        "Operating Revenue": 0.0
    },
    "2023-05-31": {
        "Tax Effect Of Unusual Items": 0.0,
        "Tax Rate For Calcs": 0.0,
        "Normalized EBITDA": -1335000.0,
        "Total Unusual Items": -12000.0,
        "Total Unusual Items Excluding Goodwill": -12000.0,
        "Net Income From Continuing Operation Net Minority Interest": -1236000.0,
        "Reconciled Depreciation": 21000.0,
        "EBITDA": -1347000.0,
        "EBIT": -1368000.0,
        "Net Interest Income": 144000.0,
        "Interest Expense": 0.0,
        "Interest Income": 144000.0,
        "Normalized Income": -1224000.0,
        "Net Income From Continuing And Discontinued Operation": -1236000.0,
        "Total Expenses": 1368000.0,
        "Diluted Average Shares": 100225508.0,
        "Basic Average Shares": 100225508.0,
        "Diluted EPS": -0.01,
        "Basic EPS": -0.01,
        "Diluted NI Availto Com Stockholders": -1236000.0,
        "Net Income Common Stockholders": -1236000.0,
        "Net Income": -1236000.0,
        "Net Income Including Noncontrolling Interests": -1236000.0,
        "Net Income Continuous Operations": -1236000.0,
        "Pretax Income": -1236000.0,
        "Other Income Expense": -12000.0,
        "Special Income Charges": 0.0,
        "Write Off": 0.0,
        "Earnings From Equity Interest": 0.0,
        "Gain On Sale Of Security": -12000.0,
        "Net Non Operating Interest Income Expense": 144000.0,
        "Interest Expense Non Operating": 0.0,
        "Interest Income Non Operating": 144000.0,
        "Operating Income": -1368000.0,
        "Operating Expense": 1368000.0,
        "Selling General And Administration": 1368000.0,
        "General And Administrative Expense": 1368000.0,
        "Other Gand A": 896000.0,
        "Salaries And Wages": 472000.0,
        "Total Revenue": 0.0,
        "Operating Revenue": 0.0
    },
    "2023-02-28": {
        "Tax Effect Of Unusual Items": NaN,
        "Tax Rate For Calcs": NaN,
        "Normalized EBITDA": NaN,
        "Total Unusual Items": NaN,
        "Total Unusual Items Excluding Goodwill": NaN,
        "Net Income From Continuing Operation Net Minority Interest": NaN,
        "Reconciled Depreciation": NaN,
        "EBITDA": NaN,
        "EBIT": NaN,
        "Net Interest Income": NaN,
        "Interest Expense": 0.0,
        "Interest Income": NaN,
        "Normalized Income": NaN,
        "Net Income From Continuing And Discontinued Operation": NaN,
        "Total Expenses": NaN,
        "Diluted Average Shares": 100149428.0,
        "Basic Average Shares": 100149428.0,
        "Diluted EPS": -0.01,
        "Basic EPS": -0.01,
        "Diluted NI Availto Com Stockholders": NaN,
        "Net Income Common Stockholders": NaN,
        "Net Income": NaN,
        "Net Income Including Noncontrolling Interests": NaN,
        "Net Income Continuous Operations": NaN,
        "Pretax Income": NaN,
        "Other Income Expense": NaN,
        "Special Income Charges": 0.0,
        "Write Off": 0.0,
        "Earnings From Equity Interest": NaN,
        "Gain On Sale Of Security": NaN,
        "Net Non Operating Interest Income Expense": NaN,
        "Interest Expense Non Operating": 0.0,
        "Interest Income Non Operating": NaN,
        "Operating Income": NaN,
        "Operating Expense": NaN,
        "Selling General And Administration": NaN,
        "General And Administrative Expense": NaN,
        "Other Gand A": NaN,
        "Salaries And Wages": NaN,
        "Total Revenue": NaN,
        "Operating Revenue": NaN
    },
    "2022-11-30": {
        "Tax Effect Of Unusual Items": NaN,
        "Tax Rate For Calcs": NaN,
        "Normalized EBITDA": NaN,
        "Total Unusual Items": NaN,
        "Total Unusual Items Excluding Goodwill": NaN,
        "Net Income From Continuing Operation Net Minority Interest": NaN,
        "Reconciled Depreciation": NaN,
        "EBITDA": NaN,
        "EBIT": NaN,
        "Net Interest Income": NaN,
        "Interest Expense": 0.0,
        "Interest Income": NaN,
        "Normalized Income": NaN,
        "Net Income From Continuing And Discontinued Operation": NaN,
        "Total Expenses": NaN,
        "Diluted Average Shares": NaN,
        "Basic Average Shares": NaN,
        "Diluted EPS": NaN,
        "Basic EPS": NaN,
        "Diluted NI Availto Com Stockholders": NaN,
        "Net Income Common Stockholders": NaN,
        "Net Income": NaN,
        "Net Income Including Noncontrolling Interests": NaN,
        "Net Income Continuous Operations": NaN,
        "Pretax Income": NaN,
        "Other Income Expense": NaN,
        "Special Income Charges": 0.0,
        "Write Off": NaN,
        "Earnings From Equity Interest": NaN,
        "Gain On Sale Of Security": NaN,
        "Net Non Operating Interest Income Expense": NaN,
        "Interest Expense Non Operating": 0.0,
        "Interest Income Non Operating": NaN,
        "Operating Income": NaN,
        "Operating Expense": NaN,
        "Selling General And Administration": NaN,
        "General And Administrative Expense": NaN,
        "Other Gand A": NaN,
        "Salaries And Wages": NaN,
        "Total Revenue": NaN,
        "Operating Revenue": NaN
    },
    "2022-08-31": {
        "Tax Effect Of Unusual Items": NaN,
        "Tax Rate For Calcs": NaN,
        "Normalized EBITDA": NaN,
        "Total Unusual Items": NaN,
        "Total Unusual Items Excluding Goodwill": NaN,
        "Net Income From Continuing Operation Net Minority Interest": NaN,
        "Reconciled Depreciation": NaN,
        "EBITDA": NaN,
        "EBIT": NaN,
        "Net Interest Income": NaN,
        "Interest Expense": 0.0,
        "Interest Income": NaN,
        "Normalized Income": NaN,
        "Net Income From Continuing And Discontinued Operation": NaN,
        "Total Expenses": NaN,
        "Diluted Average Shares": NaN,
        "Basic Average Shares": NaN,
        "Diluted EPS": NaN,
        "Basic EPS": NaN,
        "Diluted NI Availto Com Stockholders": NaN,
        "Net Income Common Stockholders": NaN,
        "Net Income": NaN,
        "Net Income Including Noncontrolling Interests": NaN,
        "Net Income Continuous Operations": NaN,
        "Pretax Income": NaN,
        "Other Income Expense": NaN,
        "Special Income Charges": 0.0,
        "Other Special Charges": 0.0,
        "Write Off": 0.0,
        "Earnings From Equity Interest": NaN,
        "Gain On Sale Of Security": NaN,
        "Net Non Operating Interest Income Expense": NaN,
        "Interest Expense Non Operating": 0.0,
        "Interest Income Non Operating": NaN,
        "Operating Income": NaN,
        "Operating Expense": NaN,
        "Selling General And Administration": NaN,
        "General And Administrative Expense": NaN,
        "Other Gand A": NaN,
        "Salaries And Wages": NaN,
        "Total Revenue": NaN,
        "Operating Revenue": NaN
    },
    "2024-05-31": {
        "Tax Effect Of Unusual Items": 0.0,
        "Tax Rate For Calcs": 0.0,
        "Normalized EBITDA": -1769000.0,
        "Total Unusual Items": 17000.0,
        "Total Unusual Items Excluding Goodwill": 17000.0,
        "Net Income From Continuing Operation Net Minority Interest": -1646000.0,
        "Reconciled Depreciation": 18000.0,
        "EBITDA": -1752000.0,
        "EBIT": -1770000.0,
        "Net Interest Income": 107000.0,
        "Interest Expense": NaN,
        "Interest Income": 107000.0,
        "Normalized Income": -1663000.0,
        "Net Income From Continuing And Discontinued Operation": -1646000.0,
        "Total Expenses": 1770000.0,
        "Diluted Average Shares": 102480148.0,
        "Basic Average Shares": 102480148.0,
        "Diluted EPS": -0.02,
        "Basic EPS": -0.02,
        "Diluted NI Availto Com Stockholders": -1646000.0,
        "Net Income Common Stockholders": -1646000.0,
        "Net Income": -1646000.0,
        "Net Income Including Noncontrolling Interests": -1646000.0,
        "Net Income Continuous Operations": -1646000.0,
        "Pretax Income": -1646000.0,
        "Other Income Expense": 17000.0,
        "Special Income Charges": NaN,
        "Write Off": NaN,
        "Earnings From Equity Interest": 0.0,
        "Gain On Sale Of Security": 17000.0,
        "Net Non Operating Interest Income Expense": 107000.0,
        "Interest Expense Non Operating": NaN,
        "Interest Income Non Operating": 107000.0,
        "Operating Income": -1770000.0,
        "Operating Expense": 1770000.0,
        "Selling General And Administration": 1770000.0,
        "General And Administrative Expense": 1770000.0,
        "Other Gand A": 751000.0,
        "Salaries And Wages": 1019000.0,
        "Total Revenue": 0.0,
        "Operating Revenue": 0.0
    }
}