{
    "2023-03-31": {
        "Tax Effect Of Unusual Items": NaN,
        "Tax Rate For Calcs": NaN,
        "Normalized EBITDA": NaN,
        "Total Unusual Items": NaN,
        "Total Unusual Items Excluding Goodwill": NaN,
        "Net Income From Continuing Operation Net Minority Interest": NaN,
        "Reconciled Depreciation": NaN,
        "Reconciled Cost Of Revenue": NaN,
        "EBITDA": NaN,
        "EBIT": NaN,
        "Net Interest Income": NaN,
        "Interest Expense": NaN,
        "Interest Income": NaN,
        "Normalized Income": NaN,
        "Net Income From Continuing And Discontinued Operation": NaN,
        "Total Expenses": NaN,
        "Total Operating Income As Reported": NaN,
        "Diluted Average Shares": NaN,
        "Basic Average Shares": NaN,
        "Diluted EPS": NaN,
        "Basic EPS": NaN,
        "Diluted NI Availto Com Stockholders": NaN,
        "Net Income Common Stockholders": NaN,
        "Net Income": NaN,
        "Net Income Including Noncontrolling Interests": NaN,
        "Net Income Continuous Operations": NaN,
        "Tax Provision": NaN,
        "Pretax Income": NaN,
        "Other Income Expense": NaN,
        "Other Non Operating Income Expenses": NaN,
        "Special Income Charges": 3275000.0,
        "Gain On Sale Of Business": 3275000.0,
        "Earnings From Equity Interest": NaN,
        "Gain On Sale Of Security": -49000.0,
        "Net Non Operating Interest Income Expense": NaN,
        "Interest Expense Non Operating": NaN,
        "Interest Income Non Operating": NaN,
        "Operating Income": NaN,
        "Operating Expense": NaN,
        "Other Operating Expenses": NaN,
        "Selling General And Administration": NaN,
        "General And Administrative Expense": 8621450.0,
        "Other Gand A": 8621450.0,
        "Gross Profit": NaN,
        "Cost Of Revenue": NaN,
        "Total Revenue": NaN,
        "Operating Revenue": NaN
    },
    "2022-12-31": {
        "Tax Effect Of Unusual Items": NaN,
        "Tax Rate For Calcs": NaN,
        "Normalized EBITDA": NaN,
        "Total Unusual Items": NaN,
        "Total Unusual Items Excluding Goodwill": NaN,
        "Net Income From Continuing Operation Net Minority Interest": NaN,
        "Reconciled Depreciation": NaN,
        "Reconciled Cost Of Revenue": NaN,
        "EBITDA": NaN,
        "EBIT": NaN,
        "Net Interest Income": NaN,
        "Interest Expense": NaN,
        "Interest Income": NaN,
        "Normalized Income": NaN,
        "Net Income From Continuing And Discontinued Operation": NaN,
        "Total Expenses": NaN,
        "Total Operating Income As Reported": NaN,
        "Diluted Average Shares": NaN,
        "Basic Average Shares": NaN,
        "Diluted EPS": NaN,
        "Basic EPS": NaN,
        "Diluted NI Availto Com Stockholders": NaN,
        "Net Income Common Stockholders": NaN,
        "Net Income": NaN,
        "Net Income Including Noncontrolling Interests": NaN,
        "Net Income Continuous Operations": NaN,
        "Tax Provision": NaN,
        "Pretax Income": NaN,
        "Other Income Expense": NaN,
        "Other Non Operating Income Expenses": NaN,
        "Special Income Charges": NaN,
        "Gain On Sale Of Business": NaN,
        "Earnings From Equity Interest": NaN,
        "Gain On Sale Of Security": NaN,
        "Net Non Operating Interest Income Expense": NaN,
        "Interest Expense Non Operating": NaN,
        "Interest Income Non Operating": NaN,
        "Operating Income": NaN,
        "Operating Expense": NaN,
        "Other Operating Expenses": NaN,
        "Selling General And Administration": NaN,
        "General And Administrative Expense": 9248715.0,
        "Other Gand A": 9248715.0,
        "Gross Profit": NaN,
        "Cost Of Revenue": NaN,
        "Total Revenue": NaN,
        "Operating Revenue": NaN
    },
    "2022-09-30": {
        "Tax Effect Of Unusual Items": NaN,
        "Tax Rate For Calcs": NaN,
        "Normalized EBITDA": NaN,
        "Total Unusual Items": NaN,
        "Total Unusual Items Excluding Goodwill": NaN,
        "Net Income From Continuing Operation Net Minority Interest": NaN,
        "Reconciled Depreciation": NaN,
        "Reconciled Cost Of Revenue": 0.0,
        "EBITDA": NaN,
        "EBIT": NaN,
        "Net Interest Income": NaN,
        "Interest Expense": NaN,
        "Interest Income": NaN,
        "Normalized Income": NaN,
        "Net Income From Continuing And Discontinued Operation": NaN,
        "Total Expenses": NaN,
        "Total Operating Income As Reported": NaN,
        "Diluted Average Shares": NaN,
        "Basic Average Shares": NaN,
        "Diluted EPS": NaN,
        "Basic EPS": NaN,
        "Diluted NI Availto Com Stockholders": NaN,
        "Net Income Common Stockholders": NaN,
        "Net Income": NaN,
        "Net Income Including Noncontrolling Interests": NaN,
        "Net Income Continuous Operations": NaN,
        "Tax Provision": NaN,
        "Pretax Income": NaN,
        "Other Income Expense": NaN,
        "Special Income Charges": 29367000.0,
        "Gain On Sale Of Business": 29367000.0,
        "Earnings From Equity Interest": NaN,
        "Gain On Sale Of Security": NaN,
        "Net Non Operating Interest Income Expense": NaN,
        "Interest Expense Non Operating": NaN,
        "Interest Income Non Operating": NaN,
        "Operating Income": NaN,
        "Operating Expense": NaN,
        "Other Operating Expenses": NaN,
        "Selling General And Administration": NaN,
        "General And Administrative Expense": 7160482.0,
        "Other Gand A": 7160482.0,
        "Gross Profit": 0.0,
        "Cost Of Revenue": 0.0,
        "Total Revenue": NaN,
        "Operating Revenue": NaN
    },
    "2022-06-30": {
        "Tax Effect Of Unusual Items": 0.0,
        "Tax Rate For Calcs": 0.0,
        "Normalized EBITDA": -8290334.0,
        "Total Unusual Items": -47759.0,
        "Total Unusual Items Excluding Goodwill": -47759.0,
        "Net Income From Continuing Operation Net Minority Interest": -9581303.0,
        "Reconciled Depreciation": 6146.0,
        "EBITDA": -8338093.0,
        "EBIT": -8344239.0,
        "Net Interest Income": -33926.0,
        "Interest Expense": NaN,
        "Interest Income": NaN,
        "Normalized Income": -9533544.0,
        "Net Income From Continuing And Discontinued Operation": -9581303.0,
        "Total Expenses": 8344239.0,
        "Total Operating Income As Reported": -8344239.0,
        "Diluted Average Shares": 17930926.0,
        "Basic Average Shares": 17930926.0,
        "Diluted EPS": -0.53,
        "Basic EPS": -0.53,
        "Diluted NI Availto Com Stockholders": -9581303.0,
        "Net Income Common Stockholders": -9581303.0,
        "Net Income": -9581303.0,
        "Net Income Including Noncontrolling Interests": -9581303.0,
        "Net Income Continuous Operations": -9581303.0,
        "Earnings From Equity Interest Net Of Tax": -1155379.0,
        "Tax Provision": 0.0,
        "Pretax Income": -8425924.0,
        "Other Income Expense": -47759.0,
        "Special Income Charges": NaN,
        "Gain On Sale Of Business": NaN,
        "Earnings From Equity Interest": NaN,
        "Gain On Sale Of Security": -47759.0,
        "Net Non Operating Interest Income Expense": -33926.0,
        "Total Other Finance Cost": 33926.0,
        "Interest Expense Non Operating": NaN,
        "Interest Income Non Operating": NaN,
        "Operating Income": -8344239.0,
        "Operating Expense": 8344239.0,
        "Other Operating Expenses": 882874.0,
        "Selling General And Administration": 7461365.0,
        "General And Administrative Expense": 7461365.0,
        "Other Gand A": 7461365.0,
        "Total Revenue": 0.0,
        "Operating Revenue": 0.0
    },
    "2022-03-31": {
        "Diluted EPS": -56.86,
        "Total Revenue": NaN,
        "Gross Profit": NaN,
        "Operating Income": -6,
        "EBIT": -6,
        "Net Income": -9
    },
    "2021-12-31": {
        "Diluted EPS": 0.0,
        "Total Revenue": NaN,
        "Gross Profit": NaN,
        "Operating Income": NaN,
        "EBIT": NaN,
        "Net Income": NaN
    },
    "2021-09-30": {
        "Diluted EPS": -68.47,
        "Total Revenue": NaN,
        "Gross Profit": NaN,
        "Operating Income": -10,
        "EBIT": -10,
        "Net Income": -11
    },
    "2021-06-30": {
        "Diluted EPS": -48.0,
        "Total Revenue": NaN,
        "Gross Profit": NaN,
        "Operating Income": -7,
        "EBIT": -7,
        "Net Income": -8
    },
    "2021-03-31": {
        "Diluted EPS": -47.0,
        "Total Revenue": NaN,
        "Gross Profit": NaN,
        "Operating Income": -7,
        "EBIT": -7,
        "Net Income": -7
    },
    "2020-12-31": {
        "Diluted EPS": 0.0,
        "Total Revenue": NaN,
        "Gross Profit": NaN,
        "Operating Income": NaN,
        "Net Income": NaN
    },
    "2020-09-30": {
        "Diluted EPS": -17.0,
        "Total Revenue": NaN,
        "Gross Profit": NaN,
        "Operating Income": -2,
        "EBIT": -2,
        "Net Income": -2
    },
    "2020-06-30": {
        "Diluted EPS": 0.0,
        "Total Revenue": NaN,
        "Gross Profit": NaN,
        "Operating Income": NaN,
        "EBIT": NaN,
        "Net Income": NaN
    },
    "2020-03-31": {
        "Diluted EPS": 0.0,
        "Total Revenue": NaN,
        "Gross Profit": NaN,
        "Operating Income": NaN,
        "EBIT": NaN,
        "Net Income": NaN
    },
    "2019-12-31": {
        "Diluted EPS": 0.0,
        "Total Revenue": NaN,
        "Gross Profit": NaN,
        "Operating Income": NaN,
        "EBIT": NaN,
        "Net Income": NaN
    },
    "2019-06-30": {
        "Diluted EPS": 0.0,
        "Total Revenue": NaN,
        "Gross Profit": NaN,
        "Operating Income": NaN,
        "EBIT": NaN,
        "Net Income": NaN
    },
    "2018-06-30": {
        "Diluted EPS": 0.0,
        "Total Revenue": NaN,
        "Gross Profit": NaN,
        "Operating Income": NaN,
        "EBIT": NaN,
        "Net Income": NaN
    },
    "2017-12-31": {
        "Diluted EPS": 0.0,
        "Total Revenue": NaN,
        "Gross Profit": NaN,
        "Operating Income": NaN,
        "EBIT": NaN,
        "Net Income": NaN
    },
    "2017-06-30": {
        "Diluted EPS": 0.0,
        "Total Revenue": NaN,
        "Gross Profit": NaN,
        "Operating Income": NaN,
        "EBIT": NaN,
        "Net Income": NaN
    },
    "2023-06-30": {
        "Tax Effect Of Unusual Items": 834750.0,
        "Tax Rate For Calcs": 0.21,
        "Normalized EBITDA": -13893000.0,
        "Total Unusual Items": 3975000.0,
        "Total Unusual Items Excluding Goodwill": 3975000.0,
        "Net Income From Continuing Operation Net Minority Interest": -10639000.0,
        "Reconciled Depreciation": 61000.0,
        "Reconciled Cost Of Revenue": 0.0,
        "EBITDA": -9918000.0,
        "EBIT": -9979000.0,
        "Net Interest Income": 1154000.0,
        "Interest Expense": 11000.0,
        "Interest Income": 1165000.0,
        "Normalized Income": -13779250.0,
        "Net Income From Continuing And Discontinued Operation": -10639000.0,
        "Total Expenses": 12427000.0,
        "Total Operating Income As Reported": -15102000.0,
        "Diluted Average Shares": 19187000.0,
        "Basic Average Shares": 19187000.0,
        "Diluted EPS": -0.55,
        "Basic EPS": -0.55,
        "Diluted NI Availto Com Stockholders": -10639000.0,
        "Net Income Common Stockholders": -10639000.0,
        "Net Income": -10639000.0,
        "Net Income Including Noncontrolling Interests": -10639000.0,
        "Net Income Continuous Operations": -10639000.0,
        "Tax Provision": 649000.0,
        "Pretax Income": -9990000.0,
        "Other Income Expense": 1283000.0,
        "Other Non Operating Income Expenses": -17000.0,
        "Special Income Charges": 3975000.0,
        "Gain On Sale Of Business": 3975000.0,
        "Earnings From Equity Interest": -2675000.0,
        "Gain On Sale Of Security": -17878.0,
        "Net Non Operating Interest Income Expense": 1154000.0,
        "Interest Expense Non Operating": 11000.0,
        "Interest Income Non Operating": 1165000.0,
        "Operating Income": -12427000.0,
        "Operating Expense": 12427000.0,
        "Other Operating Expenses": 440000.0,
        "Selling General And Administration": 11987000.0,
        "General And Administrative Expense": 11986634.0,
        "Other Gand A": 11986634.0,
        "Gross Profit": 0.0,
        "Cost Of Revenue": 0.0,
        "Total Revenue": 0.0,
        "Operating Revenue": 0.0
    },
    "2023-09-30": {
        "Tax Effect Of Unusual Items": 642816.0,
        "Tax Rate For Calcs": 0.081,
        "Normalized EBITDA": 17059000.0,
        "Total Unusual Items": 7936000.0,
        "Total Unusual Items Excluding Goodwill": 7936000.0,
        "Net Income From Continuing Operation Net Minority Interest": 22891000.0,
        "Reconciled Depreciation": 68000.0,
        "Reconciled Cost Of Revenue": 23363000.0,
        "EBITDA": 24995000.0,
        "EBIT": 24927000.0,
        "Net Interest Income": 1023000.0,
        "Interest Expense": 8000.0,
        "Interest Income": 1031000.0,
        "Normalized Income": 15597816.0,
        "Net Income From Continuing And Discontinued Operation": 22891000.0,
        "Total Expenses": 35019000.0,
        "Total Operating Income As Reported": 15960000.0,
        "Diluted Average Shares": 19239000.0,
        "Basic Average Shares": 19203000.0,
        "Diluted EPS": 1.19,
        "Basic EPS": 1.19,
        "Diluted NI Availto Com Stockholders": 22891000.0,
        "Net Income Common Stockholders": 22891000.0,
        "Net Income": 22891000.0,
        "Net Income Including Noncontrolling Interests": 22891000.0,
        "Net Income Continuous Operations": 22891000.0,
        "Tax Provision": 2028000.0,
        "Pretax Income": 24919000.0,
        "Other Income Expense": 11788000.0,
        "Other Non Operating Income Expenses": NaN,
        "Special Income Charges": 7958000.0,
        "Gain On Sale Of Business": 7958000.0,
        "Earnings From Equity Interest": 3852000.0,
        "Gain On Sale Of Security": -22000.0,
        "Net Non Operating Interest Income Expense": 1023000.0,
        "Interest Expense Non Operating": 8000.0,
        "Interest Income Non Operating": 1031000.0,
        "Operating Income": 12108000.0,
        "Operating Expense": 11656000.0,
        "Other Operating Expenses": 471000.0,
        "Selling General And Administration": 11185000.0,
        "General And Administrative Expense": NaN,
        "Other Gand A": NaN,
        "Gross Profit": 23764000.0,
        "Cost Of Revenue": 23363000.0,
        "Total Revenue": 47127000.0,
        "Operating Revenue": 47127000.0
    },
    "2023-12-31": {
        "Tax Effect Of Unusual Items": -38245.619549,
        "Tax Rate For Calcs": 0.002514,
        "Normalized EBITDA": -10140000.0,
        "Total Unusual Items": -15211000.0,
        "Total Unusual Items Excluding Goodwill": -15211000.0,
        "Net Income From Continuing Operation Net Minority Interest": -25390000.0,
        "Reconciled Depreciation": 98000.0,
        "Reconciled Cost Of Revenue": 10775000.0,
        "EBITDA": -25351000.0,
        "EBIT": -25449000.0,
        "Net Interest Income": 895000.0,
        "Interest Expense": 5000.0,
        "Interest Income": 900000.0,
        "Normalized Income": -10217245.619549,
        "Net Income From Continuing And Discontinued Operation": -25390000.0,
        "Total Expenses": 22562000.0,
        "Total Operating Income As Reported": -28113000.0,
        "Diluted Average Shares": 19209000.0,
        "Basic Average Shares": 19209000.0,
        "Diluted EPS": -1.32,
        "Basic EPS": -1.32,
        "Diluted NI Availto Com Stockholders": -25390000.0,
        "Net Income Common Stockholders": -25390000.0,
        "Net Income": -25390000.0,
        "Net Income Including Noncontrolling Interests": -25390000.0,
        "Net Income Continuous Operations": -25390000.0,
        "Tax Provision": -64000.0,
        "Pretax Income": -25454000.0,
        "Other Income Expense": 3523000.0,
        "Other Non Operating Income Expenses": NaN,
        "Special Income Charges": NaN,
        "Gain On Sale Of Business": NaN,
        "Earnings From Equity Interest": 18734000.0,
        "Gain On Sale Of Security": -3000.0,
        "Net Non Operating Interest Income Expense": 895000.0,
        "Interest Expense Non Operating": 5000.0,
        "Interest Income Non Operating": 900000.0,
        "Operating Income": -29872000.0,
        "Operating Expense": 11787000.0,
        "Other Operating Expenses": 261000.0,
        "Selling General And Administration": 11526000.0,
        "General And Administrative Expense": NaN,
        "Other Gand A": NaN,
        "Gross Profit": -18085000.0,
        "Cost Of Revenue": 10775000.0,
        "Total Revenue": -7310000.0,
        "Operating Revenue": -7310000.0
    },
    "2024-03-31": {
        "Tax Effect Of Unusual Items": -1465428.0,
        "Tax Rate For Calcs": 0.116,
        "Normalized EBITDA": -13768000.0,
        "Total Unusual Items": -12633000.0,
        "Total Unusual Items Excluding Goodwill": -12633000.0,
        "Net Income From Continuing Operation Net Minority Interest": -23611000.0,
        "Reconciled Depreciation": 81000.0,
        "Reconciled Cost Of Revenue": 12710000.0,
        "EBITDA": -26401000.0,
        "EBIT": -26482000.0,
        "Net Interest Income": 605000.0,
        "Interest Expense": 222000.0,
        "Interest Income": 827000.0,
        "Normalized Income": -12443428.0,
        "Net Income From Continuing And Discontinued Operation": -23611000.0,
        "Total Expenses": 22637000.0,
        "Total Operating Income As Reported": -14676000.0,
        "Diluted Average Shares": 19326000.0,
        "Basic Average Shares": 19326000.0,
        "Diluted EPS": -1.22,
        "Basic EPS": -1.22,
        "Diluted NI Availto Com Stockholders": -23611000.0,
        "Net Income Common Stockholders": -23611000.0,
        "Net Income": -23611000.0,
        "Net Income Including Noncontrolling Interests": -23611000.0,
        "Net Income Continuous Operations": -23611000.0,
        "Tax Provision": -3093000.0,
        "Pretax Income": -26704000.0,
        "Other Income Expense": -18073000.0,
        "Other Non Operating Income Expenses": NaN,
        "Special Income Charges": -13886000.0,
        "Gain On Sale Of Business": -13886000.0,
        "Earnings From Equity Interest": -5440000.0,
        "Gain On Sale Of Security": 1253000.0,
        "Net Non Operating Interest Income Expense": 605000.0,
        "Interest Expense Non Operating": 222000.0,
        "Interest Income Non Operating": 827000.0,
        "Operating Income": -9236000.0,
        "Operating Expense": 9927000.0,
        "Other Operating Expenses": 53000.0,
        "Selling General And Administration": 9874000.0,
        "General And Administrative Expense": NaN,
        "Other Gand A": NaN,
        "Gross Profit": 691000.0,
        "Cost Of Revenue": 12710000.0,
        "Total Revenue": 13401000.0,
        "Operating Revenue": 13401000.0
    },
    "2024-06-30": {
        "Tax Effect Of Unusual Items": 0.0,
        "Tax Rate For Calcs": 0.00015,
        "Normalized EBITDA": -13183000.0,
        "Total Unusual Items": 0.0,
        "Total Unusual Items Excluding Goodwill": 0.0,
        "Net Income From Continuing Operation Net Minority Interest": -13332000.0,
        "Reconciled Depreciation": 75000.0,
        "Reconciled Cost Of Revenue": 12601000.0,
        "EBITDA": -13183000.0,
        "EBIT": -13258000.0,
        "Net Interest Income": 577000.0,
        "Interest Expense": 76000.0,
        "Interest Income": 653000.0,
        "Normalized Income": -13332000.0,
        "Net Income From Continuing And Discontinued Operation": -13332000.0,
        "Total Expenses": 21940000.0,
        "Total Operating Income As Reported": -13623000.0,
        "Diluted Average Shares": 19370000.0,
        "Basic Average Shares": 19370000.0,
        "Diluted EPS": -0.69,
        "Basic EPS": -0.69,
        "Diluted NI Availto Com Stockholders": -13332000.0,
        "Net Income Common Stockholders": -13332000.0,
        "Net Income": -13332000.0,
        "Net Income Including Noncontrolling Interests": -13332000.0,
        "Net Income Continuous Operations": -13332000.0,
        "Tax Provision": -2000.0,
        "Pretax Income": -13334000.0,
        "Other Income Expense": -5198000.0,
        "Other Non Operating Income Expenses": -288000.0,
        "Special Income Charges": 0.0,
        "Gain On Sale Of Business": 0.0,
        "Earnings From Equity Interest": -4910000.0,
        "Gain On Sale Of Security": NaN,
        "Net Non Operating Interest Income Expense": 577000.0,
        "Interest Expense Non Operating": 76000.0,
        "Interest Income Non Operating": 653000.0,
        "Operating Income": -8713000.0,
        "Operating Expense": 9339000.0,
        "Other Operating Expenses": 9000.0,
        "Selling General And Administration": 9330000.0,
        "General And Administrative Expense": NaN,
        "Other Gand A": NaN,
        "Gross Profit": 626000.0,
        "Cost Of Revenue": 12601000.0,
        "Total Revenue": 13227000.0,
        "Operating Revenue": 13227000.0
    }
}