{
    "2023-03-31": {
        "Tax Effect Of Unusual Items": NaN,
        "Tax Rate For Calcs": NaN,
        "Normalized EBITDA": NaN,
        "Net Income From Continuing Operation Net Minority Interest": NaN,
        "Reconciled Depreciation": NaN,
        "Reconciled Cost Of Revenue": 0.0,
        "EBITDA": NaN,
        "EBIT": NaN,
        "Net Interest Income": NaN,
        "Interest Income": NaN,
        "Normalized Income": NaN,
        "Net Income From Continuing And Discontinued Operation": NaN,
        "Total Expenses": NaN,
        "Total Operating Income As Reported": NaN,
        "Diluted Average Shares": 38023912.0,
        "Basic Average Shares": 38023912.0,
        "Diluted EPS": -0.255665,
        "Basic EPS": -0.255665,
        "Diluted NI Availto Com Stockholders": NaN,
        "Net Income Common Stockholders": NaN,
        "Net Income": NaN,
        "Net Income Including Noncontrolling Interests": NaN,
        "Net Income Continuous Operations": NaN,
        "Tax Provision": NaN,
        "Pretax Income": NaN,
        "Net Non Operating Interest Income Expense": NaN,
        "Total Other Finance Cost": 239000.0,
        "Interest Income Non Operating": NaN,
        "Operating Income": NaN,
        "Operating Expense": NaN,
        "Research And Development": NaN,
        "Selling General And Administration": NaN,
        "Selling And Marketing Expense": 0.0,
        "General And Administrative Expense": NaN,
        "Other Gand A": NaN,
        "Gross Profit": 0.0,
        "Cost Of Revenue": 0.0,
        "Total Revenue": NaN,
        "Operating Revenue": NaN
    },
    "2022-12-31": {
        "Tax Effect Of Unusual Items": NaN,
        "Tax Rate For Calcs": NaN,
        "Normalized EBITDA": NaN,
        "Net Income From Continuing Operation Net Minority Interest": NaN,
        "Reconciled Depreciation": NaN,
        "Reconciled Cost Of Revenue": 1291000.0,
        "EBITDA": NaN,
        "EBIT": NaN,
        "Net Interest Income": NaN,
        "Interest Income": NaN,
        "Normalized Income": NaN,
        "Net Income From Continuing And Discontinued Operation": NaN,
        "Total Expenses": NaN,
        "Total Operating Income As Reported": NaN,
        "Diluted Average Shares": NaN,
        "Basic Average Shares": NaN,
        "Diluted EPS": NaN,
        "Basic EPS": NaN,
        "Diluted NI Availto Com Stockholders": NaN,
        "Net Income Common Stockholders": NaN,
        "Net Income": NaN,
        "Net Income Including Noncontrolling Interests": NaN,
        "Net Income Continuous Operations": NaN,
        "Tax Provision": NaN,
        "Pretax Income": NaN,
        "Net Non Operating Interest Income Expense": NaN,
        "Total Other Finance Cost": 452000.0,
        "Interest Income Non Operating": NaN,
        "Operating Income": NaN,
        "Operating Expense": NaN,
        "Research And Development": NaN,
        "Selling General And Administration": NaN,
        "Selling And Marketing Expense": 768000.0,
        "General And Administrative Expense": NaN,
        "Other Gand A": NaN,
        "Gross Profit": -1300000.0,
        "Cost Of Revenue": 1291000.0,
        "Total Revenue": NaN,
        "Operating Revenue": NaN
    },
    "2022-09-30": {
        "Tax Effect Of Unusual Items": 0.0,
        "Tax Rate For Calcs": 0.0,
        "Normalized EBITDA": -17686000.0,
        "Net Income From Continuing Operation Net Minority Interest": -18039000.0,
        "Reconciled Depreciation": 339000.0,
        "Reconciled Cost Of Revenue": 8400000.0,
        "EBITDA": -17686000.0,
        "EBIT": -18025000.0,
        "Net Interest Income": -14000.0,
        "Interest Expense": NaN,
        "Interest Income": NaN,
        "Normalized Income": -18039000.0,
        "Net Income From Continuing And Discontinued Operation": -18039000.0,
        "Total Expenses": 18025000.0,
        "Total Operating Income As Reported": -18025000.0,
        "Diluted Average Shares": 37158000.0,
        "Basic Average Shares": 37158000.0,
        "Diluted EPS": -0.49,
        "Basic EPS": -0.49,
        "Diluted NI Availto Com Stockholders": -18039000.0,
        "Net Income Common Stockholders": -18039000.0,
        "Net Income": -18039000.0,
        "Net Income Including Noncontrolling Interests": -18039000.0,
        "Net Income Continuous Operations": -18039000.0,
        "Tax Provision": NaN,
        "Pretax Income": -18039000.0,
        "Net Non Operating Interest Income Expense": -14000.0,
        "Total Other Finance Cost": 14000.0,
        "Interest Expense Non Operating": NaN,
        "Interest Income Non Operating": NaN,
        "Operating Income": -18025000.0,
        "Operating Expense": 9625000.0,
        "Research And Development": 4517000.0,
        "Selling General And Administration": 5108000.0,
        "Selling And Marketing Expense": 2020000.0,
        "General And Administrative Expense": 3088000.0,
        "Other Gand A": 3088000.0,
        "Gross Profit": -8400000.0,
        "Cost Of Revenue": 8400000.0,
        "Total Revenue": 0.0,
        "Operating Revenue": 0.0
    },
    "2022-06-30": {
        "Tax Effect Of Unusual Items": 0.0,
        "Tax Rate For Calcs": 0.0,
        "Normalized EBITDA": -13660000.0,
        "Net Income From Continuing Operation Net Minority Interest": -13996000.0,
        "Reconciled Depreciation": 354000.0,
        "Reconciled Cost Of Revenue": 1344000.0,
        "EBITDA": -13660000.0,
        "EBIT": -14014000.0,
        "Net Interest Income": 18000.0,
        "Interest Expense": NaN,
        "Interest Income": NaN,
        "Normalized Income": -13996000.0,
        "Net Income From Continuing And Discontinued Operation": -13996000.0,
        "Total Expenses": 14279000.0,
        "Total Operating Income As Reported": -14014000.0,
        "Diluted Average Shares": 31492000.0,
        "Basic Average Shares": 31492000.0,
        "Diluted EPS": -0.44,
        "Basic EPS": -0.44,
        "Diluted NI Availto Com Stockholders": -13996000.0,
        "Net Income Common Stockholders": -13996000.0,
        "Net Income": -13996000.0,
        "Net Income Including Noncontrolling Interests": -13996000.0,
        "Net Income Continuous Operations": -13996000.0,
        "Tax Provision": NaN,
        "Pretax Income": -13996000.0,
        "Net Non Operating Interest Income Expense": 18000.0,
        "Total Other Finance Cost": -18000.0,
        "Interest Expense Non Operating": NaN,
        "Interest Income Non Operating": NaN,
        "Operating Income": -14014000.0,
        "Operating Expense": 12935000.0,
        "Research And Development": 5458000.0,
        "Selling General And Administration": 7477000.0,
        "Selling And Marketing Expense": 3690000.0,
        "General And Administrative Expense": 3787000.0,
        "Other Gand A": 3787000.0,
        "Gross Profit": -1079000.0,
        "Cost Of Revenue": 1344000.0,
        "Total Revenue": 265000.0,
        "Operating Revenue": 265000.0
    },
    "2022-03-31": {
        "Diluted EPS": -0.58,
        "Total Revenue": 0,
        "Gross Profit": 0,
        "Operating Income": -17,
        "EBIT": -17,
        "Net Income": -17
    },
    "2021-12-31": {
        "Diluted EPS": -0.51,
        "Total Revenue": 1,
        "Gross Profit": 0,
        "Operating Income": -15,
        "EBIT": -15,
        "Net Income": -15
    },
    "2021-09-30": {
        "Diluted EPS": -0.48,
        "Total Revenue": 1,
        "Gross Profit": 0,
        "Operating Income": -14,
        "EBIT": -14,
        "Net Income": -14
    },
    "2021-06-30": {
        "Diluted EPS": -0.58,
        "Total Revenue": NaN,
        "Gross Profit": NaN,
        "Operating Income": -15,
        "EBIT": -15,
        "Net Income": -15
    },
    "2021-03-31": {
        "Diluted EPS": -0.71,
        "Total Revenue": NaN,
        "Gross Profit": NaN,
        "Operating Income": -19,
        "EBIT": -18,
        "Net Income": -19
    },
    "2020-12-31": {
        "Diluted EPS": -0.53,
        "Total Revenue": NaN,
        "Gross Profit": NaN,
        "Operating Income": -14,
        "EBIT": -13,
        "Net Income": -14
    },
    "2020-09-30": {
        "Diluted EPS": -0.51,
        "Total Revenue": NaN,
        "Gross Profit": NaN,
        "Operating Income": -13,
        "EBIT": -13,
        "Net Income": -13
    },
    "2020-06-30": {
        "Diluted EPS": -0.53,
        "Total Revenue": NaN,
        "Gross Profit": NaN,
        "Operating Income": -11,
        "EBIT": -11,
        "Net Income": -11
    },
    "2020-03-31": {
        "Diluted EPS": -0.57,
        "Total Revenue": NaN,
        "Gross Profit": NaN,
        "Operating Income": -12,
        "EBIT": -12,
        "Net Income": -12
    },
    "2019-12-31": {
        "Diluted EPS": -0.65,
        "Total Revenue": NaN,
        "Gross Profit": NaN,
        "Operating Income": -14,
        "EBIT": -14,
        "Net Income": -14
    },
    "2019-09-30": {
        "Diluted EPS": -0.57,
        "Total Revenue": NaN,
        "Gross Profit": NaN,
        "Operating Income": -12,
        "EBIT": -12,
        "Net Income": -12
    },
    "2019-06-30": {
        "Diluted EPS": -0.55,
        "Total Revenue": NaN,
        "Gross Profit": NaN,
        "Operating Income": -12,
        "EBIT": -12,
        "Net Income": -11
    },
    "2019-03-31": {
        "Diluted EPS": -0.49,
        "Total Revenue": NaN,
        "Gross Profit": NaN,
        "Operating Income": -10,
        "EBIT": -10,
        "Net Income": -10
    },
    "2018-12-31": {
        "Diluted EPS": -0.51,
        "Total Revenue": NaN,
        "Gross Profit": NaN,
        "Operating Income": -9,
        "EBIT": -9,
        "Net Income": -9
    },
    "2018-09-30": {
        "Diluted EPS": -0.64,
        "Total Revenue": NaN,
        "Gross Profit": NaN,
        "Operating Income": -11,
        "EBIT": -11,
        "Net Income": -11
    },
    "2018-06-30": {
        "Diluted EPS": -0.54,
        "Total Revenue": NaN,
        "Gross Profit": NaN,
        "Operating Income": -9,
        "EBIT": -9,
        "Net Income": -9
    },
    "2018-03-31": {
        "Diluted EPS": -0.51,
        "Total Revenue": NaN,
        "Gross Profit": NaN,
        "Operating Income": -9,
        "EBIT": -8,
        "Net Income": -9
    },
    "2017-12-31": {
        "Diluted EPS": -0.55,
        "Total Revenue": NaN,
        "Gross Profit": NaN,
        "Operating Income": -9,
        "EBIT": -9,
        "Net Income": -9
    },
    "2017-09-30": {
        "Diluted EPS": -0.52,
        "Total Revenue": NaN,
        "Gross Profit": NaN,
        "Operating Income": -8,
        "EBIT": -7,
        "Net Income": -7
    },
    "2017-06-30": {
        "Diluted EPS": -0.43,
        "Total Revenue": NaN,
        "Gross Profit": NaN,
        "Operating Income": -6,
        "EBIT": -6,
        "Net Income": -6
    },
    "2017-03-31": {
        "Diluted EPS": -0.23,
        "Total Revenue": NaN,
        "Gross Profit": NaN,
        "Operating Income": -3,
        "EBIT": -3,
        "Net Income": -3
    },
    "2016-12-31": {
        "Diluted EPS": -0.2,
        "Total Revenue": NaN,
        "Gross Profit": NaN,
        "Operating Income": -3,
        "EBIT": -3,
        "Net Income": -3
    },
    "2016-09-30": {
        "Diluted EPS": -0.21,
        "Total Revenue": NaN,
        "Gross Profit": NaN,
        "Operating Income": -3,
        "EBIT": -3,
        "Net Income": -3
    },
    "2016-06-30": {
        "Diluted EPS": -0.23,
        "Total Revenue": NaN,
        "Gross Profit": NaN,
        "Operating Income": -2,
        "EBIT": -2,
        "Net Income": -2
    },
    "2016-03-31": {
        "Diluted EPS": -0.22,
        "Total Revenue": NaN,
        "Gross Profit": NaN,
        "Operating Income": -2,
        "EBIT": -1,
        "Net Income": -2
    },
    "2015-12-31": {
        "Diluted EPS": -0.13,
        "Total Revenue": NaN,
        "Gross Profit": NaN,
        "Operating Income": -2,
        "EBIT": -2,
        "Net Income": -1
    },
    "2015-09-30": {
        "Diluted EPS": -0.1,
        "Total Revenue": NaN,
        "Gross Profit": NaN,
        "Operating Income": -1,
        "EBIT": -1,
        "Net Income": -1
    },
    "2015-06-30": {
        "Diluted EPS": -0.08,
        "Total Revenue": NaN,
        "Gross Profit": NaN,
        "Operating Income": -1,
        "EBIT": -1,
        "Net Income": -1
    },
    "2015-03-31": {
        "Diluted EPS": -0.06,
        "Total Revenue": NaN,
        "Gross Profit": NaN,
        "Operating Income": -1,
        "EBIT": -1,
        "Net Income": 0
    },
    "2023-06-30": {
        "Tax Effect Of Unusual Items": 0.0,
        "Tax Rate For Calcs": 0.0,
        "Normalized EBITDA": -9925000.0,
        "Net Income From Continuing Operation Net Minority Interest": -9910000.0,
        "Reconciled Depreciation": 302000.0,
        "Reconciled Cost Of Revenue": 0.0,
        "EBITDA": -9925000.0,
        "EBIT": -10227000.0,
        "Net Interest Income": 317000.0,
        "Interest Income": 317000.0,
        "Normalized Income": -9910000.0,
        "Net Income From Continuing And Discontinued Operation": -9910000.0,
        "Total Expenses": 10227000.0,
        "Total Operating Income As Reported": -10227000.0,
        "Diluted Average Shares": 46086000.0,
        "Basic Average Shares": 46086000.0,
        "Diluted EPS": -0.22,
        "Basic EPS": -0.22,
        "Diluted NI Availto Com Stockholders": -9910000.0,
        "Net Income Common Stockholders": -9910000.0,
        "Net Income": -9910000.0,
        "Net Income Including Noncontrolling Interests": -9910000.0,
        "Net Income Continuous Operations": -9910000.0,
        "Tax Provision": 0.0,
        "Pretax Income": -9910000.0,
        "Net Non Operating Interest Income Expense": 317000.0,
        "Total Other Finance Cost": NaN,
        "Interest Income Non Operating": 317000.0,
        "Operating Income": -10227000.0,
        "Operating Expense": 10227000.0,
        "Research And Development": 6697000.0,
        "Selling General And Administration": 3530000.0,
        "Selling And Marketing Expense": 0.0,
        "General And Administrative Expense": 3530000.0,
        "Other Gand A": 3530000.0,
        "Gross Profit": 0.0,
        "Cost Of Revenue": 0.0,
        "Total Revenue": 0.0,
        "Operating Revenue": 0.0
    },
    "2023-09-30": {
        "Tax Effect Of Unusual Items": 0.0,
        "Tax Rate For Calcs": 0.0,
        "Normalized EBITDA": -10953000.0,
        "Net Income From Continuing Operation Net Minority Interest": -10566000.0,
        "Reconciled Depreciation": 299000.0,
        "Reconciled Cost Of Revenue": 0.0,
        "EBITDA": -10953000.0,
        "EBIT": -11252000.0,
        "Net Interest Income": 686000.0,
        "Interest Income": NaN,
        "Normalized Income": -10566000.0,
        "Net Income From Continuing And Discontinued Operation": -10566000.0,
        "Total Expenses": 11252000.0,
        "Total Operating Income As Reported": -11252000.0,
        "Diluted Average Shares": 55854168.0,
        "Basic Average Shares": 55854168.0,
        "Diluted EPS": -0.186832,
        "Basic EPS": -0.186832,
        "Diluted NI Availto Com Stockholders": -10566000.0,
        "Net Income Common Stockholders": -10566000.0,
        "Net Income": -10566000.0,
        "Net Income Including Noncontrolling Interests": -10566000.0,
        "Net Income Continuous Operations": -10566000.0,
        "Tax Provision": 0.0,
        "Pretax Income": -10566000.0,
        "Net Non Operating Interest Income Expense": 686000.0,
        "Total Other Finance Cost": -686000.0,
        "Interest Income Non Operating": NaN,
        "Operating Income": -11252000.0,
        "Operating Expense": 11252000.0,
        "Research And Development": 7472000.0,
        "Selling General And Administration": 3780000.0,
        "Selling And Marketing Expense": 0.0,
        "General And Administrative Expense": 3780000.0,
        "Other Gand A": 3780000.0,
        "Gross Profit": 0.0,
        "Cost Of Revenue": 0.0,
        "Total Revenue": 0.0,
        "Operating Revenue": 0.0
    },
    "2023-12-31": {
        "Tax Effect Of Unusual Items": 0.0,
        "Tax Rate For Calcs": 0.0,
        "Normalized EBITDA": -12229000.0,
        "Net Income From Continuing Operation Net Minority Interest": -11933000.0,
        "Reconciled Depreciation": 304000.0,
        "Reconciled Cost Of Revenue": 0.0,
        "EBITDA": -12229000.0,
        "EBIT": -12533000.0,
        "Net Interest Income": 600000.0,
        "Interest Income": NaN,
        "Normalized Income": -11933000.0,
        "Net Income From Continuing And Discontinued Operation": -11933000.0,
        "Total Expenses": 12533000.0,
        "Total Operating Income As Reported": -12533000.0,
        "Diluted Average Shares": NaN,
        "Basic Average Shares": NaN,
        "Diluted EPS": NaN,
        "Basic EPS": NaN,
        "Diluted NI Availto Com Stockholders": -11933000.0,
        "Net Income Common Stockholders": -11933000.0,
        "Net Income": -11933000.0,
        "Net Income Including Noncontrolling Interests": -11933000.0,
        "Net Income Continuous Operations": -11933000.0,
        "Tax Provision": 0.0,
        "Pretax Income": -11933000.0,
        "Net Non Operating Interest Income Expense": 600000.0,
        "Total Other Finance Cost": -600000.0,
        "Interest Income Non Operating": NaN,
        "Operating Income": -12533000.0,
        "Operating Expense": 12533000.0,
        "Research And Development": 7799000.0,
        "Selling General And Administration": 4734000.0,
        "Selling And Marketing Expense": 0.0,
        "General And Administrative Expense": 4734000.0,
        "Other Gand A": 4734000.0,
        "Gross Profit": 0.0,
        "Cost Of Revenue": 0.0,
        "Total Revenue": 0.0,
        "Operating Revenue": 0.0
    },
    "2024-03-31": {
        "Tax Effect Of Unusual Items": 0.0,
        "Tax Rate For Calcs": 0.0,
        "Normalized EBITDA": -10316000.0,
        "Net Income From Continuing Operation Net Minority Interest": -10137000.0,
        "Reconciled Depreciation": 299000.0,
        "Reconciled Cost Of Revenue": NaN,
        "EBITDA": -10316000.0,
        "EBIT": -10615000.0,
        "Net Interest Income": 478000.0,
        "Interest Income": NaN,
        "Normalized Income": -10137000.0,
        "Net Income From Continuing And Discontinued Operation": -10137000.0,
        "Total Expenses": 10615000.0,
        "Total Operating Income As Reported": -10615000.0,
        "Diluted Average Shares": 56107390.0,
        "Basic Average Shares": 56107390.0,
        "Diluted EPS": -0.176999,
        "Basic EPS": -0.176999,
        "Diluted NI Availto Com Stockholders": -10137000.0,
        "Net Income Common Stockholders": -10137000.0,
        "Net Income": -10137000.0,
        "Net Income Including Noncontrolling Interests": -10137000.0,
        "Net Income Continuous Operations": -10137000.0,
        "Tax Provision": 0.0,
        "Pretax Income": -10137000.0,
        "Net Non Operating Interest Income Expense": 478000.0,
        "Total Other Finance Cost": -478000.0,
        "Interest Income Non Operating": NaN,
        "Operating Income": -10615000.0,
        "Operating Expense": 10615000.0,
        "Research And Development": 6741000.0,
        "Selling General And Administration": 3874000.0,
        "Selling And Marketing Expense": NaN,
        "General And Administrative Expense": 3874000.0,
        "Other Gand A": 3874000.0,
        "Gross Profit": NaN,
        "Cost Of Revenue": NaN,
        "Total Revenue": 0.0,
        "Operating Revenue": 0.0
    },
    "2024-06-30": {
        "Tax Effect Of Unusual Items": 0.0,
        "Tax Rate For Calcs": 0.0,
        "Normalized EBITDA": -11428000.0,
        "Net Income From Continuing Operation Net Minority Interest": -11383000.0,
        "Reconciled Depreciation": 298000.0,
        "Reconciled Cost Of Revenue": NaN,
        "EBITDA": -11428000.0,
        "EBIT": -11726000.0,
        "Net Interest Income": 343000.0,
        "Interest Income": 343000.0,
        "Normalized Income": -11383000.0,
        "Net Income From Continuing And Discontinued Operation": -11383000.0,
        "Total Expenses": 11726000.0,
        "Total Operating Income As Reported": -11726000.0,
        "Diluted Average Shares": 57180000.0,
        "Basic Average Shares": 57180000.0,
        "Diluted EPS": -0.2,
        "Basic EPS": -0.2,
        "Diluted NI Availto Com Stockholders": -11383000.0,
        "Net Income Common Stockholders": -11383000.0,
        "Net Income": -11383000.0,
        "Net Income Including Noncontrolling Interests": -11383000.0,
        "Net Income Continuous Operations": -11383000.0,
        "Tax Provision": 0.0,
        "Pretax Income": -11383000.0,
        "Net Non Operating Interest Income Expense": 343000.0,
        "Total Other Finance Cost": NaN,
        "Interest Income Non Operating": 343000.0,
        "Operating Income": -11726000.0,
        "Operating Expense": 11726000.0,
        "Research And Development": 7230000.0,
        "Selling General And Administration": 4496000.0,
        "Selling And Marketing Expense": NaN,
        "General And Administrative Expense": 4496000.0,
        "Other Gand A": 4496000.0,
        "Gross Profit": NaN,
        "Cost Of Revenue": NaN,
        "Total Revenue": 0.0,
        "Operating Revenue": 0.0
    }
}