{
    "2023-03-31": {
        "Tax Effect Of Unusual Items": NaN,
        "Tax Rate For Calcs": NaN,
        "Normalized EBITDA": NaN,
        "Net Income From Continuing Operation Net Minority Interest": NaN,
        "Reconciled Depreciation": NaN,
        "EBITDA": NaN,
        "EBIT": NaN,
        "Net Interest Income": NaN,
        "Interest Expense": NaN,
        "Normalized Income": NaN,
        "Net Income From Continuing And Discontinued Operation": NaN,
        "Total Expenses": NaN,
        "Total Operating Income As Reported": NaN,
        "Diluted Average Shares": 4993451.0,
        "Basic Average Shares": 4993451.0,
        "Diluted EPS": -1.52,
        "Basic EPS": -1.52,
        "Diluted NI Availto Com Stockholders": NaN,
        "Net Income Common Stockholders": NaN,
        "Net Income": NaN,
        "Minority Interests": NaN,
        "Net Income Including Noncontrolling Interests": NaN,
        "Net Income Continuous Operations": NaN,
        "Pretax Income": NaN,
        "Net Non Operating Interest Income Expense": NaN,
        "Total Other Finance Cost": NaN,
        "Interest Expense Non Operating": NaN,
        "Operating Income": NaN,
        "Operating Expense": NaN,
        "Research And Development": NaN,
        "Selling General And Administration": NaN,
        "General And Administrative Expense": NaN,
        "Other Gand A": NaN,
        "Total Revenue": NaN,
        "Operating Revenue": NaN
    },
    "2022-12-31": {
        "Tax Effect Of Unusual Items": NaN,
        "Tax Rate For Calcs": NaN,
        "Normalized EBITDA": NaN,
        "Net Income From Continuing Operation Net Minority Interest": NaN,
        "Reconciled Depreciation": NaN,
        "EBITDA": NaN,
        "EBIT": NaN,
        "Net Interest Income": NaN,
        "Interest Expense": NaN,
        "Normalized Income": NaN,
        "Net Income From Continuing And Discontinued Operation": NaN,
        "Total Expenses": NaN,
        "Total Operating Income As Reported": NaN,
        "Diluted Average Shares": 4149327.0,
        "Basic Average Shares": 4149327.0,
        "Diluted EPS": -1.92,
        "Basic EPS": -1.92,
        "Diluted NI Availto Com Stockholders": NaN,
        "Net Income Common Stockholders": NaN,
        "Net Income": NaN,
        "Minority Interests": NaN,
        "Net Income Including Noncontrolling Interests": NaN,
        "Net Income Continuous Operations": NaN,
        "Pretax Income": NaN,
        "Net Non Operating Interest Income Expense": NaN,
        "Total Other Finance Cost": NaN,
        "Interest Expense Non Operating": NaN,
        "Operating Income": NaN,
        "Operating Expense": NaN,
        "Research And Development": NaN,
        "Selling General And Administration": NaN,
        "General And Administrative Expense": NaN,
        "Other Gand A": NaN,
        "Total Revenue": NaN,
        "Operating Revenue": NaN
    },
    "2022-09-30": {
        "Tax Effect Of Unusual Items": NaN,
        "Tax Rate For Calcs": NaN,
        "Normalized EBITDA": NaN,
        "Net Income From Continuing Operation Net Minority Interest": NaN,
        "Reconciled Depreciation": NaN,
        "EBITDA": NaN,
        "EBIT": NaN,
        "Net Interest Income": NaN,
        "Interest Expense": NaN,
        "Interest Income": 848000.0,
        "Normalized Income": NaN,
        "Net Income From Continuing And Discontinued Operation": NaN,
        "Total Expenses": NaN,
        "Total Operating Income As Reported": NaN,
        "Diluted Average Shares": NaN,
        "Basic Average Shares": NaN,
        "Diluted EPS": NaN,
        "Basic EPS": NaN,
        "Diluted NI Availto Com Stockholders": NaN,
        "Net Income Common Stockholders": NaN,
        "Net Income": NaN,
        "Minority Interests": NaN,
        "Net Income Including Noncontrolling Interests": NaN,
        "Net Income Continuous Operations": NaN,
        "Pretax Income": NaN,
        "Net Non Operating Interest Income Expense": NaN,
        "Total Other Finance Cost": NaN,
        "Interest Expense Non Operating": NaN,
        "Interest Income Non Operating": 848000.0,
        "Operating Income": NaN,
        "Operating Expense": NaN,
        "Research And Development": NaN,
        "Selling General And Administration": NaN,
        "General And Administrative Expense": NaN,
        "Other Gand A": NaN,
        "Total Revenue": NaN,
        "Operating Revenue": NaN
    },
    "2022-06-30": {
        "Tax Effect Of Unusual Items": 0.0,
        "Tax Rate For Calcs": 0.0,
        "Normalized EBITDA": -8735000.0,
        "Net Income From Continuing Operation Net Minority Interest": -9005000.0,
        "Reconciled Depreciation": 138000.0,
        "EBITDA": -8735000.0,
        "EBIT": -8873000.0,
        "Net Interest Income": -752000.0,
        "Interest Expense": 211000.0,
        "Interest Income": -516000.0,
        "Normalized Income": -9005000.0,
        "Net Income From Continuing And Discontinued Operation": -9005000.0,
        "Total Expenses": 8882000.0,
        "Total Operating Income As Reported": -8882000.0,
        "Diluted Average Shares": 32373787.0,
        "Basic Average Shares": 32373787.0,
        "Diluted EPS": -0.28,
        "Basic EPS": -0.28,
        "Diluted NI Availto Com Stockholders": -9005000.0,
        "Net Income Common Stockholders": -9005000.0,
        "Net Income": -9005000.0,
        "Minority Interests": 79000.0,
        "Net Income Including Noncontrolling Interests": -9084000.0,
        "Net Income Continuous Operations": -9084000.0,
        "Pretax Income": -9084000.0,
        "Net Non Operating Interest Income Expense": -752000.0,
        "Total Other Finance Cost": NaN,
        "Interest Expense Non Operating": 211000.0,
        "Interest Income Non Operating": -516000.0,
        "Operating Income": -8882000.0,
        "Operating Expense": 8882000.0,
        "Research And Development": 5361000.0,
        "Selling General And Administration": 3521000.0,
        "General And Administrative Expense": 3521000.0,
        "Other Gand A": 3521000.0,
        "Total Revenue": 0.0,
        "Operating Revenue": 0.0
    },
    "2022-03-31": {
        "Diluted EPS": -0.31,
        "Total Revenue": 0,
        "Gross Profit": 0,
        "Operating Income": -10,
        "EBIT": -10,
        "Net Income": -10
    },
    "2021-12-31": {
        "Diluted EPS": -0.34,
        "Total Revenue": NaN,
        "Gross Profit": NaN,
        "Operating Income": -11,
        "EBIT": -10,
        "Net Income": -11
    },
    "2021-09-30": {
        "Diluted EPS": -0.36,
        "Total Revenue": NaN,
        "Gross Profit": NaN,
        "Operating Income": -11,
        "EBIT": -11,
        "Net Income": -11
    },
    "2021-06-30": {
        "Diluted EPS": -0.47,
        "Total Revenue": NaN,
        "Gross Profit": NaN,
        "Operating Income": -15,
        "EBIT": -14,
        "Net Income": -15
    },
    "2021-03-31": {
        "Diluted EPS": -0.48,
        "Total Revenue": NaN,
        "Gross Profit": NaN,
        "Operating Income": -14,
        "EBIT": -14,
        "Net Income": -14
    },
    "2020-12-31": {
        "Diluted EPS": -0.49,
        "Total Revenue": NaN,
        "Gross Profit": NaN,
        "Operating Income": -13,
        "EBIT": -13,
        "Net Income": -13
    },
    "2020-09-30": {
        "Diluted EPS": -0.33,
        "Total Revenue": NaN,
        "Gross Profit": NaN,
        "Operating Income": -9,
        "EBIT": -8,
        "Net Income": -8
    },
    "2020-06-30": {
        "Diluted EPS": -0.32,
        "Total Revenue": NaN,
        "Gross Profit": NaN,
        "Operating Income": -9,
        "EBIT": -8,
        "Net Income": -8
    },
    "2020-03-31": {
        "Diluted EPS": -0.42,
        "Total Revenue": NaN,
        "Gross Profit": NaN,
        "Operating Income": -7,
        "EBIT": -7,
        "Net Income": -8
    },
    "2019-12-31": {
        "Diluted EPS": -0.4,
        "Total Revenue": 0,
        "Gross Profit": 0,
        "Operating Income": -6,
        "EBIT": -6,
        "Net Income": -6
    },
    "2019-09-30": {
        "Diluted EPS": -0.46,
        "Total Revenue": NaN,
        "Gross Profit": NaN,
        "Operating Income": -7,
        "EBIT": -7,
        "Net Income": -7
    },
    "2019-06-30": {
        "Diluted EPS": -0.52,
        "Total Revenue": 0,
        "Gross Profit": 0,
        "Operating Income": -8,
        "EBIT": -7,
        "Net Income": -8
    },
    "2019-03-31": {
        "Diluted EPS": -0.86,
        "Total Revenue": NaN,
        "Gross Profit": NaN,
        "Operating Income": -10,
        "EBIT": -10,
        "Net Income": -10
    },
    "2018-12-31": {
        "Diluted EPS": -0.75,
        "Total Revenue": 0,
        "Gross Profit": 0,
        "Operating Income": -8,
        "EBIT": -8,
        "Net Income": -9
    },
    "2018-09-30": {
        "Diluted EPS": -0.77,
        "Total Revenue": 0,
        "Gross Profit": 0,
        "Operating Income": -9,
        "EBIT": -8,
        "Net Income": -9
    },
    "2018-06-30": {
        "Diluted EPS": -0.8,
        "Total Revenue": NaN,
        "Gross Profit": NaN,
        "Operating Income": -9,
        "EBIT": -8,
        "Net Income": -9
    },
    "2018-03-31": {
        "Diluted EPS": -0.1,
        "Total Revenue": NaN,
        "Gross Profit": NaN,
        "Operating Income": -9,
        "EBIT": -9,
        "Net Income": -2
    },
    "2017-12-31": {
        "Diluted EPS": -0.8,
        "Total Revenue": 0,
        "Gross Profit": 0,
        "Operating Income": -8,
        "EBIT": -8,
        "Net Income": -8
    },
    "2017-09-30": {
        "Diluted EPS": -0.8,
        "Total Revenue": NaN,
        "Gross Profit": NaN,
        "Operating Income": -7,
        "EBIT": -7,
        "Net Income": -7
    },
    "2017-06-30": {
        "Diluted EPS": -0.7,
        "Total Revenue": NaN,
        "Gross Profit": NaN,
        "Operating Income": -7,
        "EBIT": -6,
        "Net Income": -7
    },
    "2017-03-31": {
        "Diluted EPS": -0.9,
        "Total Revenue": NaN,
        "Gross Profit": NaN,
        "Operating Income": -8,
        "EBIT": -8,
        "Net Income": -8
    },
    "2016-12-31": {
        "Diluted EPS": -0.8,
        "Total Revenue": NaN,
        "Gross Profit": NaN,
        "Operating Income": -7,
        "EBIT": -6,
        "Net Income": -7
    },
    "2016-09-30": {
        "Diluted EPS": -0.8,
        "Total Revenue": NaN,
        "Gross Profit": NaN,
        "Operating Income": -7,
        "EBIT": -6,
        "Net Income": -6
    },
    "2016-06-30": {
        "Diluted EPS": -0.8,
        "Total Revenue": 0,
        "Gross Profit": 0,
        "Operating Income": -6,
        "EBIT": -6,
        "Net Income": -6
    },
    "2016-03-31": {
        "Diluted EPS": -0.9,
        "Total Revenue": NaN,
        "Gross Profit": NaN,
        "Operating Income": -7,
        "EBIT": -7,
        "Net Income": -7
    },
    "2015-12-31": {
        "Diluted EPS": -0.5,
        "Total Revenue": 3,
        "Gross Profit": 3,
        "Operating Income": -4,
        "EBIT": -4,
        "Net Income": -4
    },
    "2015-09-30": {
        "Diluted EPS": -0.7,
        "Total Revenue": 0,
        "Gross Profit": 0,
        "Operating Income": -6,
        "EBIT": -5,
        "Net Income": -6
    },
    "2015-06-30": {
        "Diluted EPS": -0.7,
        "Total Revenue": 0,
        "Gross Profit": 0,
        "Operating Income": -6,
        "EBIT": -5,
        "Net Income": -5
    },
    "2015-03-31": {
        "Diluted EPS": -1.0,
        "Total Revenue": 0,
        "Gross Profit": 0,
        "Operating Income": -8,
        "EBIT": -7,
        "Net Income": -7
    },
    "2014-12-31": {
        "Diluted EPS": -0.9,
        "Total Revenue": 0,
        "Gross Profit": 0,
        "Operating Income": -6,
        "EBIT": -6,
        "Net Income": -6
    },
    "2014-09-30": {
        "Diluted EPS": -0.9,
        "Total Revenue": 0,
        "Gross Profit": 0,
        "Operating Income": -6,
        "EBIT": -5,
        "Net Income": -6
    },
    "2014-06-30": {
        "Diluted EPS": -0.9,
        "Total Revenue": 0,
        "Gross Profit": 0,
        "Operating Income": -7,
        "EBIT": -5,
        "Net Income": -6
    },
    "2014-03-31": {
        "Diluted EPS": -1.4,
        "Total Revenue": 0,
        "Gross Profit": 0,
        "Operating Income": -9,
        "EBIT": -9,
        "Net Income": -9
    },
    "2013-12-31": {
        "Diluted EPS": -1.1,
        "Total Revenue": 0,
        "Gross Profit": 0,
        "Operating Income": -7,
        "EBIT": -7,
        "Net Income": -7
    },
    "2013-09-30": {
        "Diluted EPS": -0.8,
        "Total Revenue": 0,
        "Gross Profit": 0,
        "Operating Income": -5,
        "EBIT": -4,
        "Net Income": -5
    },
    "2013-06-30": {
        "Diluted EPS": -1.2,
        "Total Revenue": 0,
        "Gross Profit": 0,
        "Operating Income": -7,
        "EBIT": -7,
        "Net Income": -7
    },
    "2013-03-31": {
        "Diluted EPS": -1.0,
        "Total Revenue": 0,
        "Gross Profit": 0,
        "Operating Income": -6,
        "EBIT": -6,
        "Net Income": -6
    },
    "2012-12-31": {
        "Diluted EPS": -0.8,
        "Total Revenue": 0,
        "Gross Profit": 0,
        "Operating Income": -5,
        "EBIT": -5,
        "Net Income": -4
    },
    "2012-09-30": {
        "Diluted EPS": -0.8,
        "Total Revenue": 0,
        "Gross Profit": 0,
        "Operating Income": -4,
        "EBIT": -4,
        "Net Income": -4
    },
    "2012-06-30": {
        "Diluted EPS": -0.9,
        "Total Revenue": 0,
        "Gross Profit": 0,
        "Operating Income": -4,
        "EBIT": -4,
        "Net Income": -4
    },
    "2012-03-31": {
        "Diluted EPS": -0.9,
        "Total Revenue": 0,
        "Gross Profit": 0,
        "Operating Income": -5,
        "EBIT": -5,
        "Net Income": -4
    },
    "2011-12-31": {
        "Diluted EPS": -0.5,
        "Total Revenue": 0,
        "Gross Profit": 0,
        "Operating Income": -2,
        "EBIT": -2,
        "Net Income": -2
    },
    "2011-09-30": {
        "Diluted EPS": -1.1,
        "Total Revenue": 0,
        "Gross Profit": 0,
        "Operating Income": -4,
        "EBIT": -4,
        "Net Income": -4
    },
    "2011-06-30": {
        "Diluted EPS": -0.9,
        "Total Revenue": NaN,
        "Gross Profit": NaN,
        "Operating Income": -4,
        "EBIT": -4,
        "Net Income": -4
    },
    "2011-03-31": {
        "Diluted EPS": -0.7,
        "Total Revenue": NaN,
        "Gross Profit": NaN,
        "Operating Income": -3,
        "EBIT": -3,
        "Net Income": -3
    },
    "2010-12-31": {
        "Diluted EPS": -1.1,
        "Total Revenue": NaN,
        "Gross Profit": NaN,
        "Operating Income": -3,
        "EBIT": -3,
        "Net Income": -3
    },
    "2010-09-30": {
        "Diluted EPS": -0.8,
        "Total Revenue": NaN,
        "Gross Profit": NaN,
        "Operating Income": -2,
        "EBIT": -2,
        "Net Income": -2
    },
    "2010-06-30": {
        "Diluted EPS": -1.0,
        "Total Revenue": NaN,
        "Gross Profit": NaN,
        "Operating Income": -2,
        "EBIT": -2,
        "Net Income": -2
    },
    "2010-03-31": {
        "Diluted EPS": -1.3,
        "Total Revenue": NaN,
        "Gross Profit": NaN,
        "Operating Income": -2,
        "EBIT": -2,
        "Net Income": -2
    },
    "2009-12-31": {
        "Diluted EPS": -1.0,
        "Total Revenue": NaN,
        "Gross Profit": NaN,
        "Operating Income": -2,
        "EBIT": -2,
        "Net Income": -2
    },
    "2009-09-30": {
        "Diluted EPS": -1.1,
        "Total Revenue": NaN,
        "Gross Profit": NaN,
        "Operating Income": -2,
        "EBIT": -2,
        "Net Income": -2
    },
    "2009-06-30": {
        "Diluted EPS": -0.8,
        "Total Revenue": NaN,
        "Gross Profit": NaN,
        "Operating Income": -2,
        "EBIT": -2,
        "Net Income": -2
    },
    "2009-03-31": {
        "Diluted EPS": -1.7,
        "Total Revenue": NaN,
        "Gross Profit": NaN,
        "Operating Income": -2,
        "EBIT": -2,
        "Net Income": -2
    },
    "2023-06-30": {
        "Tax Effect Of Unusual Items": 0.0,
        "Tax Rate For Calcs": 0.0,
        "Normalized EBITDA": -6309000.0,
        "Net Income From Continuing Operation Net Minority Interest": -6459000.0,
        "Reconciled Depreciation": 77000.0,
        "EBITDA": -6309000.0,
        "EBIT": -6386000.0,
        "Net Interest Income": 1804000.0,
        "Interest Expense": 220000.0,
        "Normalized Income": -6459000.0,
        "Net Income From Continuing And Discontinued Operation": -6459000.0,
        "Total Expenses": 6655000.0,
        "Total Operating Income As Reported": -6544000.0,
        "Diluted Average Shares": NaN,
        "Basic Average Shares": NaN,
        "Diluted EPS": NaN,
        "Basic EPS": NaN,
        "Diluted NI Availto Com Stockholders": -6459000.0,
        "Net Income Common Stockholders": -6459000.0,
        "Net Income": -6459000.0,
        "Minority Interests": 147000.0,
        "Net Income Including Noncontrolling Interests": -6606000.0,
        "Net Income Continuous Operations": -6606000.0,
        "Pretax Income": -6606000.0,
        "Net Non Operating Interest Income Expense": 1804000.0,
        "Total Other Finance Cost": -940000.0,
        "Interest Expense Non Operating": 220000.0,
        "Operating Income": -6544000.0,
        "Operating Expense": 6646000.0,
        "Research And Development": 3522000.0,
        "Selling General And Administration": 3124000.0,
        "General And Administrative Expense": 3124000.0,
        "Other Gand A": 3124000.0,
        "Total Revenue": 111000.0,
        "Operating Revenue": 111000.0
    },
    "2023-09-30": {
        "Tax Effect Of Unusual Items": 0.0,
        "Tax Rate For Calcs": 0.0,
        "Normalized EBITDA": -4817000.0,
        "Net Income From Continuing Operation Net Minority Interest": -4961000.0,
        "Reconciled Depreciation": 67000.0,
        "EBITDA": -4817000.0,
        "EBIT": -4884000.0,
        "Net Interest Income": 279000.0,
        "Interest Expense": 214000.0,
        "Normalized Income": -4961000.0,
        "Net Income From Continuing And Discontinued Operation": -4961000.0,
        "Total Expenses": 5431000.0,
        "Total Operating Income As Reported": -5377000.0,
        "Diluted Average Shares": 5166470.0,
        "Basic Average Shares": 5166470.0,
        "Diluted EPS": -0.96,
        "Basic EPS": -0.96,
        "Diluted NI Availto Com Stockholders": -4961000.0,
        "Net Income Common Stockholders": -4961000.0,
        "Net Income": -4961000.0,
        "Minority Interests": 137000.0,
        "Net Income Including Noncontrolling Interests": -5098000.0,
        "Net Income Continuous Operations": -5098000.0,
        "Pretax Income": -5098000.0,
        "Net Non Operating Interest Income Expense": 279000.0,
        "Total Other Finance Cost": -493000.0,
        "Interest Expense Non Operating": 214000.0,
        "Operating Income": -5377000.0,
        "Operating Expense": 5431000.0,
        "Research And Development": 2993000.0,
        "Selling General And Administration": 2438000.0,
        "General And Administrative Expense": 2438000.0,
        "Other Gand A": 2438000.0,
        "Total Revenue": 54000.0,
        "Operating Revenue": 54000.0
    },
    "2023-12-31": {
        "Tax Effect Of Unusual Items": 0.0,
        "Tax Rate For Calcs": 0.0,
        "Normalized EBITDA": -4714000.0,
        "Net Income From Continuing Operation Net Minority Interest": -4905000.0,
        "Reconciled Depreciation": 64000.0,
        "EBITDA": -4714000.0,
        "EBIT": -4778000.0,
        "Net Interest Income": 219000.0,
        "Interest Expense": 216000.0,
        "Normalized Income": -4905000.0,
        "Net Income From Continuing And Discontinued Operation": -4905000.0,
        "Total Expenses": 5318000.0,
        "Total Operating Income As Reported": -5213000.0,
        "Diluted Average Shares": 5190852.0,
        "Basic Average Shares": 5190852.0,
        "Diluted EPS": -0.96,
        "Basic EPS": -0.96,
        "Diluted NI Availto Com Stockholders": -4905000.0,
        "Net Income Common Stockholders": -4905000.0,
        "Net Income": -4905000.0,
        "Minority Interests": 89000.0,
        "Net Income Including Noncontrolling Interests": -4994000.0,
        "Net Income Continuous Operations": -4994000.0,
        "Pretax Income": -4994000.0,
        "Net Non Operating Interest Income Expense": 219000.0,
        "Total Other Finance Cost": -435000.0,
        "Interest Expense Non Operating": 216000.0,
        "Operating Income": -5213000.0,
        "Operating Expense": 5318000.0,
        "Research And Development": 2964000.0,
        "Selling General And Administration": 2354000.0,
        "General And Administrative Expense": 2354000.0,
        "Other Gand A": 2354000.0,
        "Total Revenue": 105000.0,
        "Operating Revenue": 105000.0
    },
    "2024-03-31": {
        "Tax Effect Of Unusual Items": 0.0,
        "Tax Rate For Calcs": 0.0,
        "Normalized EBITDA": -5111000.0,
        "Net Income From Continuing Operation Net Minority Interest": -5293000.0,
        "Reconciled Depreciation": 61000.0,
        "EBITDA": -5111000.0,
        "EBIT": -5172000.0,
        "Net Interest Income": 144000.0,
        "Interest Expense": 218000.0,
        "Normalized Income": -5293000.0,
        "Net Income From Continuing And Discontinued Operation": -5293000.0,
        "Total Expenses": 5605000.0,
        "Total Operating Income As Reported": -5534000.0,
        "Diluted Average Shares": 5221162.0,
        "Basic Average Shares": 5221162.0,
        "Diluted EPS": -1.01,
        "Basic EPS": -1.01,
        "Diluted NI Availto Com Stockholders": -5293000.0,
        "Net Income Common Stockholders": -5293000.0,
        "Net Income": -5293000.0,
        "Minority Interests": 97000.0,
        "Net Income Including Noncontrolling Interests": -5390000.0,
        "Net Income Continuous Operations": -5390000.0,
        "Pretax Income": -5390000.0,
        "Net Non Operating Interest Income Expense": 144000.0,
        "Total Other Finance Cost": -362000.0,
        "Interest Expense Non Operating": 218000.0,
        "Operating Income": -5534000.0,
        "Operating Expense": 5605000.0,
        "Research And Development": 3094000.0,
        "Selling General And Administration": 2511000.0,
        "General And Administrative Expense": 2511000.0,
        "Other Gand A": 2511000.0,
        "Total Revenue": 71000.0,
        "Operating Revenue": 71000.0
    },
    "2024-06-30": {
        "Tax Effect Of Unusual Items": 0.0,
        "Tax Rate For Calcs": 0.0,
        "Normalized EBITDA": -5583000.0,
        "Net Income From Continuing Operation Net Minority Interest": -5729000.0,
        "Reconciled Depreciation": 61000.0,
        "EBITDA": -5583000.0,
        "EBIT": -5644000.0,
        "Net Interest Income": -102000.0,
        "Interest Expense": 218000.0,
        "Normalized Income": -5729000.0,
        "Net Income From Continuing And Discontinued Operation": -5729000.0,
        "Total Expenses": 6130000.0,
        "Total Operating Income As Reported": -6034000.0,
        "Diluted Average Shares": NaN,
        "Basic Average Shares": NaN,
        "Diluted EPS": NaN,
        "Basic EPS": NaN,
        "Diluted NI Availto Com Stockholders": -5729000.0,
        "Net Income Common Stockholders": -5729000.0,
        "Net Income": -5729000.0,
        "Minority Interests": 133000.0,
        "Net Income Including Noncontrolling Interests": -5862000.0,
        "Net Income Continuous Operations": -5862000.0,
        "Pretax Income": -5862000.0,
        "Net Non Operating Interest Income Expense": -102000.0,
        "Total Other Finance Cost": 1198000.0,
        "Interest Expense Non Operating": 218000.0,
        "Operating Income": -6034000.0,
        "Operating Expense": 6126000.0,
        "Research And Development": 3395000.0,
        "Selling General And Administration": 2731000.0,
        "General And Administrative Expense": 2731000.0,
        "Other Gand A": 2731000.0,
        "Total Revenue": 96000.0,
        "Operating Revenue": 96000.0
    }
}