{
    "2023-06-30": {
        "Tax Effect Of Unusual Items": NaN,
        "Tax Rate For Calcs": NaN,
        "Normalized EBITDA": NaN,
        "Total Unusual Items": -665000000.0,
        "Total Unusual Items Excluding Goodwill": -665000000.0,
        "Net Income From Continuing Operation Net Minority Interest": NaN,
        "Reconciled Depreciation": NaN,
        "Reconciled Cost Of Revenue": NaN,
        "EBITDA": NaN,
        "EBIT": NaN,
        "Net Interest Income": NaN,
        "Interest Expense": NaN,
        "Normalized Income": NaN,
        "Net Income From Continuing And Discontinued Operation": NaN,
        "Total Expenses": NaN,
        "Total Operating Income As Reported": NaN,
        "Diluted Average Shares": 1553000000.0,
        "Basic Average Shares": 1552000000.0,
        "Diluted EPS": 1.01,
        "Basic EPS": 1.01,
        "Diluted NI Availto Com Stockholders": NaN,
        "Net Income Common Stockholders": NaN,
        "Otherunder Preferred Stock Dividend": NaN,
        "Net Income": NaN,
        "Minority Interests": NaN,
        "Net Income Including Noncontrolling Interests": NaN,
        "Net Income Continuous Operations": NaN,
        "Earnings From Equity Interest Net Of Tax": NaN,
        "Tax Provision": NaN,
        "Pretax Income": NaN,
        "Other Income Expense": NaN,
        "Other Non Operating Income Expenses": NaN,
        "Special Income Charges": -665000000.0,
        "Impairment Of Capital Assets": 665000000.0,
        "Net Non Operating Interest Income Expense": NaN,
        "Interest Expense Non Operating": NaN,
        "Operating Income": NaN,
        "Operating Expense": NaN,
        "Selling General And Administration": NaN,
        "General And Administrative Expense": NaN,
        "Other Gand A": NaN,
        "Salaries And Wages": NaN,
        "Gross Profit": NaN,
        "Cost Of Revenue": NaN,
        "Total Revenue": NaN,
        "Operating Revenue": NaN
    },
    "2023-03-31": {
        "Tax Effect Of Unusual Items": NaN,
        "Tax Rate For Calcs": NaN,
        "Normalized EBITDA": NaN,
        "Total Unusual Items": NaN,
        "Total Unusual Items Excluding Goodwill": NaN,
        "Net Income From Continuing Operation Net Minority Interest": NaN,
        "Reconciled Depreciation": NaN,
        "Reconciled Cost Of Revenue": NaN,
        "EBITDA": NaN,
        "EBIT": NaN,
        "Net Interest Income": NaN,
        "Interest Expense": NaN,
        "Normalized Income": NaN,
        "Net Income From Continuing And Discontinued Operation": NaN,
        "Total Expenses": NaN,
        "Total Operating Income As Reported": NaN,
        "Diluted Average Shares": NaN,
        "Basic Average Shares": NaN,
        "Diluted EPS": NaN,
        "Basic EPS": NaN,
        "Diluted NI Availto Com Stockholders": NaN,
        "Net Income Common Stockholders": NaN,
        "Otherunder Preferred Stock Dividend": NaN,
        "Net Income": NaN,
        "Minority Interests": NaN,
        "Net Income Including Noncontrolling Interests": NaN,
        "Net Income Continuous Operations": NaN,
        "Earnings From Equity Interest Net Of Tax": NaN,
        "Tax Provision": NaN,
        "Pretax Income": NaN,
        "Other Income Expense": NaN,
        "Special Income Charges": NaN,
        "Impairment Of Capital Assets": NaN,
        "Net Non Operating Interest Income Expense": NaN,
        "Interest Expense Non Operating": NaN,
        "Operating Income": NaN,
        "Operating Expense": NaN,
        "Selling General And Administration": NaN,
        "General And Administrative Expense": NaN,
        "Other Gand A": NaN,
        "Salaries And Wages": NaN,
        "Gross Profit": NaN,
        "Cost Of Revenue": NaN,
        "Total Revenue": NaN,
        "Excise Taxes": 11299000000.0,
        "Operating Revenue": NaN
    },
    "2022-12-31": {
        "Tax Effect Of Unusual Items": NaN,
        "Tax Rate For Calcs": NaN,
        "Normalized EBITDA": NaN,
        "Total Unusual Items": NaN,
        "Total Unusual Items Excluding Goodwill": NaN,
        "Net Income From Continuing Operation Net Minority Interest": NaN,
        "Reconciled Depreciation": NaN,
        "Reconciled Cost Of Revenue": NaN,
        "EBITDA": NaN,
        "EBIT": NaN,
        "Net Interest Income": NaN,
        "Interest Expense": NaN,
        "Normalized Income": NaN,
        "Net Income From Continuing And Discontinued Operation": NaN,
        "Total Expenses": NaN,
        "Total Operating Income As Reported": NaN,
        "Diluted Average Shares": NaN,
        "Basic Average Shares": NaN,
        "Diluted EPS": NaN,
        "Basic EPS": NaN,
        "Diluted NI Availto Com Stockholders": NaN,
        "Net Income Common Stockholders": NaN,
        "Otherunder Preferred Stock Dividend": NaN,
        "Net Income": NaN,
        "Minority Interests": NaN,
        "Net Income Including Noncontrolling Interests": NaN,
        "Net Income Continuous Operations": NaN,
        "Earnings From Equity Interest Net Of Tax": NaN,
        "Tax Provision": NaN,
        "Pretax Income": NaN,
        "Other Income Expense": NaN,
        "Special Income Charges": NaN,
        "Impairment Of Capital Assets": NaN,
        "Net Non Operating Interest Income Expense": NaN,
        "Interest Expense Non Operating": NaN,
        "Operating Income": NaN,
        "Operating Expense": NaN,
        "Selling General And Administration": NaN,
        "General And Administrative Expense": NaN,
        "Other Gand A": NaN,
        "Salaries And Wages": NaN,
        "Gross Profit": NaN,
        "Cost Of Revenue": NaN,
        "Total Revenue": NaN,
        "Excise Taxes": 11879000000.0,
        "Operating Revenue": NaN
    },
    "2022-09-30": {
        "Tax Effect Of Unusual Items": NaN,
        "Tax Rate For Calcs": NaN,
        "Normalized EBITDA": NaN,
        "Net Income From Continuing Operation Net Minority Interest": NaN,
        "Reconciled Depreciation": NaN,
        "Reconciled Cost Of Revenue": NaN,
        "EBITDA": NaN,
        "EBIT": NaN,
        "Net Interest Income": NaN,
        "Interest Expense": NaN,
        "Normalized Income": NaN,
        "Net Income From Continuing And Discontinued Operation": NaN,
        "Total Expenses": NaN,
        "Total Operating Income As Reported": NaN,
        "Diluted Average Shares": NaN,
        "Basic Average Shares": NaN,
        "Diluted EPS": NaN,
        "Basic EPS": NaN,
        "Diluted NI Availto Com Stockholders": NaN,
        "Net Income Common Stockholders": NaN,
        "Otherunder Preferred Stock Dividend": NaN,
        "Net Income": NaN,
        "Minority Interests": NaN,
        "Net Income Including Noncontrolling Interests": NaN,
        "Net Income Continuous Operations": NaN,
        "Earnings From Equity Interest Net Of Tax": NaN,
        "Tax Provision": NaN,
        "Pretax Income": NaN,
        "Net Non Operating Interest Income Expense": NaN,
        "Interest Expense Non Operating": NaN,
        "Operating Income": NaN,
        "Operating Expense": NaN,
        "Selling General And Administration": NaN,
        "General And Administrative Expense": NaN,
        "Other Gand A": NaN,
        "Salaries And Wages": NaN,
        "Gross Profit": NaN,
        "Cost Of Revenue": NaN,
        "Total Revenue": NaN,
        "Excise Taxes": 12856000000.0,
        "Operating Revenue": NaN
    },
    "2022-06-30": {
        "Tax Effect Of Unusual Items": 0.0,
        "Tax Rate For Calcs": 0.203077,
        "Normalized EBITDA": 3087000000.0,
        "Net Income From Continuing Operation Net Minority Interest": 2233000000.0,
        "Reconciled Depreciation": 36000000.0,
        "Reconciled Cost Of Revenue": 2648000000.0,
        "EBITDA": 3087000000.0,
        "EBIT": 3051000000.0,
        "Net Interest Income": -126000000.0,
        "Interest Expense": 126000000.0,
        "Normalized Income": 2233000000.0,
        "Net Income From Continuing And Discontinued Operation": 2233000000.0,
        "Total Expenses": 4781000000.0,
        "Total Operating Income As Reported": 3056000000.0,
        "Diluted Average Shares": 1552000000.0,
        "Basic Average Shares": 1551000000.0,
        "Diluted EPS": 1.43,
        "Basic EPS": 1.44,
        "Diluted NI Availto Com Stockholders": 2226000000.0,
        "Net Income Common Stockholders": 2226000000.0,
        "Otherunder Preferred Stock Dividend": 7000000.0,
        "Net Income": 2233000000.0,
        "Minority Interests": -113000000.0,
        "Net Income Including Noncontrolling Interests": 2346000000.0,
        "Net Income Continuous Operations": 2346000000.0,
        "Earnings From Equity Interest Net Of Tax": 15000000.0,
        "Tax Provision": 594000000.0,
        "Pretax Income": 2925000000.0,
        "Net Non Operating Interest Income Expense": -126000000.0,
        "Interest Expense Non Operating": 126000000.0,
        "Operating Income": 3051000000.0,
        "Operating Expense": 2133000000.0,
        "Depreciation Amortization Depletion Income Statement": 36000000.0,
        "Depreciation And Amortization In Income Statement": 36000000.0,
        "Amortization": 36000000.0,
        "Amortization Of Intangibles Income Statement": 36000000.0,
        "Selling General And Administration": 2097000000.0,
        "General And Administrative Expense": 2097000000.0,
        "Other Gand A": 2092000000.0,
        "Salaries And Wages": 5000000.0,
        "Gross Profit": 5184000000.0,
        "Cost Of Revenue": 2648000000.0,
        "Total Revenue": 7832000000.0,
        "Excise Taxes": 12577000000.0,
        "Operating Revenue": 20409000000.0
    },
    "2023-09-30": {
        "Tax Effect Of Unusual Items": NaN,
        "Tax Rate For Calcs": NaN,
        "Normalized EBITDA": NaN,
        "Total Unusual Items": NaN,
        "Total Unusual Items Excluding Goodwill": NaN,
        "Net Income From Continuing Operation Net Minority Interest": NaN,
        "Reconciled Depreciation": NaN,
        "Reconciled Cost Of Revenue": NaN,
        "EBITDA": NaN,
        "EBIT": NaN,
        "Net Interest Income": NaN,
        "Interest Expense": NaN,
        "Normalized Income": NaN,
        "Net Income From Continuing And Discontinued Operation": NaN,
        "Total Expenses": NaN,
        "Total Operating Income As Reported": NaN,
        "Diluted Average Shares": 1554000000.0,
        "Basic Average Shares": 1552000000.0,
        "Diluted EPS": 1.32,
        "Basic EPS": 1.32,
        "Diluted NI Availto Com Stockholders": NaN,
        "Net Income Common Stockholders": NaN,
        "Otherunder Preferred Stock Dividend": NaN,
        "Net Income": NaN,
        "Minority Interests": NaN,
        "Net Income Including Noncontrolling Interests": NaN,
        "Net Income Continuous Operations": NaN,
        "Earnings From Equity Interest Net Of Tax": NaN,
        "Tax Provision": NaN,
        "Pretax Income": NaN,
        "Other Income Expense": NaN,
        "Other Non Operating Income Expenses": NaN,
        "Special Income Charges": NaN,
        "Impairment Of Capital Assets": NaN,
        "Net Non Operating Interest Income Expense": NaN,
        "Interest Expense Non Operating": NaN,
        "Operating Income": NaN,
        "Operating Expense": NaN,
        "Selling General And Administration": NaN,
        "General And Administrative Expense": 2606000000.0,
        "Other Gand A": 2606000000.0,
        "Salaries And Wages": 8000000.0,
        "Gross Profit": NaN,
        "Cost Of Revenue": NaN,
        "Total Revenue": NaN,
        "Operating Revenue": NaN
    },
    "2023-12-31": {
        "Tax Effect Of Unusual Items": 0.0,
        "Tax Rate For Calcs": 0.122746,
        "Normalized EBITDA": 3345000000.0,
        "Total Unusual Items": NaN,
        "Total Unusual Items Excluding Goodwill": NaN,
        "Net Income From Continuing Operation Net Minority Interest": 2196000000.0,
        "Reconciled Depreciation": -311000000.0,
        "Reconciled Cost Of Revenue": 3462000000.0,
        "EBITDA": 3345000000.0,
        "EBIT": 3345000000.0,
        "Net Interest Income": -273000000.0,
        "Interest Expense": 738000000.0,
        "Normalized Income": 2196000000.0,
        "Net Income From Continuing And Discontinued Operation": 2196000000.0,
        "Total Expenses": 5493000000.0,
        "Total Operating Income As Reported": 2889000000.0,
        "Diluted Average Shares": NaN,
        "Basic Average Shares": NaN,
        "Diluted EPS": NaN,
        "Basic EPS": NaN,
        "Diluted NI Availto Com Stockholders": 2191000000.0,
        "Net Income Common Stockholders": 2191000000.0,
        "Otherunder Preferred Stock Dividend": 5000000.0,
        "Net Income": 2196000000.0,
        "Minority Interests": -117000000.0,
        "Net Income Including Noncontrolling Interests": 2313000000.0,
        "Net Income Continuous Operations": 2313000000.0,
        "Earnings From Equity Interest Net Of Tax": 26000000.0,
        "Tax Provision": 320000000.0,
        "Pretax Income": 2607000000.0,
        "Other Income Expense": -674000000.0,
        "Other Non Operating Income Expenses": -9000000.0,
        "Special Income Charges": NaN,
        "Impairment Of Capital Assets": NaN,
        "Net Non Operating Interest Income Expense": -273000000.0,
        "Interest Expense Non Operating": 738000000.0,
        "Operating Income": 3554000000.0,
        "Operating Expense": 2031000000.0,
        "Selling General And Administration": 2031000000.0,
        "General And Administrative Expense": 2031000000.0,
        "Other Gand A": 2031000000.0,
        "Salaries And Wages": 9000000.0,
        "Gross Profit": 5585000000.0,
        "Cost Of Revenue": 3462000000.0,
        "Total Revenue": 9047000000.0,
        "Operating Revenue": 58451000000.0
    },
    "2024-03-31": {
        "Tax Effect Of Unusual Items": 0.0,
        "Tax Rate For Calcs": 0.248,
        "Normalized EBITDA": 3397000000.0,
        "Total Unusual Items": NaN,
        "Total Unusual Items Excluding Goodwill": NaN,
        "Net Income From Continuing Operation Net Minority Interest": 2148000000.0,
        "Reconciled Depreciation": 367000000.0,
        "Reconciled Cost Of Revenue": 3195000000.0,
        "EBITDA": 3397000000.0,
        "EBIT": 3030000000.0,
        "Net Interest Income": -299000000.0,
        "Interest Expense": 299000000.0,
        "Normalized Income": 2148000000.0,
        "Net Income From Continuing And Discontinued Operation": 2148000000.0,
        "Total Expenses": 5748000000.0,
        "Total Operating Income As Reported": 3045000000.0,
        "Diluted Average Shares": 1555000000.0,
        "Basic Average Shares": 1553000000.0,
        "Diluted EPS": 1.38,
        "Basic EPS": 1.38,
        "Diluted NI Availto Com Stockholders": 2142000000.0,
        "Net Income Common Stockholders": 2142000000.0,
        "Otherunder Preferred Stock Dividend": 6000000.0,
        "Net Income": 2148000000.0,
        "Minority Interests": -98000000.0,
        "Net Income Including Noncontrolling Interests": 2246000000.0,
        "Net Income Continuous Operations": 2246000000.0,
        "Earnings From Equity Interest Net Of Tax": 191000000.0,
        "Tax Provision": 676000000.0,
        "Pretax Income": 2731000000.0,
        "Other Income Expense": -15000000.0,
        "Other Non Operating Income Expenses": -15000000.0,
        "Special Income Charges": NaN,
        "Impairment Of Capital Assets": NaN,
        "Net Non Operating Interest Income Expense": -299000000.0,
        "Interest Expense Non Operating": 299000000.0,
        "Operating Income": 3045000000.0,
        "Operating Expense": 2553000000.0,
        "Selling General And Administration": 2553000000.0,
        "General And Administrative Expense": 2553000000.0,
        "Other Gand A": 2553000000.0,
        "Salaries And Wages": 15000000.0,
        "Gross Profit": 5598000000.0,
        "Cost Of Revenue": 3195000000.0,
        "Total Revenue": 8793000000.0,
        "Operating Revenue": 8793000000.0
    },
    "2024-06-30": {
        "Tax Effect Of Unusual Items": 0.0,
        "Tax Rate For Calcs": 0.237,
        "Normalized EBITDA": 3875000000.0,
        "Total Unusual Items": 0.0,
        "Total Unusual Items Excluding Goodwill": 0.0,
        "Net Income From Continuing Operation Net Minority Interest": 2406000000.0,
        "Reconciled Depreciation": 445000000.0,
        "Reconciled Cost Of Revenue": 3345000000.0,
        "EBITDA": 3875000000.0,
        "EBIT": 3430000000.0,
        "Net Interest Income": -329000000.0,
        "Interest Expense": 329000000.0,
        "Normalized Income": 2406000000.0,
        "Net Income From Continuing And Discontinued Operation": 2406000000.0,
        "Total Expenses": 6024000000.0,
        "Total Operating Income As Reported": 3444000000.0,
        "Diluted Average Shares": 1556000000.0,
        "Basic Average Shares": 1555000000.0,
        "Diluted EPS": 1.54,
        "Basic EPS": 1.54,
        "Diluted NI Availto Com Stockholders": 2399000000.0,
        "Net Income Common Stockholders": 2399000000.0,
        "Otherunder Preferred Stock Dividend": 7000000.0,
        "Net Income": 2406000000.0,
        "Minority Interests": -122000000.0,
        "Net Income Including Noncontrolling Interests": 2528000000.0,
        "Net Income Continuous Operations": 2528000000.0,
        "Earnings From Equity Interest Net Of Tax": 161000000.0,
        "Tax Provision": 734000000.0,
        "Pretax Income": 3101000000.0,
        "Other Income Expense": -14000000.0,
        "Other Non Operating Income Expenses": -14000000.0,
        "Special Income Charges": 0.0,
        "Impairment Of Capital Assets": 0.0,
        "Net Non Operating Interest Income Expense": -329000000.0,
        "Interest Expense Non Operating": 329000000.0,
        "Operating Income": 3444000000.0,
        "Operating Expense": 2679000000.0,
        "Selling General And Administration": 2679000000.0,
        "General And Administrative Expense": 2679000000.0,
        "Other Gand A": 2679000000.0,
        "Salaries And Wages": 14000000.0,
        "Gross Profit": 6123000000.0,
        "Cost Of Revenue": 3345000000.0,
        "Total Revenue": 9468000000.0,
        "Operating Revenue": 9468000000.0
    },
    "2024-09-30": {
        "Tax Effect Of Unusual Items": 0.0,
        "Tax Rate For Calcs": 0.213,
        "Normalized EBITDA": 4137000000.0,
        "Total Unusual Items": NaN,
        "Total Unusual Items Excluding Goodwill": NaN,
        "Net Income From Continuing Operation Net Minority Interest": 3082000000.0,
        "Reconciled Depreciation": 498000000.0,
        "Reconciled Cost Of Revenue": 3366000000.0,
        "EBITDA": 4137000000.0,
        "EBIT": 3639000000.0,
        "Net Interest Income": -189000000.0,
        "Interest Expense": 189000000.0,
        "Normalized Income": 3082000000.0,
        "Net Income From Continuing And Discontinued Operation": 3082000000.0,
        "Total Expenses": 6257000000.0,
        "Total Operating Income As Reported": 3654000000.0,
        "Diluted Average Shares": 1556000000.0,
        "Basic Average Shares": 1555000000.0,
        "Diluted EPS": 1.97,
        "Basic EPS": 1.98,
        "Diluted NI Availto Com Stockholders": 3073000000.0,
        "Net Income Common Stockholders": 3073000000.0,
        "Otherunder Preferred Stock Dividend": 9000000.0,
        "Net Income": 3082000000.0,
        "Minority Interests": -133000000.0,
        "Net Income Including Noncontrolling Interests": 3215000000.0,
        "Net Income Continuous Operations": 3215000000.0,
        "Earnings From Equity Interest Net Of Tax": 500000000.0,
        "Tax Provision": 735000000.0,
        "Pretax Income": 3450000000.0,
        "Other Income Expense": -15000000.0,
        "Other Non Operating Income Expenses": -15000000.0,
        "Special Income Charges": NaN,
        "Impairment Of Capital Assets": NaN,
        "Net Non Operating Interest Income Expense": -189000000.0,
        "Interest Expense Non Operating": 189000000.0,
        "Operating Income": 3654000000.0,
        "Operating Expense": 2891000000.0,
        "Selling General And Administration": 2891000000.0,
        "General And Administrative Expense": 2891000000.0,
        "Other Gand A": 2891000000.0,
        "Salaries And Wages": 15000000.0,
        "Gross Profit": 6545000000.0,
        "Cost Of Revenue": 3366000000.0,
        "Total Revenue": 9911000000.0,
        "Operating Revenue": 9911000000.0
    },
    "2024-12-31": {
        "Tax Effect Of Unusual Items": 0.0,
        "Tax Rate For Calcs": 0.298937,
        "Normalized EBITDA": 4340000000.0,
        "Total Unusual Items": 0.0,
        "Total Unusual Items Excluding Goodwill": 0.0,
        "Net Income From Continuing Operation Net Minority Interest": 1737000000.0,
        "Reconciled Depreciation": 477000000.0,
        "Reconciled Cost Of Revenue": 3423000000.0,
        "EBITDA": 4340000000.0,
        "EBIT": 3863000000.0,
        "Net Interest Income": -326000000.0,
        "Interest Expense": 946000000.0,
        "Normalized Income": 1737000000.0,
        "Net Income From Continuing And Discontinued Operation": 1737000000.0,
        "Total Expenses": 6447000000.0,
        "Total Operating Income As Reported": 3259000000.0,
        "Diluted Average Shares": NaN,
        "Basic Average Shares": NaN,
        "Diluted EPS": NaN,
        "Basic EPS": NaN,
        "Diluted NI Availto Com Stockholders": -580000000.0,
        "Net Income Common Stockholders": -580000000.0,
        "Otherunder Preferred Stock Dividend": 1000000.0,
        "Net Income": -579000000.0,
        "Minority Interests": -93000000.0,
        "Net Income Including Noncontrolling Interests": -486000000.0,
        "Net Income Continuous Operations": 1830000000.0,
        "Earnings From Equity Interest Net Of Tax": -215000000.0,
        "Tax Provision": 872000000.0,
        "Pretax Income": 2917000000.0,
        "Other Income Expense": -16000000.0,
        "Other Non Operating Income Expenses": -16000000.0,
        "Special Income Charges": 0.0,
        "Impairment Of Capital Assets": 0.0,
        "Net Non Operating Interest Income Expense": -326000000.0,
        "Interest Expense Non Operating": 946000000.0,
        "Operating Income": 3259000000.0,
        "Operating Expense": 3024000000.0,
        "Selling General And Administration": 3024000000.0,
        "General And Administrative Expense": NaN,
        "Other Gand A": NaN,
        "Salaries And Wages": NaN,
        "Gross Profit": 6283000000.0,
        "Cost Of Revenue": 3423000000.0,
        "Total Revenue": 9706000000.0,
        "Operating Revenue": 61269000000.0
    }
}