{
    "2023-04-30": {
        "Tax Effect Of Unusual Items": NaN,
        "Tax Rate For Calcs": NaN,
        "Normalized EBITDA": NaN,
        "Total Unusual Items": NaN,
        "Total Unusual Items Excluding Goodwill": NaN,
        "Net Income From Continuing Operation Net Minority Interest": NaN,
        "EBITDA": NaN,
        "EBIT": NaN,
        "Net Interest Income": NaN,
        "Interest Expense": 0.0,
        "Interest Income": NaN,
        "Normalized Income": NaN,
        "Net Income From Continuing And Discontinued Operation": NaN,
        "Total Expenses": NaN,
        "Total Operating Income As Reported": NaN,
        "Diluted Average Shares": NaN,
        "Basic Average Shares": NaN,
        "Diluted EPS": NaN,
        "Basic EPS": NaN,
        "Diluted NI Availto Com Stockholders": NaN,
        "Net Income Common Stockholders": NaN,
        "Otherunder Preferred Stock Dividend": NaN,
        "Preferred Stock Dividends": NaN,
        "Net Income": NaN,
        "Net Income Including Noncontrolling Interests": NaN,
        "Net Income Continuous Operations": NaN,
        "Pretax Income": NaN,
        "Other Income Expense": NaN,
        "Other Non Operating Income Expenses": NaN,
        "Special Income Charges": NaN,
        "Write Off": NaN,
        "Gain On Sale Of Security": NaN,
        "Net Non Operating Interest Income Expense": NaN,
        "Interest Expense Non Operating": 0.0,
        "Interest Income Non Operating": NaN,
        "Operating Income": NaN,
        "Operating Expense": NaN,
        "Other Operating Expenses": NaN,
        "Research And Development": NaN,
        "Selling General And Administration": NaN,
        "General And Administrative Expense": NaN,
        "Other Gand A": NaN,
        "Salaries And Wages": NaN,
        "Total Revenue": NaN,
        "Operating Revenue": NaN
    },
    "2023-01-31": {
        "Tax Effect Of Unusual Items": NaN,
        "Tax Rate For Calcs": NaN,
        "Normalized EBITDA": NaN,
        "Total Unusual Items": NaN,
        "Total Unusual Items Excluding Goodwill": NaN,
        "Net Income From Continuing Operation Net Minority Interest": NaN,
        "EBITDA": NaN,
        "EBIT": NaN,
        "Net Interest Income": NaN,
        "Interest Expense": 0.0,
        "Interest Income": NaN,
        "Normalized Income": NaN,
        "Net Income From Continuing And Discontinued Operation": NaN,
        "Total Expenses": NaN,
        "Total Operating Income As Reported": NaN,
        "Diluted Average Shares": 18995442.0,
        "Basic Average Shares": 18995442.0,
        "Diluted EPS": -0.04,
        "Basic EPS": -0.04,
        "Diluted NI Availto Com Stockholders": NaN,
        "Net Income Common Stockholders": NaN,
        "Otherunder Preferred Stock Dividend": NaN,
        "Preferred Stock Dividends": NaN,
        "Net Income": NaN,
        "Net Income Including Noncontrolling Interests": NaN,
        "Net Income Continuous Operations": NaN,
        "Pretax Income": NaN,
        "Other Income Expense": NaN,
        "Other Non Operating Income Expenses": NaN,
        "Special Income Charges": NaN,
        "Write Off": NaN,
        "Gain On Sale Of Security": NaN,
        "Net Non Operating Interest Income Expense": NaN,
        "Interest Expense Non Operating": 0.0,
        "Interest Income Non Operating": NaN,
        "Operating Income": NaN,
        "Operating Expense": NaN,
        "Other Operating Expenses": NaN,
        "Research And Development": NaN,
        "Selling General And Administration": NaN,
        "General And Administrative Expense": NaN,
        "Other Gand A": NaN,
        "Salaries And Wages": NaN,
        "Total Revenue": NaN,
        "Operating Revenue": NaN
    },
    "2022-10-31": {
        "Tax Effect Of Unusual Items": NaN,
        "Tax Rate For Calcs": NaN,
        "Normalized EBITDA": NaN,
        "Total Unusual Items": NaN,
        "Total Unusual Items Excluding Goodwill": NaN,
        "Net Income From Continuing Operation Net Minority Interest": NaN,
        "EBITDA": NaN,
        "EBIT": NaN,
        "Net Interest Income": NaN,
        "Interest Expense": 0.0,
        "Interest Income": NaN,
        "Normalized Income": NaN,
        "Net Income From Continuing And Discontinued Operation": NaN,
        "Total Expenses": NaN,
        "Total Operating Income As Reported": NaN,
        "Diluted Average Shares": 20585451.0,
        "Basic Average Shares": 20585451.0,
        "Diluted EPS": -0.09,
        "Basic EPS": -0.09,
        "Diluted NI Availto Com Stockholders": NaN,
        "Net Income Common Stockholders": NaN,
        "Otherunder Preferred Stock Dividend": 0.0,
        "Preferred Stock Dividends": NaN,
        "Net Income": NaN,
        "Net Income Including Noncontrolling Interests": NaN,
        "Net Income Continuous Operations": NaN,
        "Pretax Income": NaN,
        "Other Income Expense": NaN,
        "Other Non Operating Income Expenses": NaN,
        "Gain On Sale Of Security": NaN,
        "Net Non Operating Interest Income Expense": NaN,
        "Interest Expense Non Operating": 0.0,
        "Interest Income Non Operating": NaN,
        "Operating Income": NaN,
        "Operating Expense": NaN,
        "Other Operating Expenses": NaN,
        "Research And Development": NaN,
        "Selling General And Administration": NaN,
        "General And Administrative Expense": NaN,
        "Other Gand A": NaN,
        "Salaries And Wages": NaN,
        "Total Revenue": NaN,
        "Operating Revenue": NaN
    },
    "2022-07-31": {
        "Tax Effect Of Unusual Items": 0.0,
        "Tax Rate For Calcs": 0.0,
        "Normalized EBITDA": -1545012.0,
        "Total Unusual Items": NaN,
        "Total Unusual Items Excluding Goodwill": NaN,
        "Net Income From Continuing Operation Net Minority Interest": -1545012.0,
        "EBITDA": -1545012.0,
        "EBIT": -1545012.0,
        "Net Interest Income": 139502.0,
        "Interest Expense": 0.0,
        "Interest Income": 139502.0,
        "Normalized Income": -1545012.0,
        "Net Income From Continuing And Discontinued Operation": -1545012.0,
        "Total Expenses": 1680608.0,
        "Total Operating Income As Reported": -1680608.0,
        "Diluted Average Shares": 20829315.0,
        "Basic Average Shares": 20829315.0,
        "Diluted EPS": -0.07,
        "Basic EPS": -0.07,
        "Diluted NI Availto Com Stockholders": -1545012.0,
        "Net Income Common Stockholders": -1545012.0,
        "Preferred Stock Dividends": NaN,
        "Net Income": -1545012.0,
        "Net Income Including Noncontrolling Interests": -1545012.0,
        "Net Income Continuous Operations": -1545012.0,
        "Pretax Income": -1545012.0,
        "Other Income Expense": -3906.0,
        "Other Non Operating Income Expenses": -3906.0,
        "Gain On Sale Of Security": NaN,
        "Net Non Operating Interest Income Expense": 139502.0,
        "Interest Expense Non Operating": 0.0,
        "Interest Income Non Operating": 139502.0,
        "Operating Income": -1680608.0,
        "Operating Expense": 1680608.0,
        "Other Operating Expenses": 327718.0,
        "Research And Development": 159273.0,
        "Selling General And Administration": 1521335.0,
        "General And Administrative Expense": 1521335.0,
        "Other Gand A": 1140890.0,
        "Salaries And Wages": 380445.0,
        "Total Revenue": 0.0,
        "Operating Revenue": 0.0
    },
    "2022-04-30": {
        "Diluted EPS": 0.47,
        "Total Revenue": NaN,
        "Gross Profit": NaN,
        "Operating Income": -2,
        "EBIT": -2,
        "Net Income": -1
    },
    "2022-01-31": {
        "Diluted EPS": -0.04,
        "Total Revenue": NaN,
        "Gross Profit": NaN,
        "Operating Income": -1,
        "EBIT": -1,
        "Net Income": -1
    },
    "2021-10-31": {
        "Diluted EPS": -0.06,
        "Total Revenue": NaN,
        "Gross Profit": NaN,
        "Operating Income": -1,
        "EBIT": -1,
        "Net Income": -1
    },
    "2021-07-31": {
        "Diluted EPS": -0.64,
        "Total Revenue": NaN,
        "Gross Profit": NaN,
        "Operating Income": -1,
        "EBIT": -1,
        "Net Income": -1
    },
    "2021-04-30": {
        "Diluted EPS": -0.55,
        "Total Revenue": NaN,
        "Gross Profit": NaN,
        "Operating Income": -1,
        "EBIT": -1,
        "Net Income": -1
    },
    "2021-01-31": {
        "Diluted EPS": -0.49,
        "Total Revenue": NaN,
        "Gross Profit": NaN,
        "Operating Income": -1,
        "EBIT": -1,
        "Net Income": -1
    },
    "2020-10-31": {
        "Diluted EPS": -0.62,
        "Total Revenue": NaN,
        "Gross Profit": NaN,
        "Operating Income": -1,
        "EBIT": -1,
        "Net Income": -1
    },
    "2020-07-31": {
        "Diluted EPS": -0.79,
        "Total Revenue": NaN,
        "Gross Profit": NaN,
        "Operating Income": -1,
        "EBIT": -1,
        "Net Income": -1
    },
    "2020-04-30": {
        "Diluted EPS": -1.98,
        "Total Revenue": NaN,
        "Gross Profit": NaN,
        "Operating Income": -1,
        "EBIT": -1,
        "Net Income": -1
    },
    "2020-01-31": {
        "Diluted EPS": -0.91,
        "Total Revenue": NaN,
        "Gross Profit": NaN,
        "Operating Income": -1,
        "EBIT": -1,
        "Net Income": -1
    },
    "2019-10-31": {
        "Diluted EPS": 0.0,
        "Total Revenue": NaN,
        "Gross Profit": NaN,
        "Operating Income": -1,
        "EBIT": -1,
        "Net Income": -1
    },
    "2019-07-31": {
        "Diluted EPS": -1.34,
        "Total Revenue": NaN,
        "Gross Profit": NaN,
        "Operating Income": -1,
        "EBIT": -1,
        "Net Income": -1
    },
    "2019-04-30": {
        "Diluted EPS": 3.03,
        "Total Revenue": NaN,
        "Gross Profit": NaN,
        "Operating Income": -1,
        "EBIT": -1,
        "Net Income": -1
    },
    "2019-01-31": {
        "Diluted EPS": 0.0,
        "Total Revenue": NaN,
        "Gross Profit": NaN,
        "Operating Income": -1,
        "EBIT": -1,
        "Net Income": -1
    },
    "2018-10-31": {
        "Diluted EPS": -1.37,
        "Total Revenue": NaN,
        "Gross Profit": NaN,
        "Operating Income": -1,
        "EBIT": -1,
        "Net Income": -1
    },
    "2018-07-31": {
        "Diluted EPS": -1.66,
        "Total Revenue": NaN,
        "Gross Profit": NaN,
        "Operating Income": -1,
        "EBIT": -1,
        "Net Income": -1
    },
    "2018-04-30": {
        "Diluted EPS": -11.62,
        "Total Revenue": NaN,
        "Gross Profit": NaN,
        "Operating Income": -1,
        "EBIT": -1,
        "Net Income": -1
    },
    "2018-01-31": {
        "Diluted EPS": 0.0,
        "Total Revenue": NaN,
        "Gross Profit": NaN,
        "Operating Income": -2,
        "EBIT": -2,
        "Net Income": -2
    },
    "2017-10-31": {
        "Diluted EPS": -2.66,
        "Total Revenue": NaN,
        "Gross Profit": NaN,
        "Operating Income": -2,
        "EBIT": -2,
        "Net Income": -2
    },
    "2017-07-31": {
        "Diluted EPS": 0.0,
        "Total Revenue": NaN,
        "Gross Profit": NaN,
        "Operating Income": -2,
        "EBIT": -2,
        "Net Income": -2
    },
    "2017-04-30": {
        "Diluted EPS": -12.16,
        "Total Revenue": NaN,
        "Gross Profit": NaN,
        "Operating Income": -1,
        "EBIT": -1,
        "Net Income": -1
    },
    "2017-01-31": {
        "Diluted EPS": -2.13,
        "Total Revenue": NaN,
        "Gross Profit": NaN,
        "Operating Income": -1,
        "EBIT": -1,
        "Net Income": -1
    },
    "2016-10-31": {
        "Diluted EPS": 0.0,
        "Total Revenue": NaN,
        "Gross Profit": NaN,
        "Operating Income": -1,
        "EBIT": -1,
        "Net Income": -1
    },
    "2016-07-31": {
        "Diluted EPS": 0.0,
        "Total Revenue": NaN,
        "Gross Profit": NaN,
        "Operating Income": -1,
        "EBIT": -1,
        "Net Income": -1
    },
    "2016-04-30": {
        "Diluted EPS": 0.0,
        "Total Revenue": NaN,
        "Gross Profit": NaN,
        "Operating Income": -1,
        "EBIT": -1,
        "Net Income": -1
    },
    "2016-01-31": {
        "Diluted EPS": 0.0,
        "Total Revenue": NaN,
        "Gross Profit": NaN,
        "Operating Income": -2,
        "EBIT": -2,
        "Net Income": -2
    },
    "2015-10-31": {
        "Diluted EPS": 0.0,
        "Total Revenue": NaN,
        "Gross Profit": NaN,
        "Operating Income": -2,
        "EBIT": -2,
        "Net Income": -2
    },
    "2015-07-31": {
        "Diluted EPS": 0.0,
        "Total Revenue": NaN,
        "Gross Profit": NaN,
        "Operating Income": -2,
        "EBIT": -2,
        "Net Income": -2
    },
    "2015-04-30": {
        "Diluted EPS": 0.0,
        "Total Revenue": NaN,
        "Gross Profit": NaN,
        "Operating Income": -4,
        "EBIT": -4,
        "Net Income": -3
    },
    "2015-01-31": {
        "Diluted EPS": 0.0,
        "Total Revenue": NaN,
        "Gross Profit": NaN,
        "Operating Income": -1,
        "EBIT": -1,
        "Net Income": -1
    },
    "2014-10-31": {
        "Diluted EPS": -14.29,
        "Total Revenue": NaN,
        "Gross Profit": NaN,
        "Operating Income": -6,
        "EBIT": -6,
        "Net Income": -4
    },
    "2014-07-31": {
        "Diluted EPS": 0.0,
        "Total Revenue": NaN,
        "Gross Profit": NaN,
        "Operating Income": -2,
        "EBIT": -2,
        "Net Income": -2
    },
    "2014-04-30": {
        "Diluted EPS": -42.86,
        "Total Revenue": NaN,
        "Gross Profit": NaN,
        "Operating Income": -16,
        "EBIT": -16,
        "Net Income": -16
    },
    "2014-01-31": {
        "Diluted EPS": 0.0,
        "Total Revenue": NaN,
        "Gross Profit": NaN,
        "Operating Income": -1,
        "EBIT": -1,
        "Net Income": 0
    },
    "2013-10-31": {
        "Diluted EPS": -14.29,
        "Total Revenue": NaN,
        "Gross Profit": NaN,
        "Operating Income": 0,
        "EBIT": 0,
        "Net Income": -6
    },
    "2013-07-31": {
        "Diluted EPS": -14.29,
        "Total Revenue": NaN,
        "Gross Profit": NaN,
        "Operating Income": -1,
        "EBIT": -1,
        "Net Income": -5
    },
    "2013-04-30": {
        "Diluted EPS": 0.0,
        "Total Revenue": 0,
        "Gross Profit": 0,
        "Operating Income": 0,
        "EBIT": 0,
        "Net Income": 0
    },
    "2013-01-31": {
        "Diluted EPS": 0.0,
        "Total Revenue": NaN,
        "Gross Profit": NaN,
        "Operating Income": 0,
        "EBIT": 0,
        "Net Income": 0
    },
    "2012-10-31": {
        "Diluted EPS": 0.0,
        "Total Revenue": 0,
        "Gross Profit": 0,
        "Operating Income": 0,
        "EBIT": 0,
        "Net Income": 0
    },
    "2012-07-31": {
        "Diluted EPS": 0.0,
        "Total Revenue": 0,
        "Gross Profit": 0,
        "Operating Income": -1,
        "EBIT": -1,
        "Net Income": -1
    },
    "2012-04-30": {
        "Diluted EPS": -11.62,
        "Total Revenue": 0,
        "Gross Profit": 0,
        "Operating Income": 0,
        "EBIT": 0,
        "Net Income": -1
    },
    "2012-01-31": {
        "Diluted EPS": 0.0,
        "Total Revenue": 0,
        "Gross Profit": 0,
        "Operating Income": 0,
        "EBIT": 0,
        "Net Income": 0
    },
    "2011-10-31": {
        "Diluted EPS": 0.0,
        "Total Revenue": 0,
        "Gross Profit": 0,
        "Operating Income": 0,
        "EBIT": 0,
        "Net Income": 0
    },
    "2011-07-31": {
        "Diluted EPS": -2.67,
        "Total Revenue": 0,
        "Gross Profit": 0,
        "Operating Income": -1,
        "EBIT": -1,
        "Net Income": -1
    },
    "2011-04-30": {
        "Diluted EPS": 0.0,
        "Total Revenue": 0,
        "Gross Profit": 0,
        "Operating Income": 0,
        "EBIT": 0,
        "Net Income": -1
    },
    "2011-01-31": {
        "Diluted EPS": 0.0,
        "Total Revenue": 0,
        "Gross Profit": 0,
        "Operating Income": 0,
        "EBIT": 0,
        "Net Income": 0
    },
    "2010-10-31": {
        "Diluted EPS": 0.0,
        "Total Revenue": 0,
        "Gross Profit": 0,
        "Operating Income": 0,
        "EBIT": 0,
        "Net Income": 0
    },
    "2010-07-31": {
        "Diluted EPS": 0.0,
        "Total Revenue": 0,
        "Gross Profit": 0,
        "Operating Income": 0,
        "EBIT": 0,
        "Net Income": 0
    },
    "2010-04-30": {
        "Diluted EPS": -14.29,
        "Total Revenue": 0,
        "Gross Profit": 0,
        "Operating Income": 0,
        "EBIT": 0,
        "Net Income": -3
    },
    "2010-01-31": {
        "Diluted EPS": -14.29,
        "Total Revenue": 0,
        "Gross Profit": 0,
        "Operating Income": -1,
        "EBIT": -1,
        "Net Income": -2
    },
    "2009-10-31": {
        "Diluted EPS": 0.0,
        "Total Revenue": 0,
        "Gross Profit": 0,
        "Operating Income": 0,
        "EBIT": 0,
        "Net Income": 0
    },
    "2009-04-30": {
        "Diluted EPS": -28.57,
        "Total Revenue": 0,
        "Gross Profit": 0,
        "Operating Income": 0,
        "EBIT": 0,
        "Net Income": -4
    },
    "2023-07-31": {
        "Tax Effect Of Unusual Items": NaN,
        "Tax Rate For Calcs": NaN,
        "Normalized EBITDA": NaN,
        "Total Unusual Items": NaN,
        "Total Unusual Items Excluding Goodwill": NaN,
        "Net Income From Continuing Operation Net Minority Interest": NaN,
        "EBITDA": NaN,
        "EBIT": NaN,
        "Net Interest Income": NaN,
        "Interest Expense": NaN,
        "Interest Income": NaN,
        "Normalized Income": NaN,
        "Net Income From Continuing And Discontinued Operation": NaN,
        "Total Expenses": NaN,
        "Total Operating Income As Reported": NaN,
        "Diluted Average Shares": 12601891.0,
        "Basic Average Shares": 12601891.0,
        "Diluted EPS": -0.54,
        "Basic EPS": -0.54,
        "Diluted NI Availto Com Stockholders": NaN,
        "Net Income Common Stockholders": NaN,
        "Otherunder Preferred Stock Dividend": NaN,
        "Preferred Stock Dividends": NaN,
        "Net Income": NaN,
        "Net Income Including Noncontrolling Interests": NaN,
        "Net Income Continuous Operations": NaN,
        "Pretax Income": NaN,
        "Other Income Expense": NaN,
        "Other Non Operating Income Expenses": NaN,
        "Special Income Charges": 0.0,
        "Write Off": 0.0,
        "Gain On Sale Of Security": NaN,
        "Net Non Operating Interest Income Expense": NaN,
        "Interest Expense Non Operating": NaN,
        "Interest Income Non Operating": NaN,
        "Operating Income": NaN,
        "Operating Expense": NaN,
        "Other Operating Expenses": NaN,
        "Research And Development": NaN,
        "Selling General And Administration": NaN,
        "General And Administrative Expense": NaN,
        "Other Gand A": NaN,
        "Salaries And Wages": NaN,
        "Total Revenue": NaN,
        "Operating Revenue": NaN
    },
    "2023-10-31": {
        "Tax Effect Of Unusual Items": 694260.0,
        "Tax Rate For Calcs": 0.21,
        "Normalized EBITDA": -4715520.0,
        "Total Unusual Items": 3306000.0,
        "Total Unusual Items Excluding Goodwill": 3306000.0,
        "Net Income From Continuing Operation Net Minority Interest": 2789896.0,
        "EBITDA": -1409520.0,
        "EBIT": -1409520.0,
        "Net Interest Income": 894181.0,
        "Interest Expense": NaN,
        "Interest Income": 894181.0,
        "Normalized Income": 178156.0,
        "Net Income From Continuing And Discontinued Operation": 2789896.0,
        "Total Expenses": 1409520.0,
        "Total Operating Income As Reported": -1409520.0,
        "Diluted Average Shares": 8765134.0,
        "Basic Average Shares": 8765134.0,
        "Diluted EPS": -0.26,
        "Basic EPS": -0.26,
        "Diluted NI Availto Com Stockholders": -2258087.0,
        "Net Income Common Stockholders": -2258087.0,
        "Otherunder Preferred Stock Dividend": 4461097.0,
        "Preferred Stock Dividends": 586886.0,
        "Net Income": 2789896.0,
        "Net Income Including Noncontrolling Interests": 2789896.0,
        "Net Income Continuous Operations": 2789896.0,
        "Pretax Income": 2789896.0,
        "Other Income Expense": 3305235.0,
        "Other Non Operating Income Expenses": -765.0,
        "Special Income Charges": NaN,
        "Write Off": NaN,
        "Gain On Sale Of Security": 3306000.0,
        "Net Non Operating Interest Income Expense": 894181.0,
        "Interest Expense Non Operating": NaN,
        "Interest Income Non Operating": 894181.0,
        "Operating Income": -1409520.0,
        "Operating Expense": 1409520.0,
        "Other Operating Expenses": 229159.0,
        "Research And Development": 82033.0,
        "Selling General And Administration": 1098328.0,
        "General And Administrative Expense": 1098328.0,
        "Other Gand A": 791590.0,
        "Salaries And Wages": 306738.0,
        "Total Revenue": 0.0,
        "Operating Revenue": 0.0
    },
    "2024-01-31": {
        "Tax Effect Of Unusual Items": 0.0,
        "Tax Rate For Calcs": 0.0,
        "Normalized EBITDA": -2236946.0,
        "Total Unusual Items": 368000.0,
        "Total Unusual Items Excluding Goodwill": 368000.0,
        "Net Income From Continuing Operation Net Minority Interest": -619537.0,
        "EBITDA": -1868946.0,
        "EBIT": -1868946.0,
        "Net Interest Income": 881662.0,
        "Interest Expense": NaN,
        "Interest Income": 881662.0,
        "Normalized Income": -987537.0,
        "Net Income From Continuing And Discontinued Operation": -619537.0,
        "Total Expenses": 1868946.0,
        "Total Operating Income As Reported": -1868946.0,
        "Diluted Average Shares": 8606957.0,
        "Basic Average Shares": 8606957.0,
        "Diluted EPS": -0.65,
        "Basic EPS": -0.65,
        "Diluted NI Availto Com Stockholders": -5620113.0,
        "Net Income Common Stockholders": -5620113.0,
        "Otherunder Preferred Stock Dividend": 4219069.0,
        "Preferred Stock Dividends": 781507.0,
        "Net Income": -619537.0,
        "Net Income Including Noncontrolling Interests": -619537.0,
        "Net Income Continuous Operations": -619537.0,
        "Pretax Income": -619537.0,
        "Other Income Expense": 367747.0,
        "Other Non Operating Income Expenses": -253.0,
        "Special Income Charges": NaN,
        "Write Off": NaN,
        "Gain On Sale Of Security": 368000.0,
        "Net Non Operating Interest Income Expense": 881662.0,
        "Interest Expense Non Operating": NaN,
        "Interest Income Non Operating": 881662.0,
        "Operating Income": -1868946.0,
        "Operating Expense": 1868946.0,
        "Other Operating Expenses": 620777.0,
        "Research And Development": 126732.0,
        "Selling General And Administration": 1121437.0,
        "General And Administrative Expense": 1121437.0,
        "Other Gand A": 482675.0,
        "Salaries And Wages": 638762.0,
        "Total Revenue": 0.0,
        "Operating Revenue": 0.0
    },
    "2024-04-30": {
        "Tax Effect Of Unusual Items": -371950.53,
        "Tax Rate For Calcs": 0.21,
        "Normalized EBITDA": 604977.0,
        "Total Unusual Items": -1771193.0,
        "Total Unusual Items Excluding Goodwill": -1771193.0,
        "Net Income From Continuing Operation Net Minority Interest": 1346701.0,
        "EBITDA": -1166216.0,
        "EBIT": -1166216.0,
        "Net Interest Income": 747098.0,
        "Interest Expense": NaN,
        "Interest Income": 747098.0,
        "Normalized Income": 2745943.47,
        "Net Income From Continuing And Discontinued Operation": 1346701.0,
        "Total Expenses": 1166216.0,
        "Total Operating Income As Reported": -3166216.0,
        "Diluted Average Shares": NaN,
        "Basic Average Shares": NaN,
        "Diluted EPS": NaN,
        "Basic EPS": NaN,
        "Diluted NI Availto Com Stockholders": -2540542.0,
        "Net Income Common Stockholders": -2540542.0,
        "Otherunder Preferred Stock Dividend": 3057840.0,
        "Preferred Stock Dividends": 829403.0,
        "Net Income": 1346701.0,
        "Net Income Including Noncontrolling Interests": 1346701.0,
        "Net Income Continuous Operations": 1346701.0,
        "Pretax Income": 1346701.0,
        "Other Income Expense": 1765819.0,
        "Other Non Operating Income Expenses": 3537012.0,
        "Special Income Charges": NaN,
        "Write Off": NaN,
        "Gain On Sale Of Security": 1801000.0,
        "Net Non Operating Interest Income Expense": 747098.0,
        "Interest Expense Non Operating": NaN,
        "Interest Income Non Operating": 747098.0,
        "Operating Income": -1166216.0,
        "Operating Expense": 1166216.0,
        "Other Operating Expenses": 232480.0,
        "Research And Development": 94183.0,
        "Selling General And Administration": 839553.0,
        "General And Administrative Expense": 839553.0,
        "Other Gand A": 694053.0,
        "Salaries And Wages": 145500.0,
        "Total Revenue": 0.0,
        "Operating Revenue": 0.0
    },
    "2024-07-31": {
        "Tax Effect Of Unusual Items": 5070030.0,
        "Tax Rate For Calcs": 0.21,
        "Normalized EBITDA": -25411887.0,
        "Total Unusual Items": 24143000.0,
        "Total Unusual Items Excluding Goodwill": 24143000.0,
        "Net Income From Continuing Operation Net Minority Interest": 23421355.0,
        "EBITDA": -1268887.0,
        "EBIT": -1268887.0,
        "Net Interest Income": 547432.0,
        "Interest Expense": NaN,
        "Interest Income": 547432.0,
        "Normalized Income": 4348385.0,
        "Net Income From Continuing And Discontinued Operation": 23421355.0,
        "Total Expenses": 1268887.0,
        "Total Operating Income As Reported": -1268887.0,
        "Diluted Average Shares": 7866387.0,
        "Basic Average Shares": 7866387.0,
        "Diluted EPS": 1.9,
        "Basic EPS": 1.9,
        "Diluted NI Availto Com Stockholders": 20587507.0,
        "Net Income Common Stockholders": 20587507.0,
        "Otherunder Preferred Stock Dividend": 2148047.0,
        "Preferred Stock Dividends": 685801.0,
        "Net Income": 23421355.0,
        "Net Income Including Noncontrolling Interests": 23421355.0,
        "Net Income Continuous Operations": 23421355.0,
        "Pretax Income": 23421355.0,
        "Other Income Expense": 24142810.0,
        "Other Non Operating Income Expenses": -190.0,
        "Special Income Charges": 21395734.0,
        "Write Off": -21395734.0,
        "Gain On Sale Of Security": 24143000.0,
        "Net Non Operating Interest Income Expense": 547432.0,
        "Interest Expense Non Operating": NaN,
        "Interest Income Non Operating": 547432.0,
        "Operating Income": -1268887.0,
        "Operating Expense": 1268887.0,
        "Other Operating Expenses": 389484.0,
        "Research And Development": 96016.0,
        "Selling General And Administration": 783387.0,
        "General And Administrative Expense": 783387.0,
        "Other Gand A": 645387.0,
        "Salaries And Wages": 138000.0,
        "Total Revenue": 0.0,
        "Operating Revenue": 0.0
    },
    "2024-10-31": {
        "Tax Effect Of Unusual Items": 0.0,
        "Tax Rate For Calcs": 0.0,
        "Normalized EBITDA": -361060.0,
        "Total Unusual Items": -745000.0,
        "Total Unusual Items Excluding Goodwill": -745000.0,
        "Net Income From Continuing Operation Net Minority Interest": -1469560.0,
        "EBITDA": -1106060.0,
        "EBIT": -1106060.0,
        "Net Interest Income": 382562.0,
        "Interest Expense": NaN,
        "Interest Income": 382562.0,
        "Normalized Income": -724560.0,
        "Net Income From Continuing And Discontinued Operation": -1469560.0,
        "Total Expenses": 1106060.0,
        "Total Operating Income As Reported": -1106060.0,
        "Diluted Average Shares": 7637034.0,
        "Basic Average Shares": 7637034.0,
        "Diluted EPS": -0.39,
        "Basic EPS": -0.39,
        "Diluted NI Availto Com Stockholders": -2958875.0,
        "Net Income Common Stockholders": -2958875.0,
        "Otherunder Preferred Stock Dividend": 1045357.0,
        "Preferred Stock Dividends": 443958.0,
        "Net Income": -1469560.0,
        "Net Income Including Noncontrolling Interests": -1469560.0,
        "Net Income Continuous Operations": -1469560.0,
        "Pretax Income": -1469560.0,
        "Other Income Expense": -746062.0,
        "Other Non Operating Income Expenses": -1062.0,
        "Special Income Charges": NaN,
        "Write Off": NaN,
        "Gain On Sale Of Security": -745000.0,
        "Net Non Operating Interest Income Expense": 382562.0,
        "Interest Expense Non Operating": NaN,
        "Interest Income Non Operating": 382562.0,
        "Operating Income": -1106060.0,
        "Operating Expense": 1106060.0,
        "Other Operating Expenses": 283333.0,
        "Research And Development": 97470.0,
        "Selling General And Administration": 725257.0,
        "General And Administrative Expense": 725257.0,
        "Other Gand A": 587257.0,
        "Salaries And Wages": 138000.0,
        "Total Revenue": 0.0,
        "Operating Revenue": 0.0
    }
}