{
    "2023-03-31": {
        "Tax Effect Of Unusual Items": NaN,
        "Tax Rate For Calcs": NaN,
        "Normalized EBITDA": NaN,
        "Total Unusual Items": NaN,
        "Total Unusual Items Excluding Goodwill": NaN,
        "Net Income From Continuing Operation Net Minority Interest": NaN,
        "Reconciled Depreciation": NaN,
        "Reconciled Cost Of Revenue": NaN,
        "EBITDA": NaN,
        "EBIT": NaN,
        "Normalized Income": NaN,
        "Net Income From Continuing And Discontinued Operation": NaN,
        "Total Expenses": NaN,
        "Total Operating Income As Reported": NaN,
        "Diluted Average Shares": 5685000.0,
        "Basic Average Shares": 5685000.0,
        "Diluted EPS": -0.07,
        "Basic EPS": -0.07,
        "Diluted NI Availto Com Stockholders": NaN,
        "Net Income Common Stockholders": NaN,
        "Net Income": NaN,
        "Net Income Including Noncontrolling Interests": NaN,
        "Net Income Continuous Operations": NaN,
        "Tax Provision": NaN,
        "Pretax Income": NaN,
        "Other Income Expense": -5000.0,
        "Other Non Operating Income Expenses": -5000.0,
        "Special Income Charges": NaN,
        "Other Special Charges": NaN,
        "Operating Income": NaN,
        "Operating Expense": NaN,
        "Research And Development": NaN,
        "Selling General And Administration": NaN,
        "Selling And Marketing Expense": NaN,
        "General And Administrative Expense": NaN,
        "Other Gand A": NaN,
        "Gross Profit": NaN,
        "Cost Of Revenue": NaN,
        "Total Revenue": NaN,
        "Operating Revenue": NaN
    },
    "2022-12-31": {
        "Tax Effect Of Unusual Items": NaN,
        "Tax Rate For Calcs": NaN,
        "Normalized EBITDA": NaN,
        "Total Unusual Items": NaN,
        "Total Unusual Items Excluding Goodwill": NaN,
        "Net Income From Continuing Operation Net Minority Interest": NaN,
        "Reconciled Depreciation": NaN,
        "Reconciled Cost Of Revenue": NaN,
        "EBITDA": NaN,
        "EBIT": NaN,
        "Normalized Income": NaN,
        "Net Income From Continuing And Discontinued Operation": NaN,
        "Total Expenses": NaN,
        "Total Operating Income As Reported": NaN,
        "Diluted Average Shares": 5733333.0,
        "Basic Average Shares": 5681000.0,
        "Diluted EPS": -0.121105,
        "Basic EPS": -0.121105,
        "Diluted NI Availto Com Stockholders": NaN,
        "Net Income Common Stockholders": NaN,
        "Net Income": NaN,
        "Net Income Including Noncontrolling Interests": NaN,
        "Net Income Continuous Operations": NaN,
        "Tax Provision": NaN,
        "Pretax Income": NaN,
        "Other Income Expense": -6000.0,
        "Other Non Operating Income Expenses": -6000.0,
        "Special Income Charges": NaN,
        "Other Special Charges": NaN,
        "Operating Income": NaN,
        "Operating Expense": NaN,
        "Research And Development": NaN,
        "Selling General And Administration": NaN,
        "Selling And Marketing Expense": NaN,
        "General And Administrative Expense": NaN,
        "Other Gand A": NaN,
        "Gross Profit": NaN,
        "Cost Of Revenue": NaN,
        "Total Revenue": NaN,
        "Operating Revenue": NaN
    },
    "2022-09-30": {
        "Tax Effect Of Unusual Items": 0.0,
        "Tax Rate For Calcs": 0.4,
        "Normalized EBITDA": 452000.0,
        "Total Unusual Items": 0.0,
        "Total Unusual Items Excluding Goodwill": 0.0,
        "Net Income From Continuing Operation Net Minority Interest": -97000.0,
        "Reconciled Depreciation": 827000.0,
        "Reconciled Cost Of Revenue": 4184000.0,
        "EBITDA": 452000.0,
        "EBIT": -375000.0,
        "Normalized Income": -97000.0,
        "Net Income From Continuing And Discontinued Operation": -97000.0,
        "Total Expenses": 6891000.0,
        "Total Operating Income As Reported": -375000.0,
        "Diluted Average Shares": 5638000.0,
        "Basic Average Shares": 5638000.0,
        "Diluted EPS": -0.02,
        "Basic EPS": -0.02,
        "Diluted NI Availto Com Stockholders": -97000.0,
        "Net Income Common Stockholders": -97000.0,
        "Net Income": -97000.0,
        "Net Income Including Noncontrolling Interests": -97000.0,
        "Net Income Continuous Operations": -97000.0,
        "Tax Provision": -286000.0,
        "Pretax Income": -383000.0,
        "Other Income Expense": -8000.0,
        "Other Non Operating Income Expenses": -8000.0,
        "Special Income Charges": 0.0,
        "Other Special Charges": NaN,
        "Operating Income": -375000.0,
        "Operating Expense": 2707000.0,
        "Research And Development": 328000.0,
        "Selling General And Administration": 2379000.0,
        "Selling And Marketing Expense": 791000.0,
        "General And Administrative Expense": 1588000.0,
        "Other Gand A": 1588000.0,
        "Gross Profit": 2332000.0,
        "Cost Of Revenue": 4184000.0,
        "Total Revenue": 6516000.0,
        "Operating Revenue": 6491000.0
    },
    "2022-06-30": {
        "Tax Effect Of Unusual Items": 0.0,
        "Tax Rate For Calcs": 0.037037,
        "Normalized EBITDA": -342000.0,
        "Total Unusual Items": NaN,
        "Total Unusual Items Excluding Goodwill": NaN,
        "Net Income From Continuing Operation Net Minority Interest": -338000.0,
        "Reconciled Depreciation": 867000.0,
        "Reconciled Cost Of Revenue": 4240000.0,
        "EBITDA": -342000.0,
        "EBIT": -342000.0,
        "Normalized Income": -338000.0,
        "Net Income From Continuing And Discontinued Operation": -338000.0,
        "Total Expenses": 6855000.0,
        "Total Operating Income As Reported": -342000.0,
        "Diluted Average Shares": 5610000.0,
        "Basic Average Shares": 5610000.0,
        "Diluted EPS": -0.06,
        "Basic EPS": -0.06,
        "Diluted NI Availto Com Stockholders": -338000.0,
        "Net Income Common Stockholders": -338000.0,
        "Net Income": -338000.0,
        "Net Income Including Noncontrolling Interests": -338000.0,
        "Net Income Continuous Operations": -338000.0,
        "Tax Provision": -13000.0,
        "Pretax Income": -351000.0,
        "Other Income Expense": -9000.0,
        "Other Non Operating Income Expenses": -9000.0,
        "Special Income Charges": NaN,
        "Other Special Charges": NaN,
        "Operating Income": -342000.0,
        "Operating Expense": 2615000.0,
        "Research And Development": 357000.0,
        "Selling General And Administration": 2258000.0,
        "Selling And Marketing Expense": 813000.0,
        "General And Administrative Expense": 1445000.0,
        "Other Gand A": 1445000.0,
        "Gross Profit": 2273000.0,
        "Cost Of Revenue": 4240000.0,
        "Total Revenue": 6513000.0,
        "Operating Revenue": 6513000.0
    },
    "2022-03-31": {
        "Diluted EPS": 0.01,
        "Total Revenue": 7,
        "Gross Profit": 2,
        "Operating Income": 0,
        "EBIT": 1,
        "Net Income": 0
    },
    "2021-12-31": {
        "Diluted EPS": -0.28,
        "Total Revenue": 6,
        "Gross Profit": 2,
        "Operating Income": -1,
        "EBIT": 0,
        "Net Income": -2
    },
    "2021-09-30": {
        "Diluted EPS": 0.13,
        "Total Revenue": 7,
        "Gross Profit": 3,
        "Operating Income": 1,
        "EBIT": 2,
        "Net Income": 1
    },
    "2021-06-30": {
        "Diluted EPS": 0.02,
        "Total Revenue": 6,
        "Gross Profit": 2,
        "Operating Income": 0,
        "EBIT": 1,
        "Net Income": 0
    },
    "2021-03-31": {
        "Diluted EPS": 0.01,
        "Total Revenue": 6,
        "Gross Profit": 3,
        "Operating Income": 0,
        "EBIT": 1,
        "Net Income": 0
    },
    "2020-12-31": {
        "Diluted EPS": -0.1,
        "Total Revenue": 5,
        "Gross Profit": 1,
        "Operating Income": -1,
        "EBIT": 0,
        "Net Income": -1
    },
    "2020-09-30": {
        "Diluted EPS": -0.2,
        "Total Revenue": 5,
        "Gross Profit": 1,
        "Operating Income": -1,
        "EBIT": 0,
        "Net Income": -1
    },
    "2020-06-30": {
        "Diluted EPS": -0.37,
        "Total Revenue": 3,
        "Gross Profit": 0,
        "Operating Income": -3,
        "EBIT": -2,
        "Net Income": -2
    },
    "2020-03-31": {
        "Diluted EPS": -0.03,
        "Total Revenue": 8,
        "Gross Profit": 3,
        "Operating Income": 0,
        "EBIT": 1,
        "Net Income": 0
    },
    "2019-12-31": {
        "Diluted EPS": -0.09,
        "Total Revenue": 9,
        "Gross Profit": 3,
        "Operating Income": -1,
        "EBIT": 0,
        "Net Income": -1
    },
    "2019-09-30": {
        "Diluted EPS": 0.12,
        "Total Revenue": 10,
        "Gross Profit": 4,
        "Operating Income": 1,
        "EBIT": 2,
        "Net Income": 1
    },
    "2019-06-30": {
        "Diluted EPS": 0.14,
        "Total Revenue": 9,
        "Gross Profit": 4,
        "Operating Income": 1,
        "EBIT": 2,
        "Net Income": 1
    },
    "2019-03-31": {
        "Diluted EPS": 0.11,
        "Total Revenue": 10,
        "Gross Profit": 4,
        "Operating Income": 1,
        "EBIT": 2,
        "Net Income": 1
    },
    "2018-12-31": {
        "Diluted EPS": 0.16,
        "Total Revenue": 10,
        "Gross Profit": 5,
        "Operating Income": 2,
        "EBIT": 2,
        "Net Income": 1
    },
    "2018-09-30": {
        "Diluted EPS": 0.23,
        "Total Revenue": 11,
        "Gross Profit": 5,
        "Operating Income": 2,
        "EBIT": 3,
        "Net Income": 1
    },
    "2018-06-30": {
        "Diluted EPS": 0.21,
        "Total Revenue": 11,
        "Gross Profit": 5,
        "Operating Income": 2,
        "EBIT": 3,
        "Net Income": 1
    },
    "2018-03-31": {
        "Diluted EPS": 0.23,
        "Total Revenue": 11,
        "Gross Profit": 5,
        "Operating Income": 2,
        "EBIT": 3,
        "Net Income": 1
    },
    "2017-12-31": {
        "Diluted EPS": 0.42,
        "Total Revenue": 10,
        "Gross Profit": 5,
        "Operating Income": 2,
        "EBIT": 3,
        "Net Income": 2
    },
    "2017-09-30": {
        "Diluted EPS": 0.25,
        "Total Revenue": 10,
        "Gross Profit": 5,
        "Operating Income": 2,
        "EBIT": 3,
        "Net Income": 1
    },
    "2017-06-30": {
        "Diluted EPS": 0.16,
        "Total Revenue": 10,
        "Gross Profit": 5,
        "Operating Income": 2,
        "EBIT": 2,
        "Net Income": 1
    },
    "2017-03-31": {
        "Diluted EPS": 0.27,
        "Total Revenue": 10,
        "Gross Profit": 5,
        "Operating Income": 2,
        "EBIT": 3,
        "Net Income": 2
    },
    "2016-12-31": {
        "Diluted EPS": 0.43,
        "Total Revenue": 11,
        "Gross Profit": 6,
        "Operating Income": 4,
        "EBIT": 4,
        "Net Income": 2
    },
    "2016-09-30": {
        "Diluted EPS": 0.49,
        "Total Revenue": 12,
        "Gross Profit": 7,
        "Operating Income": 4,
        "EBIT": 5,
        "Net Income": 3
    },
    "2016-06-30": {
        "Diluted EPS": 0.3,
        "Total Revenue": 10,
        "Gross Profit": 5,
        "Operating Income": 2,
        "EBIT": 3,
        "Net Income": 2
    },
    "2016-03-31": {
        "Diluted EPS": 0.0,
        "Total Revenue": 7,
        "Gross Profit": 3,
        "Operating Income": 0,
        "EBIT": 1,
        "Net Income": 0
    },
    "2015-12-31": {
        "Diluted EPS": 0.03,
        "Total Revenue": 6,
        "Gross Profit": 3,
        "Operating Income": 0,
        "EBIT": 1,
        "Net Income": 0
    },
    "2015-09-30": {
        "Diluted EPS": 0.15,
        "Total Revenue": 7,
        "Gross Profit": 3,
        "Operating Income": 1,
        "EBIT": 1,
        "Net Income": 1
    },
    "2015-06-30": {
        "Diluted EPS": 0.05,
        "Total Revenue": 7,
        "Gross Profit": 3,
        "Operating Income": 0,
        "EBIT": 1,
        "Net Income": 0
    },
    "2015-03-31": {
        "Diluted EPS": 0.05,
        "Total Revenue": 7,
        "Gross Profit": 3,
        "Operating Income": 0,
        "EBIT": 1,
        "Net Income": 0
    },
    "2014-12-31": {
        "Diluted EPS": 0.13,
        "Total Revenue": 7,
        "Gross Profit": 3,
        "Operating Income": 1,
        "EBIT": 1,
        "Net Income": 1
    },
    "2014-09-30": {
        "Diluted EPS": 0.17,
        "Total Revenue": 8,
        "Gross Profit": 4,
        "Operating Income": 1,
        "EBIT": 2,
        "Net Income": 1
    },
    "2014-06-30": {
        "Diluted EPS": 0.16,
        "Total Revenue": 8,
        "Gross Profit": 4,
        "Operating Income": 1,
        "EBIT": 2,
        "Net Income": 1
    },
    "2014-03-31": {
        "Diluted EPS": 0.14,
        "Total Revenue": 7,
        "Gross Profit": 4,
        "Operating Income": 1,
        "EBIT": 1,
        "Net Income": 1
    },
    "2013-12-31": {
        "Diluted EPS": 0.16,
        "Total Revenue": 6,
        "Gross Profit": 4,
        "Operating Income": 1,
        "EBIT": 1,
        "Net Income": 1
    },
    "2013-09-30": {
        "Diluted EPS": 0.2,
        "Total Revenue": 7,
        "Gross Profit": 4,
        "Operating Income": 2,
        "EBIT": 2,
        "Net Income": 1
    },
    "2013-06-30": {
        "Diluted EPS": 0.2,
        "Total Revenue": 7,
        "Gross Profit": 4,
        "Operating Income": 2,
        "EBIT": 2,
        "Net Income": 1
    },
    "2013-03-31": {
        "Diluted EPS": 0.16,
        "Total Revenue": 6,
        "Gross Profit": 3,
        "Operating Income": 1,
        "EBIT": 1,
        "Net Income": 1
    },
    "2012-12-31": {
        "Diluted EPS": 0.05,
        "Total Revenue": 6,
        "Gross Profit": 3,
        "Operating Income": 0,
        "EBIT": 1,
        "Net Income": 0
    },
    "2012-09-30": {
        "Diluted EPS": 0.17,
        "Total Revenue": 6,
        "Gross Profit": 4,
        "Operating Income": 1,
        "EBIT": 2,
        "Net Income": 1
    },
    "2012-06-30": {
        "Diluted EPS": 0.19,
        "Total Revenue": 7,
        "Gross Profit": 4,
        "Operating Income": 2,
        "EBIT": 2,
        "Net Income": 1
    },
    "2012-03-31": {
        "Diluted EPS": 0.16,
        "Total Revenue": 6,
        "Gross Profit": 4,
        "Operating Income": 1,
        "EBIT": 2,
        "Net Income": 1
    },
    "2011-12-31": {
        "Diluted EPS": 0.09,
        "Total Revenue": 6,
        "Gross Profit": 3,
        "Operating Income": 1,
        "EBIT": 1,
        "Net Income": 0
    },
    "2011-09-30": {
        "Diluted EPS": 0.21,
        "Total Revenue": 6,
        "Gross Profit": 4,
        "Operating Income": 2,
        "EBIT": 2,
        "Net Income": 1
    },
    "2011-06-30": {
        "Diluted EPS": 0.21,
        "Total Revenue": 6,
        "Gross Profit": 4,
        "Operating Income": 2,
        "EBIT": 2,
        "Net Income": 1
    },
    "2011-03-31": {
        "Diluted EPS": 0.16,
        "Total Revenue": 6,
        "Gross Profit": 4,
        "Operating Income": 1,
        "EBIT": 2,
        "Net Income": 1
    },
    "2010-12-31": {
        "Diluted EPS": 0.07,
        "Total Revenue": 5,
        "Gross Profit": 3,
        "Operating Income": 1,
        "EBIT": 1,
        "Net Income": 0
    },
    "2010-09-30": {
        "Diluted EPS": 0.16,
        "Total Revenue": 5,
        "Gross Profit": 3,
        "Operating Income": 1,
        "EBIT": 1,
        "Net Income": 1
    },
    "2010-06-30": {
        "Diluted EPS": 0.17,
        "Total Revenue": 5,
        "Gross Profit": 3,
        "Operating Income": 2,
        "EBIT": 2,
        "Net Income": 1
    },
    "2010-03-31": {
        "Diluted EPS": 0.1,
        "Total Revenue": 4,
        "Gross Profit": 3,
        "Operating Income": 1,
        "EBIT": 1,
        "Net Income": 1
    },
    "2009-12-31": {
        "Diluted EPS": 0.1,
        "Total Revenue": 4,
        "Gross Profit": 3,
        "Operating Income": 1,
        "EBIT": 1,
        "Net Income": 1
    },
    "2009-09-30": {
        "Diluted EPS": 0.15,
        "Total Revenue": 5,
        "Gross Profit": 3,
        "Operating Income": 1,
        "EBIT": 1,
        "Net Income": 1
    },
    "2009-06-30": {
        "Diluted EPS": 0.03,
        "Total Revenue": 4,
        "Gross Profit": 2,
        "Operating Income": 0,
        "EBIT": 0,
        "Net Income": 0
    },
    "2009-03-31": {
        "Diluted EPS": 0.01,
        "Total Revenue": 4,
        "Gross Profit": 2,
        "Operating Income": 0,
        "EBIT": 0,
        "Net Income": 0
    },
    "2023-06-30": {
        "Tax Effect Of Unusual Items": NaN,
        "Tax Rate For Calcs": NaN,
        "Normalized EBITDA": NaN,
        "Total Unusual Items": NaN,
        "Total Unusual Items Excluding Goodwill": NaN,
        "Net Income From Continuing Operation Net Minority Interest": NaN,
        "Reconciled Depreciation": NaN,
        "Reconciled Cost Of Revenue": NaN,
        "EBITDA": NaN,
        "EBIT": NaN,
        "Normalized Income": NaN,
        "Net Income From Continuing And Discontinued Operation": NaN,
        "Total Expenses": NaN,
        "Total Operating Income As Reported": NaN,
        "Diluted Average Shares": 5714000.0,
        "Basic Average Shares": 5714000.0,
        "Diluted EPS": -0.13,
        "Basic EPS": -0.13,
        "Diluted NI Availto Com Stockholders": NaN,
        "Net Income Common Stockholders": NaN,
        "Net Income": NaN,
        "Net Income Including Noncontrolling Interests": NaN,
        "Net Income Continuous Operations": NaN,
        "Tax Provision": NaN,
        "Pretax Income": NaN,
        "Other Income Expense": -505000.0,
        "Other Non Operating Income Expenses": -5000.0,
        "Special Income Charges": NaN,
        "Other Special Charges": 500000.0,
        "Operating Income": NaN,
        "Operating Expense": NaN,
        "Research And Development": NaN,
        "Selling General And Administration": NaN,
        "Selling And Marketing Expense": NaN,
        "General And Administrative Expense": NaN,
        "Other Gand A": NaN,
        "Gross Profit": NaN,
        "Cost Of Revenue": NaN,
        "Total Revenue": NaN,
        "Operating Revenue": NaN
    },
    "2023-09-30": {
        "Tax Effect Of Unusual Items": 0.0,
        "Tax Rate For Calcs": 0.21,
        "Normalized EBITDA": -422000.0,
        "Total Unusual Items": 0.0,
        "Total Unusual Items Excluding Goodwill": 0.0,
        "Net Income From Continuing Operation Net Minority Interest": -2099000.0,
        "Reconciled Depreciation": 685000.0,
        "Reconciled Cost Of Revenue": 3613000.0,
        "EBITDA": -422000.0,
        "EBIT": -1107000.0,
        "Normalized Income": -2099000.0,
        "Net Income From Continuing And Discontinued Operation": -2099000.0,
        "Total Expenses": 6811000.0,
        "Total Operating Income As Reported": -1107000.0,
        "Diluted Average Shares": 5755000.0,
        "Basic Average Shares": 5755000.0,
        "Diluted EPS": -0.36,
        "Basic EPS": -0.36,
        "Diluted NI Availto Com Stockholders": -2099000.0,
        "Net Income Common Stockholders": -2099000.0,
        "Net Income": -2099000.0,
        "Net Income Including Noncontrolling Interests": -2099000.0,
        "Net Income Continuous Operations": -2099000.0,
        "Tax Provision": 992000.0,
        "Pretax Income": -1107000.0,
        "Other Income Expense": NaN,
        "Other Non Operating Income Expenses": NaN,
        "Special Income Charges": 0.0,
        "Other Special Charges": NaN,
        "Operating Income": -1107000.0,
        "Operating Expense": 3198000.0,
        "Research And Development": 275000.0,
        "Selling General And Administration": 2923000.0,
        "Selling And Marketing Expense": 723000.0,
        "General And Administrative Expense": 2200000.0,
        "Other Gand A": 2200000.0,
        "Gross Profit": 2091000.0,
        "Cost Of Revenue": 3613000.0,
        "Total Revenue": 5704000.0,
        "Operating Revenue": 5683000.0
    },
    "2023-12-31": {
        "Tax Effect Of Unusual Items": -1470.0,
        "Tax Rate For Calcs": 0.21,
        "Normalized EBITDA": -286000.0,
        "Total Unusual Items": -7000.0,
        "Total Unusual Items Excluding Goodwill": -7000.0,
        "Net Income From Continuing Operation Net Minority Interest": -945000.0,
        "Reconciled Depreciation": 575000.0,
        "Reconciled Cost Of Revenue": 2940000.0,
        "EBITDA": -293000.0,
        "EBIT": -868000.0,
        "Normalized Income": -939470.0,
        "Net Income From Continuing And Discontinued Operation": -945000.0,
        "Total Expenses": 5866000.0,
        "Total Operating Income As Reported": -868000.0,
        "Diluted Average Shares": NaN,
        "Basic Average Shares": NaN,
        "Diluted EPS": NaN,
        "Basic EPS": NaN,
        "Diluted NI Availto Com Stockholders": -945000.0,
        "Net Income Common Stockholders": -945000.0,
        "Net Income": -945000.0,
        "Net Income Including Noncontrolling Interests": -945000.0,
        "Net Income Continuous Operations": -945000.0,
        "Tax Provision": 69000.0,
        "Pretax Income": -876000.0,
        "Other Income Expense": -8000.0,
        "Other Non Operating Income Expenses": -1000.0,
        "Special Income Charges": -7000.0,
        "Other Special Charges": 7000.0,
        "Operating Income": -868000.0,
        "Operating Expense": 2926000.0,
        "Research And Development": 285000.0,
        "Selling General And Administration": 2641000.0,
        "Selling And Marketing Expense": 740000.0,
        "General And Administrative Expense": 1901000.0,
        "Other Gand A": 1901000.0,
        "Gross Profit": 2058000.0,
        "Cost Of Revenue": 2940000.0,
        "Total Revenue": 4998000.0,
        "Operating Revenue": 4947000.0
    },
    "2024-03-31": {
        "Tax Effect Of Unusual Items": -404.0,
        "Tax Rate For Calcs": 0.202,
        "Normalized EBITDA": -14000.0,
        "Total Unusual Items": -2000.0,
        "Total Unusual Items Excluding Goodwill": -2000.0,
        "Net Income From Continuing Operation Net Minority Interest": -688000.0,
        "Reconciled Depreciation": 551000.0,
        "Reconciled Cost Of Revenue": 3235000.0,
        "EBITDA": -16000.0,
        "EBIT": -567000.0,
        "Normalized Income": -686404.0,
        "Net Income From Continuing And Discontinued Operation": -688000.0,
        "Total Expenses": 5924000.0,
        "Total Operating Income As Reported": -567000.0,
        "Diluted Average Shares": 5806000.0,
        "Basic Average Shares": 5806000.0,
        "Diluted EPS": -0.12,
        "Basic EPS": -0.12,
        "Diluted NI Availto Com Stockholders": -688000.0,
        "Net Income Common Stockholders": -688000.0,
        "Net Income": -688000.0,
        "Net Income Including Noncontrolling Interests": -688000.0,
        "Net Income Continuous Operations": -688000.0,
        "Tax Provision": 116000.0,
        "Pretax Income": -572000.0,
        "Other Income Expense": -5000.0,
        "Other Non Operating Income Expenses": -3000.0,
        "Special Income Charges": -2000.0,
        "Other Special Charges": 2000.0,
        "Operating Income": -567000.0,
        "Operating Expense": 2689000.0,
        "Research And Development": 209000.0,
        "Selling General And Administration": 2480000.0,
        "Selling And Marketing Expense": 692000.0,
        "General And Administrative Expense": 1788000.0,
        "Other Gand A": 1788000.0,
        "Gross Profit": 2122000.0,
        "Cost Of Revenue": 3235000.0,
        "Total Revenue": 5357000.0,
        "Operating Revenue": 5325000.0
    },
    "2024-06-30": {
        "Tax Effect Of Unusual Items": 0.0,
        "Tax Rate For Calcs": 0.08,
        "Normalized EBITDA": -235000.0,
        "Total Unusual Items": 0.0,
        "Total Unusual Items Excluding Goodwill": 0.0,
        "Net Income From Continuing Operation Net Minority Interest": -827000.0,
        "Reconciled Depreciation": 664000.0,
        "Reconciled Cost Of Revenue": 3176000.0,
        "EBITDA": -235000.0,
        "EBIT": -899000.0,
        "Normalized Income": -827000.0,
        "Net Income From Continuing And Discontinued Operation": -827000.0,
        "Total Expenses": 5627000.0,
        "Total Operating Income As Reported": -899000.0,
        "Diluted Average Shares": 5817000.0,
        "Basic Average Shares": 5817000.0,
        "Diluted EPS": -0.14,
        "Basic EPS": -0.14,
        "Diluted NI Availto Com Stockholders": -827000.0,
        "Net Income Common Stockholders": -827000.0,
        "Net Income": -827000.0,
        "Net Income Including Noncontrolling Interests": -827000.0,
        "Net Income Continuous Operations": -827000.0,
        "Tax Provision": -71000.0,
        "Pretax Income": -898000.0,
        "Other Income Expense": 1000.0,
        "Other Non Operating Income Expenses": 1000.0,
        "Special Income Charges": 0.0,
        "Other Special Charges": NaN,
        "Operating Income": -899000.0,
        "Operating Expense": 2451000.0,
        "Research And Development": 189000.0,
        "Selling General And Administration": 2262000.0,
        "Selling And Marketing Expense": 671000.0,
        "General And Administrative Expense": 1591000.0,
        "Other Gand A": 1591000.0,
        "Gross Profit": 1552000.0,
        "Cost Of Revenue": 3176000.0,
        "Total Revenue": 4728000.0,
        "Operating Revenue": 4702000.0
    },
    "2024-09-30": {
        "Tax Effect Of Unusual Items": 0.0,
        "Tax Rate For Calcs": 0.117162,
        "Normalized EBITDA": -142000.0,
        "Total Unusual Items": 0.0,
        "Total Unusual Items Excluding Goodwill": 0.0,
        "Net Income From Continuing Operation Net Minority Interest": -535000.0,
        "Reconciled Depreciation": 453000.0,
        "Reconciled Cost Of Revenue": 3136000.0,
        "EBITDA": -142000.0,
        "EBIT": -595000.0,
        "Normalized Income": -535000.0,
        "Net Income From Continuing And Discontinued Operation": -535000.0,
        "Total Expenses": 5770000.0,
        "Total Operating Income As Reported": -595000.0,
        "Diluted Average Shares": 5894000.0,
        "Basic Average Shares": 5894000.0,
        "Diluted EPS": -0.09,
        "Basic EPS": -0.09,
        "Diluted NI Availto Com Stockholders": -535000.0,
        "Net Income Common Stockholders": -535000.0,
        "Net Income": -535000.0,
        "Net Income Including Noncontrolling Interests": -535000.0,
        "Net Income Continuous Operations": -535000.0,
        "Tax Provision": -71000.0,
        "Pretax Income": -606000.0,
        "Other Income Expense": -11000.0,
        "Other Non Operating Income Expenses": -11000.0,
        "Special Income Charges": 0.0,
        "Other Special Charges": NaN,
        "Operating Income": -595000.0,
        "Operating Expense": 2634000.0,
        "Research And Development": 172000.0,
        "Selling General And Administration": 2462000.0,
        "Selling And Marketing Expense": 580000.0,
        "General And Administrative Expense": 1882000.0,
        "Other Gand A": 1882000.0,
        "Gross Profit": 2039000.0,
        "Cost Of Revenue": 3136000.0,
        "Total Revenue": 5175000.0,
        "Operating Revenue": 5148000.0
    }
}