{
    "2023-12-31": {
        "Tax Effect Of Unusual Items": 184590.0,
        "Tax Rate For Calcs": 0.21,
        "Normalized EBITDA": 866000.0,
        "Total Unusual Items": 879000.0,
        "Total Unusual Items Excluding Goodwill": 879000.0,
        "Net Income From Continuing Operation Net Minority Interest": 1204000.0,
        "Reconciled Depreciation": 138000.0,
        "Reconciled Cost Of Revenue": 7860000.0,
        "EBITDA": 1745000.0,
        "EBIT": 1607000.0,
        "Net Interest Income": -403000.0,
        "Interest Expense": 403000.0,
        "Normalized Income": 509590.0,
        "Net Income From Continuing And Discontinued Operation": 1204000.0,
        "Total Expenses": 11998000.0,
        "Total Operating Income As Reported": 728000.0,
        "Diluted Average Shares": 15578449.0,
        "Basic Average Shares": 15578449.0,
        "Diluted EPS": 0.077286,
        "Basic EPS": 0.077286,
        "Diluted NI Availto Com Stockholders": 1204000.0,
        "Net Income Common Stockholders": 1204000.0,
        "Net Income": 1204000.0,
        "Net Income Including Noncontrolling Interests": 1204000.0,
        "Net Income Continuous Operations": 1204000.0,
        "Tax Provision": NaN,
        "Pretax Income": 1204000.0,
        "Other Income Expense": 879000.0,
        "Gain On Sale Of Security": 879000.0,
        "Net Non Operating Interest Income Expense": -403000.0,
        "Interest Expense Non Operating": 403000.0,
        "Operating Income": 728000.0,
        "Operating Expense": 4138000.0,
        "Depreciation Amortization Depletion Income Statement": NaN,
        "Depreciation And Amortization In Income Statement": NaN,
        "Selling General And Administration": 4138000.0,
        "Selling And Marketing Expense": 1479000.0,
        "General And Administrative Expense": 2659000.0,
        "Other Gand A": 2659000.0,
        "Salaries And Wages": NaN,
        "Gross Profit": 4866000.0,
        "Cost Of Revenue": 7860000.0,
        "Total Revenue": 12726000.0,
        "Operating Revenue": 12726000.0
    },
    "2023-09-30": {
        "Tax Effect Of Unusual Items": 0.0,
        "Tax Rate For Calcs": 0.0,
        "Normalized EBITDA": -144000.0,
        "Total Unusual Items": -817000.0,
        "Total Unusual Items Excluding Goodwill": -817000.0,
        "Net Income From Continuing Operation Net Minority Interest": -1511000.0,
        "Reconciled Depreciation": 158000.0,
        "Reconciled Cost Of Revenue": 2609000.0,
        "EBITDA": -961000.0,
        "EBIT": -1119000.0,
        "Net Interest Income": -392000.0,
        "Interest Expense": 392000.0,
        "Normalized Income": -694000.0,
        "Net Income From Continuing And Discontinued Operation": -1511000.0,
        "Total Expenses": 6190000.0,
        "Total Operating Income As Reported": -302000.0,
        "Diluted Average Shares": 15578449.0,
        "Basic Average Shares": 15578449.0,
        "Diluted EPS": -0.096993,
        "Basic EPS": -0.096993,
        "Diluted NI Availto Com Stockholders": -1511000.0,
        "Net Income Common Stockholders": -1511000.0,
        "Net Income": -1511000.0,
        "Net Income Including Noncontrolling Interests": -1511000.0,
        "Net Income Continuous Operations": -1511000.0,
        "Tax Provision": NaN,
        "Pretax Income": -1511000.0,
        "Other Income Expense": -817000.0,
        "Gain On Sale Of Security": -817000.0,
        "Net Non Operating Interest Income Expense": -392000.0,
        "Interest Expense Non Operating": 392000.0,
        "Operating Income": -302000.0,
        "Operating Expense": 3581000.0,
        "Depreciation Amortization Depletion Income Statement": 156000.0,
        "Depreciation And Amortization In Income Statement": 156000.0,
        "Selling General And Administration": 3581000.0,
        "Selling And Marketing Expense": 888000.0,
        "General And Administrative Expense": 2693000.0,
        "Other Gand A": 2693000.0,
        "Salaries And Wages": 1377000.0,
        "Gross Profit": 3279000.0,
        "Cost Of Revenue": 2609000.0,
        "Total Revenue": 5888000.0,
        "Operating Revenue": 3864000.0
    },
    "2023-06-30": {
        "Tax Effect Of Unusual Items": NaN,
        "Tax Rate For Calcs": NaN,
        "Normalized EBITDA": NaN,
        "Total Unusual Items": NaN,
        "Total Unusual Items Excluding Goodwill": NaN,
        "Net Income From Continuing Operation Net Minority Interest": NaN,
        "Reconciled Depreciation": NaN,
        "Reconciled Cost Of Revenue": NaN,
        "EBITDA": NaN,
        "EBIT": NaN,
        "Net Interest Income": NaN,
        "Interest Expense": NaN,
        "Normalized Income": NaN,
        "Net Income From Continuing And Discontinued Operation": NaN,
        "Total Expenses": NaN,
        "Total Operating Income As Reported": NaN,
        "Diluted Average Shares": 15578449.0,
        "Basic Average Shares": 4854061.0,
        "Diluted EPS": -0.55,
        "Basic EPS": -0.55,
        "Diluted NI Availto Com Stockholders": NaN,
        "Net Income Common Stockholders": NaN,
        "Net Income": NaN,
        "Net Income Including Noncontrolling Interests": NaN,
        "Net Income Continuous Operations": NaN,
        "Tax Provision": 0.0,
        "Pretax Income": NaN,
        "Other Income Expense": NaN,
        "Gain On Sale Of Security": NaN,
        "Net Non Operating Interest Income Expense": NaN,
        "Interest Expense Non Operating": NaN,
        "Operating Income": NaN,
        "Operating Expense": NaN,
        "Depreciation Amortization Depletion Income Statement": 143000.0,
        "Depreciation And Amortization In Income Statement": 143000.0,
        "Selling General And Administration": NaN,
        "Selling And Marketing Expense": NaN,
        "General And Administrative Expense": NaN,
        "Other Gand A": NaN,
        "Salaries And Wages": 1119000.0,
        "Gross Profit": NaN,
        "Cost Of Revenue": NaN,
        "Total Revenue": NaN,
        "Operating Revenue": NaN
    },
    "2023-03-31": {
        "Tax Effect Of Unusual Items": 0.0,
        "Tax Rate For Calcs": 0.0,
        "Normalized EBITDA": -2516000.0,
        "Total Unusual Items": 496000.0,
        "Total Unusual Items Excluding Goodwill": 496000.0,
        "Net Income From Continuing Operation Net Minority Interest": -2467000.0,
        "Reconciled Depreciation": 139000.0,
        "Reconciled Cost Of Revenue": 3044000.0,
        "EBITDA": -2020000.0,
        "EBIT": -2159000.0,
        "Net Interest Income": -429000.0,
        "Interest Expense": 429000.0,
        "Normalized Income": -2963000.0,
        "Net Income From Continuing And Discontinued Operation": -2467000.0,
        "Total Expenses": 6667000.0,
        "Total Operating Income As Reported": -2655000.0,
        "Diluted Average Shares": NaN,
        "Basic Average Shares": NaN,
        "Diluted EPS": NaN,
        "Basic EPS": NaN,
        "Diluted NI Availto Com Stockholders": -2467000.0,
        "Net Income Common Stockholders": -2467000.0,
        "Net Income": -2467000.0,
        "Net Income Including Noncontrolling Interests": -2467000.0,
        "Net Income Continuous Operations": -2467000.0,
        "Tax Provision": NaN,
        "Pretax Income": -2588000.0,
        "Other Income Expense": 496000.0,
        "Gain On Sale Of Security": 496000.0,
        "Net Non Operating Interest Income Expense": -429000.0,
        "Interest Expense Non Operating": 429000.0,
        "Operating Income": -2655000.0,
        "Operating Expense": 3623000.0,
        "Depreciation Amortization Depletion Income Statement": NaN,
        "Depreciation And Amortization In Income Statement": NaN,
        "Selling General And Administration": 3076000.0,
        "Selling And Marketing Expense": 1703000.0,
        "General And Administrative Expense": 1373000.0,
        "Other Gand A": -8490000.0,
        "Salaries And Wages": NaN,
        "Gross Profit": 968000.0,
        "Cost Of Revenue": 3044000.0,
        "Total Revenue": 4012000.0,
        "Operating Revenue": 4012000.0
    },
    "2022-12-31": {
        "Tax Effect Of Unusual Items": NaN,
        "Tax Rate For Calcs": NaN,
        "Normalized EBITDA": NaN,
        "Total Unusual Items": NaN,
        "Total Unusual Items Excluding Goodwill": NaN,
        "Net Income From Continuing Operation Net Minority Interest": NaN,
        "Reconciled Depreciation": NaN,
        "Reconciled Cost Of Revenue": NaN,
        "EBITDA": NaN,
        "EBIT": NaN,
        "Net Interest Income": NaN,
        "Interest Expense": NaN,
        "Normalized Income": NaN,
        "Net Income From Continuing And Discontinued Operation": NaN,
        "Total Expenses": NaN,
        "Total Operating Income As Reported": NaN,
        "Diluted Average Shares": 15578449.0,
        "Basic Average Shares": 15578449.0,
        "Diluted EPS": 0.209713,
        "Basic EPS": 0.209713,
        "Diluted NI Availto Com Stockholders": NaN,
        "Net Income Common Stockholders": NaN,
        "Net Income": NaN,
        "Net Income Including Noncontrolling Interests": NaN,
        "Net Income Continuous Operations": NaN,
        "Tax Provision": NaN,
        "Pretax Income": NaN,
        "Other Income Expense": NaN,
        "Gain On Sale Of Security": NaN,
        "Net Non Operating Interest Income Expense": NaN,
        "Interest Expense Non Operating": NaN,
        "Operating Income": NaN,
        "Operating Expense": NaN,
        "Depreciation Amortization Depletion Income Statement": NaN,
        "Depreciation And Amortization In Income Statement": NaN,
        "Selling General And Administration": NaN,
        "Selling And Marketing Expense": NaN,
        "General And Administrative Expense": NaN,
        "Other Gand A": NaN,
        "Salaries And Wages": NaN,
        "Gross Profit": NaN,
        "Cost Of Revenue": NaN,
        "Total Revenue": NaN,
        "Operating Revenue": NaN
    },
    "2022-09-30": {
        "Tax Effect Of Unusual Items": NaN,
        "Tax Rate For Calcs": NaN,
        "Normalized EBITDA": NaN,
        "Total Unusual Items": NaN,
        "Total Unusual Items Excluding Goodwill": NaN,
        "Net Income From Continuing Operation Net Minority Interest": NaN,
        "Reconciled Depreciation": NaN,
        "Reconciled Cost Of Revenue": NaN,
        "EBITDA": NaN,
        "EBIT": NaN,
        "Net Interest Income": NaN,
        "Interest Expense": NaN,
        "Normalized Income": NaN,
        "Net Income From Continuing And Discontinued Operation": NaN,
        "Total Expenses": NaN,
        "Total Operating Income As Reported": NaN,
        "Diluted Average Shares": NaN,
        "Basic Average Shares": NaN,
        "Diluted EPS": NaN,
        "Basic EPS": NaN,
        "Diluted NI Availto Com Stockholders": NaN,
        "Net Income Common Stockholders": NaN,
        "Net Income": NaN,
        "Net Income Including Noncontrolling Interests": NaN,
        "Net Income Continuous Operations": NaN,
        "Tax Provision": NaN,
        "Pretax Income": NaN,
        "Other Income Expense": NaN,
        "Gain On Sale Of Security": NaN,
        "Net Non Operating Interest Income Expense": NaN,
        "Interest Expense Non Operating": NaN,
        "Operating Income": NaN,
        "Operating Expense": NaN,
        "Depreciation Amortization Depletion Income Statement": 125000.0,
        "Depreciation And Amortization In Income Statement": 125000.0,
        "Selling General And Administration": NaN,
        "Selling And Marketing Expense": NaN,
        "General And Administrative Expense": NaN,
        "Other Gand A": NaN,
        "Salaries And Wages": 1882000.0,
        "Gross Profit": NaN,
        "Cost Of Revenue": NaN,
        "Total Revenue": NaN,
        "Operating Revenue": NaN
    },
    "2024-03-31": {
        "Tax Effect Of Unusual Items": 0.0,
        "Tax Rate For Calcs": 0.0,
        "Normalized EBITDA": -5273000.0,
        "Total Unusual Items": -209000.0,
        "Total Unusual Items Excluding Goodwill": -209000.0,
        "Net Income From Continuing Operation Net Minority Interest": -5742000.0,
        "Reconciled Depreciation": 118000.0,
        "Reconciled Cost Of Revenue": 3246000.0,
        "EBITDA": -5482000.0,
        "EBIT": -5600000.0,
        "Net Interest Income": -142000.0,
        "Interest Expense": 142000.0,
        "Normalized Income": -5533000.0,
        "Net Income From Continuing And Discontinued Operation": -5742000.0,
        "Total Expenses": 10232000.0,
        "Total Operating Income As Reported": -5391000.0,
        "Diluted Average Shares": NaN,
        "Basic Average Shares": NaN,
        "Diluted EPS": NaN,
        "Basic EPS": NaN,
        "Diluted NI Availto Com Stockholders": -5742000.0,
        "Net Income Common Stockholders": -5742000.0,
        "Net Income": -5742000.0,
        "Net Income Including Noncontrolling Interests": -5742000.0,
        "Net Income Continuous Operations": -5742000.0,
        "Tax Provision": NaN,
        "Pretax Income": -5742000.0,
        "Other Income Expense": -209000.0,
        "Gain On Sale Of Security": -209000.0,
        "Net Non Operating Interest Income Expense": -142000.0,
        "Interest Expense Non Operating": 142000.0,
        "Operating Income": -5391000.0,
        "Operating Expense": 6986000.0,
        "Depreciation Amortization Depletion Income Statement": NaN,
        "Depreciation And Amortization In Income Statement": NaN,
        "Selling General And Administration": 6986000.0,
        "Selling And Marketing Expense": 1703000.0,
        "General And Administrative Expense": 5283000.0,
        "Other Gand A": 5283000.0,
        "Salaries And Wages": NaN,
        "Gross Profit": 1595000.0,
        "Cost Of Revenue": 3246000.0,
        "Total Revenue": 4841000.0,
        "Operating Revenue": 4841000.0
    },
    "2024-06-30": {
        "Tax Effect Of Unusual Items": 0.0,
        "Tax Rate For Calcs": 0.0,
        "Normalized EBITDA": -3289000.0,
        "Total Unusual Items": 12000.0,
        "Total Unusual Items Excluding Goodwill": 12000.0,
        "Net Income From Continuing Operation Net Minority Interest": -3388000.0,
        "Reconciled Depreciation": 106000.0,
        "Reconciled Cost Of Revenue": 618000.0,
        "EBITDA": -3277000.0,
        "EBIT": -3383000.0,
        "Net Interest Income": -5000.0,
        "Interest Expense": 5000.0,
        "Normalized Income": -3400000.0,
        "Net Income From Continuing And Discontinued Operation": -3388000.0,
        "Total Expenses": 4369000.0,
        "Total Operating Income As Reported": -3395000.0,
        "Diluted Average Shares": 15653449.0,
        "Basic Average Shares": 15653449.0,
        "Diluted EPS": -0.22,
        "Basic EPS": -0.22,
        "Diluted NI Availto Com Stockholders": -3388000.0,
        "Net Income Common Stockholders": -3388000.0,
        "Net Income": -3388000.0,
        "Net Income Including Noncontrolling Interests": -3388000.0,
        "Net Income Continuous Operations": -3388000.0,
        "Tax Provision": NaN,
        "Pretax Income": -3388000.0,
        "Other Income Expense": 12000.0,
        "Gain On Sale Of Security": 12000.0,
        "Net Non Operating Interest Income Expense": -5000.0,
        "Interest Expense Non Operating": 5000.0,
        "Operating Income": -3395000.0,
        "Operating Expense": 3751000.0,
        "Depreciation Amortization Depletion Income Statement": NaN,
        "Depreciation And Amortization In Income Statement": NaN,
        "Selling General And Administration": 3751000.0,
        "Selling And Marketing Expense": 453000.0,
        "General And Administrative Expense": 3298000.0,
        "Other Gand A": 3298000.0,
        "Salaries And Wages": NaN,
        "Gross Profit": 356000.0,
        "Cost Of Revenue": 618000.0,
        "Total Revenue": 974000.0,
        "Operating Revenue": 974000.0
    },
    "2024-09-30": {
        "Tax Effect Of Unusual Items": 0.0,
        "Tax Rate For Calcs": 0.0,
        "Normalized EBITDA": -2446000.0,
        "Total Unusual Items": 1000.0,
        "Total Unusual Items Excluding Goodwill": 1000.0,
        "Net Income From Continuing Operation Net Minority Interest": -2744000.0,
        "Reconciled Depreciation": 111000.0,
        "Reconciled Cost Of Revenue": 1762000.0,
        "EBITDA": -2445000.0,
        "EBIT": -2556000.0,
        "Net Interest Income": -188000.0,
        "Interest Expense": 188000.0,
        "Normalized Income": -2745000.0,
        "Net Income From Continuing And Discontinued Operation": -2744000.0,
        "Total Expenses": 6390000.0,
        "Total Operating Income As Reported": -2557000.0,
        "Diluted Average Shares": 15962889.0,
        "Basic Average Shares": 15962889.0,
        "Diluted EPS": -0.171899,
        "Basic EPS": -0.171899,
        "Diluted NI Availto Com Stockholders": -2744000.0,
        "Net Income Common Stockholders": -2744000.0,
        "Net Income": -2744000.0,
        "Net Income Including Noncontrolling Interests": -2744000.0,
        "Net Income Continuous Operations": -2744000.0,
        "Tax Provision": NaN,
        "Pretax Income": -2744000.0,
        "Other Income Expense": 1000.0,
        "Gain On Sale Of Security": 1000.0,
        "Net Non Operating Interest Income Expense": -188000.0,
        "Interest Expense Non Operating": 188000.0,
        "Operating Income": -2557000.0,
        "Operating Expense": 4628000.0,
        "Depreciation Amortization Depletion Income Statement": NaN,
        "Depreciation And Amortization In Income Statement": NaN,
        "Selling General And Administration": 4628000.0,
        "Selling And Marketing Expense": 705000.0,
        "General And Administrative Expense": 3923000.0,
        "Other Gand A": 3923000.0,
        "Salaries And Wages": NaN,
        "Gross Profit": 2071000.0,
        "Cost Of Revenue": 1762000.0,
        "Total Revenue": 3833000.0,
        "Operating Revenue": 3833000.0
    }
}