{
    "2023-06-30": {
        "Tax Effect Of Unusual Items": 0.0,
        "Tax Rate For Calcs": 0.155,
        "Total Unusual Items": NaN,
        "Total Unusual Items Excluding Goodwill": NaN,
        "Net Income From Continuing Operation Net Minority Interest": 1483000000.0,
        "Reconciled Depreciation": 60000000.0,
        "Net Interest Income": 3510000000.0,
        "Interest Expense": 2434000000.0,
        "Interest Income": 5944000000.0,
        "Normalized Income": 1483000000.0,
        "Net Income From Continuing And Discontinued Operation": 1483000000.0,
        "Diluted Average Shares": 401000000.0,
        "Basic Average Shares": 401000000.0,
        "Diluted EPS": 3.36,
        "Basic EPS": 3.36,
        "Diluted NI Availto Com Stockholders": 1347000000.0,
        "Net Income Common Stockholders": 1347000000.0,
        "Otherunder Preferred Stock Dividend": 9000000.0,
        "Preferred Stock Dividends": 127000000.0,
        "Net Income": 1483000000.0,
        "Minority Interests": -17000000.0,
        "Net Income Including Noncontrolling Interests": 1500000000.0,
        "Net Income Continuous Operations": 1500000000.0,
        "Tax Provision": 275000000.0,
        "Pretax Income": 1775000000.0,
        "Special Income Charges": NaN,
        "Other Special Charges": NaN,
        "Gain On Sale Of Security": 34000000.0,
        "Selling General And Administration": 1955000000.0,
        "Selling And Marketing Expense": 109000000.0,
        "General And Administrative Expense": 1846000000.0,
        "Salaries And Wages": 1846000000.0,
        "Total Revenue": 5327000000.0,
        "Operating Revenue": 5327000000.0,
        "Occupancy And Equipment": 593000000.0,
        "Other Non Interest Expense": 824000000.0
    },
    "2023-03-31": {
        "Tax Effect Of Unusual Items": 0.0,
        "Tax Rate For Calcs": 0.172,
        "Total Unusual Items": NaN,
        "Total Unusual Items Excluding Goodwill": NaN,
        "Net Income From Continuing Operation Net Minority Interest": 1677000000.0,
        "Reconciled Depreciation": 65000000.0,
        "Net Interest Income": 3585000000.0,
        "Interest Expense": 2074000000.0,
        "Interest Income": 5659000000.0,
        "Normalized Income": 1677000000.0,
        "Net Income From Continuing And Discontinued Operation": 1677000000.0,
        "Diluted Average Shares": 402000000.0,
        "Basic Average Shares": 401000000.0,
        "Diluted EPS": 3.98,
        "Basic EPS": 3.98,
        "Diluted NI Availto Com Stockholders": 1599000000.0,
        "Net Income Common Stockholders": 1599000000.0,
        "Otherunder Preferred Stock Dividend": 10000000.0,
        "Preferred Stock Dividends": 68000000.0,
        "Net Income": 1677000000.0,
        "Minority Interests": -17000000.0,
        "Net Income Including Noncontrolling Interests": 1694000000.0,
        "Net Income Continuous Operations": 1694000000.0,
        "Tax Provision": 353000000.0,
        "Pretax Income": 2047000000.0,
        "Special Income Charges": NaN,
        "Other Special Charges": NaN,
        "Gain On Sale Of Security": -28000000.0,
        "Selling General And Administration": 1900000000.0,
        "Selling And Marketing Expense": 74000000.0,
        "General And Administrative Expense": 1826000000.0,
        "Salaries And Wages": 1826000000.0,
        "Total Revenue": 5575000000.0,
        "Operating Revenue": 5575000000.0,
        "Occupancy And Equipment": 601000000.0,
        "Other Non Interest Expense": 820000000.0
    },
    "2022-12-31": {
        "Tax Effect Of Unusual Items": 0.0,
        "Tax Rate For Calcs": 0.177033,
        "Net Income From Continuing Operation Net Minority Interest": 1528000000.0,
        "Reconciled Depreciation": 64000000.0,
        "Net Interest Income": 3684000000.0,
        "Interest Expense": 1425000000.0,
        "Interest Income": 5109000000.0,
        "Normalized Income": 1528000000.0,
        "Net Income From Continuing And Discontinued Operation": 1528000000.0,
        "Diluted Average Shares": 404000000.0,
        "Basic Average Shares": 404000000.0,
        "Diluted EPS": 3.47,
        "Basic EPS": 3.47,
        "Diluted NI Availto Com Stockholders": 1401000000.0,
        "Net Income Common Stockholders": 1401000000.0,
        "Otherunder Preferred Stock Dividend": 7000000.0,
        "Preferred Stock Dividends": 120000000.0,
        "Net Income": 1528000000.0,
        "Minority Interests": -20000000.0,
        "Net Income Including Noncontrolling Interests": 1548000000.0,
        "Net Income Continuous Operations": 1548000000.0,
        "Tax Provision": 333000000.0,
        "Pretax Income": 1881000000.0,
        "Gain On Sale Of Security": -16000000.0,
        "Selling General And Administration": 2049000000.0,
        "Selling And Marketing Expense": 106000000.0,
        "General And Administrative Expense": 1943000000.0,
        "Salaries And Wages": 1943000000.0,
        "Total Revenue": 5747000000.0,
        "Operating Revenue": 5747000000.0
    },
    "2022-09-30": {
        "Tax Effect Of Unusual Items": 0.0,
        "Tax Rate For Calcs": 0.191,
        "Net Income From Continuing Operation Net Minority Interest": 1624000000.0,
        "Reconciled Depreciation": 58000000.0,
        "Net Interest Income": 3475000000.0,
        "Interest Expense": 657000000.0,
        "Interest Income": 4132000000.0,
        "Normalized Income": 1624000000.0,
        "Net Income From Continuing And Discontinued Operation": 1624000000.0,
        "Diluted Average Shares": 410000000.0,
        "Basic Average Shares": 410000000.0,
        "Diluted EPS": 3.78,
        "Basic EPS": 3.78,
        "Diluted NI Availto Com Stockholders": 1558000000.0,
        "Net Income Common Stockholders": 1558000000.0,
        "Otherunder Preferred Stock Dividend": 1000000.0,
        "Preferred Stock Dividends": 65000000.0,
        "Net Income": 1624000000.0,
        "Minority Interests": -16000000.0,
        "Net Income Including Noncontrolling Interests": 1640000000.0,
        "Net Income Continuous Operations": 1640000000.0,
        "Tax Provision": 388000000.0,
        "Pretax Income": 2028000000.0,
        "Gain On Sale Of Security": 2000000.0,
        "Selling General And Administration": 1898000000.0,
        "Selling And Marketing Expense": 93000000.0,
        "General And Administrative Expense": 1805000000.0,
        "Salaries And Wages": 1805000000.0,
        "Total Revenue": 5550000000.0,
        "Operating Revenue": 5550000000.0
    },
    "2022-06-30": {
        "Tax Effect Of Unusual Items": 0.0,
        "Tax Rate For Calcs": 0.185,
        "Net Income From Continuing Operation Net Minority Interest": 1481000000.0,
        "Reconciled Depreciation": 144000000.0,
        "Net Interest Income": 3051000000.0,
        "Interest Expense": 230000000.0,
        "Interest Income": 3281000000.0,
        "Normalized Income": 1481000000.0,
        "Net Income From Continuing And Discontinued Operation": 1481000000.0,
        "Diluted Average Shares": 414000000.0,
        "Basic Average Shares": 414000000.0,
        "Diluted EPS": 3.39,
        "Basic EPS": 3.39,
        "Diluted NI Availto Com Stockholders": 1409000000.0,
        "Net Income Common Stockholders": 1409000000.0,
        "Otherunder Preferred Stock Dividend": 1000000.0,
        "Preferred Stock Dividends": 71000000.0,
        "Net Income": 1481000000.0,
        "Minority Interests": -15000000.0,
        "Net Income Including Noncontrolling Interests": 1496000000.0,
        "Net Income Continuous Operations": 1496000000.0,
        "Tax Provision": 340000000.0,
        "Pretax Income": 1836000000.0,
        "Gain On Sale Of Security": -5000000.0,
        "Selling General And Administration": 1874000000.0,
        "Selling And Marketing Expense": 95000000.0,
        "General And Administrative Expense": 1779000000.0,
        "Salaries And Wages": 1779000000.0,
        "Total Revenue": 5112000000.0,
        "Operating Revenue": 5112000000.0
    },
    "2022-03-31": {
        "Diluted EPS": 3.23,
        "Total Revenue": NaN,
        "Gross Profit": NaN,
        "Operating Income": NaN,
        "EBIT": NaN,
        "Net Income": NaN
    },
    "2021-12-31": {
        "Diluted EPS": 2.87,
        "Total Revenue": NaN,
        "Gross Profit": NaN,
        "Operating Income": NaN,
        "EBIT": NaN,
        "Net Income": NaN
    },
    "2021-09-30": {
        "Diluted EPS": 3.3,
        "Total Revenue": NaN,
        "Gross Profit": NaN,
        "Operating Income": NaN,
        "EBIT": NaN,
        "Net Income": NaN
    },
    "2021-06-30": {
        "Diluted EPS": 2.43,
        "Total Revenue": NaN,
        "Gross Profit": NaN,
        "Operating Income": NaN,
        "EBIT": NaN,
        "Net Income": NaN
    },
    "2021-03-31": {
        "Diluted EPS": 4.1,
        "Total Revenue": NaN,
        "Gross Profit": NaN,
        "Operating Income": NaN,
        "EBIT": NaN,
        "Net Income": NaN
    },
    "2020-12-31": {
        "Diluted EPS": 3.22,
        "Total Revenue": NaN,
        "Gross Profit": NaN,
        "Operating Income": NaN,
        "EBIT": NaN,
        "Net Income": NaN
    },
    "2020-09-30": {
        "Diluted EPS": 3.39,
        "Total Revenue": NaN,
        "Gross Profit": NaN,
        "Operating Income": NaN,
        "EBIT": NaN,
        "Net Income": NaN
    },
    "2020-06-30": {
        "Diluted EPS": 8.4,
        "Total Revenue": NaN,
        "Gross Profit": NaN,
        "Operating Income": -902,
        "EBIT": NaN,
        "Net Income": NaN
    },
    "2020-03-31": {
        "Diluted EPS": 1.95,
        "Total Revenue": NaN,
        "Gross Profit": NaN,
        "Operating Income": 879,
        "EBIT": NaN,
        "Net Income": 844
    },
    "2019-12-31": {
        "Diluted EPS": 2.96,
        "Total Revenue": NaN,
        "Gross Profit": NaN,
        "Operating Income": NaN,
        "EBIT": NaN,
        "Net Income": 466
    },
    "2019-09-30": {
        "Diluted EPS": 2.94,
        "Total Revenue": NaN,
        "Gross Profit": NaN,
        "Operating Income": NaN,
        "EBIT": NaN,
        "Net Income": NaN
    },
    "2019-06-30": {
        "Diluted EPS": 2.88,
        "Total Revenue": NaN,
        "Gross Profit": NaN,
        "Operating Income": NaN,
        "EBIT": NaN,
        "Net Income": NaN
    },
    "2019-03-31": {
        "Diluted EPS": 2.61,
        "Total Revenue": NaN,
        "Gross Profit": NaN,
        "Operating Income": NaN,
        "EBIT": NaN,
        "Net Income": NaN
    },
    "2018-12-31": {
        "Diluted EPS": 2.74,
        "Total Revenue": NaN,
        "Gross Profit": NaN,
        "Operating Income": 673,
        "EBIT": NaN,
        "Net Income": NaN
    },
    "2018-09-30": {
        "Diluted EPS": 2.82,
        "Total Revenue": NaN,
        "Gross Profit": NaN,
        "Operating Income": NaN,
        "EBIT": NaN,
        "Net Income": NaN
    },
    "2018-06-30": {
        "Diluted EPS": 2.72,
        "Total Revenue": NaN,
        "Gross Profit": NaN,
        "Operating Income": NaN,
        "EBIT": NaN,
        "Net Income": NaN
    },
    "2018-03-31": {
        "Diluted EPS": 2.43,
        "Total Revenue": NaN,
        "Gross Profit": NaN,
        "Operating Income": NaN,
        "EBIT": NaN,
        "Net Income": NaN
    },
    "2017-12-31": {
        "Diluted EPS": 4.14,
        "Total Revenue": NaN,
        "Gross Profit": NaN,
        "Operating Income": NaN,
        "EBIT": NaN,
        "Net Income": NaN
    },
    "2017-09-30": {
        "Diluted EPS": 2.16,
        "Total Revenue": NaN,
        "Gross Profit": NaN,
        "Operating Income": NaN,
        "EBIT": NaN,
        "Net Income": NaN
    },
    "2017-06-30": {
        "Diluted EPS": 2.1,
        "Total Revenue": NaN,
        "Gross Profit": NaN,
        "Operating Income": NaN,
        "EBIT": NaN,
        "Net Income": NaN
    },
    "2017-03-31": {
        "Diluted EPS": 1.96,
        "Total Revenue": NaN,
        "Gross Profit": NaN,
        "Operating Income": NaN,
        "EBIT": NaN,
        "Net Income": 967
    },
    "2016-12-31": {
        "Diluted EPS": 1.96,
        "Total Revenue": NaN,
        "Gross Profit": NaN,
        "Operating Income": NaN,
        "EBIT": NaN,
        "Net Income": 968
    },
    "2016-09-30": {
        "Diluted EPS": 1.84,
        "Total Revenue": NaN,
        "Gross Profit": NaN,
        "Operating Income": NaN,
        "EBIT": NaN,
        "Net Income": 924
    },
    "2016-06-30": {
        "Diluted EPS": 1.82,
        "Total Revenue": NaN,
        "Gross Profit": NaN,
        "Operating Income": NaN,
        "EBIT": NaN,
        "Net Income": 917
    },
    "2016-03-31": {
        "Diluted EPS": 1.68,
        "Total Revenue": NaN,
        "Gross Profit": NaN,
        "Operating Income": NaN,
        "EBIT": NaN,
        "Net Income": 853
    },
    "2015-12-31": {
        "Diluted EPS": 1.86,
        "Total Revenue": NaN,
        "Gross Profit": NaN,
        "Operating Income": NaN,
        "EBIT": NaN,
        "Net Income": 948
    },
    "2015-09-30": {
        "Diluted EPS": 1.9,
        "Total Revenue": NaN,
        "Gross Profit": NaN,
        "Operating Income": NaN,
        "EBIT": NaN,
        "Net Income": 991
    },
    "2015-06-30": {
        "Diluted EPS": 1.88,
        "Total Revenue": NaN,
        "Gross Profit": NaN,
        "Operating Income": NaN,
        "EBIT": NaN,
        "Net Income": 992
    },
    "2015-03-31": {
        "Diluted EPS": 1.75,
        "Total Revenue": NaN,
        "Gross Profit": NaN,
        "Operating Income": NaN,
        "EBIT": NaN,
        "Net Income": 933
    },
    "2014-12-31": {
        "Diluted EPS": 1.84,
        "Total Revenue": NaN,
        "Gross Profit": NaN,
        "Operating Income": NaN,
        "EBIT": NaN,
        "Net Income": 980
    },
    "2014-09-30": {
        "Diluted EPS": 1.79,
        "Total Revenue": NaN,
        "Gross Profit": NaN,
        "Operating Income": NaN,
        "EBIT": NaN,
        "Net Income": 963
    },
    "2014-06-30": {
        "Diluted EPS": 1.85,
        "Total Revenue": NaN,
        "Gross Profit": NaN,
        "Operating Income": NaN,
        "EBIT": NaN,
        "Net Income": NaN
    },
    "2014-03-31": {
        "Diluted EPS": 1.82,
        "Total Revenue": NaN,
        "Gross Profit": NaN,
        "Operating Income": NaN,
        "EBIT": NaN,
        "Net Income": 992
    },
    "2013-12-31": {
        "Diluted EPS": 1.87,
        "Total Revenue": NaN,
        "Gross Profit": NaN,
        "Operating Income": NaN,
        "EBIT": NaN,
        "Net Income": 993
    },
    "2013-09-30": {
        "Diluted EPS": 1.77,
        "Total Revenue": NaN,
        "Gross Profit": NaN,
        "Operating Income": NaN,
        "EBIT": NaN,
        "Net Income": 955
    },
    "2013-06-30": {
        "Diluted EPS": 1.98,
        "Total Revenue": NaN,
        "Gross Profit": NaN,
        "Operating Income": NaN,
        "EBIT": NaN,
        "Net Income": NaN
    },
    "2013-03-31": {
        "Diluted EPS": 1.74,
        "Total Revenue": NaN,
        "Gross Profit": NaN,
        "Operating Income": NaN,
        "EBIT": NaN,
        "Net Income": 928
    },
    "2012-12-31": {
        "Diluted EPS": 1.22,
        "Total Revenue": NaN,
        "Gross Profit": NaN,
        "Operating Income": NaN,
        "EBIT": NaN,
        "Net Income": 643
    },
    "2012-09-30": {
        "Diluted EPS": 1.64,
        "Total Revenue": NaN,
        "Gross Profit": NaN,
        "Operating Income": NaN,
        "EBIT": NaN,
        "Net Income": 876
    },
    "2012-06-30": {
        "Diluted EPS": 0.98,
        "Total Revenue": NaN,
        "Gross Profit": NaN,
        "Operating Income": 719,
        "EBIT": NaN,
        "Net Income": 525
    },
    "2012-03-31": {
        "Diluted EPS": 1.44,
        "Total Revenue": NaN,
        "Gross Profit": NaN,
        "Operating Income": NaN,
        "EBIT": NaN,
        "Net Income": 762
    },
    "2011-12-31": {
        "Diluted EPS": 0.85,
        "Total Revenue": NaN,
        "Gross Profit": NaN,
        "Operating Income": 640,
        "EBIT": NaN,
        "Net Income": 459
    },
    "2011-09-30": {
        "Diluted EPS": 1.55,
        "Total Revenue": NaN,
        "Gross Profit": NaN,
        "Operating Income": NaN,
        "EBIT": NaN,
        "Net Income": 822
    },
    "2011-06-30": {
        "Diluted EPS": 1.67,
        "Total Revenue": NaN,
        "Gross Profit": NaN,
        "Operating Income": NaN,
        "EBIT": NaN,
        "Net Income": 884
    },
    "2011-03-31": {
        "Diluted EPS": 1.57,
        "Total Revenue": NaN,
        "Gross Profit": NaN,
        "Operating Income": NaN,
        "EBIT": NaN,
        "Net Income": 833
    },
    "2010-12-31": {
        "Diluted EPS": 1.54,
        "Total Revenue": NaN,
        "Gross Profit": NaN,
        "Operating Income": NaN,
        "EBIT": NaN,
        "Net Income": 798
    },
    "2010-09-30": {
        "Diluted EPS": 2.07,
        "Total Revenue": NaN,
        "Gross Profit": NaN,
        "Operating Income": 954,
        "EBIT": NaN,
        "Net Income": NaN
    },
    "2010-06-30": {
        "Diluted EPS": 1.47,
        "Total Revenue": NaN,
        "Gross Profit": NaN,
        "Operating Income": NaN,
        "EBIT": NaN,
        "Net Income": 786
    },
    "2010-03-31": {
        "Diluted EPS": 0.66,
        "Total Revenue": NaN,
        "Gross Profit": NaN,
        "Operating Income": 899,
        "EBIT": NaN,
        "Net Income": 333
    },
    "2009-12-31": {
        "Diluted EPS": 2.19,
        "Total Revenue": NaN,
        "Gross Profit": NaN,
        "Operating Income": NaN,
        "EBIT": NaN,
        "Net Income": NaN
    },
    "2009-09-30": {
        "Diluted EPS": 1.0,
        "Total Revenue": NaN,
        "Gross Profit": NaN,
        "Operating Income": 725,
        "EBIT": NaN,
        "Net Income": 467
    },
    "2009-06-30": {
        "Diluted EPS": 0.14,
        "Total Revenue": NaN,
        "Gross Profit": NaN,
        "Operating Income": 224,
        "EBIT": NaN,
        "Net Income": 65
    },
    "2009-03-31": {
        "Diluted EPS": 1.03,
        "Total Revenue": NaN,
        "Gross Profit": NaN,
        "Operating Income": 648,
        "EBIT": NaN,
        "Net Income": 460
    },
    "2023-09-30": {
        "Tax Effect Of Unusual Items": 0.0,
        "Tax Rate For Calcs": 0.155,
        "Total Unusual Items": NaN,
        "Total Unusual Items Excluding Goodwill": NaN,
        "Net Income From Continuing Operation Net Minority Interest": 1554000000.0,
        "Reconciled Depreciation": 49000000.0,
        "Net Interest Income": 3418000000.0,
        "Interest Expense": 2785000000.0,
        "Interest Income": 6203000000.0,
        "Normalized Income": 1554000000.0,
        "Net Income From Continuing And Discontinued Operation": 1554000000.0,
        "Diluted Average Shares": 400000000.0,
        "Basic Average Shares": 400000000.0,
        "Diluted EPS": 3.6,
        "Basic EPS": 3.6,
        "Diluted NI Availto Com Stockholders": 1440000000.0,
        "Net Income Common Stockholders": 1440000000.0,
        "Otherunder Preferred Stock Dividend": 10000000.0,
        "Preferred Stock Dividends": 104000000.0,
        "Net Income": 1554000000.0,
        "Minority Interests": -16000000.0,
        "Net Income Including Noncontrolling Interests": 1570000000.0,
        "Net Income Continuous Operations": 1570000000.0,
        "Tax Provision": 289000000.0,
        "Pretax Income": 1859000000.0,
        "Special Income Charges": NaN,
        "Other Special Charges": NaN,
        "Gain On Sale Of Security": 1000000.0,
        "Selling General And Administration": 1866000000.0,
        "Selling And Marketing Expense": 93000000.0,
        "General And Administrative Expense": 1773000000.0,
        "Salaries And Wages": 1773000000.0,
        "Total Revenue": 5234000000.0,
        "Operating Revenue": 5234000000.0,
        "Occupancy And Equipment": 591000000.0,
        "Other Non Interest Expense": 788000000.0
    },
    "2023-12-31": {
        "Tax Effect Of Unusual Items": 0.0,
        "Tax Rate For Calcs": 0.163033,
        "Total Unusual Items": NaN,
        "Total Unusual Items Excluding Goodwill": NaN,
        "Net Income From Continuing Operation Net Minority Interest": 864000000.0,
        "Reconciled Depreciation": 43000000.0,
        "Net Interest Income": 3403000000.0,
        "Interest Expense": 3099000000.0,
        "Interest Income": 6502000000.0,
        "Normalized Income": 864000000.0,
        "Net Income From Continuing And Discontinued Operation": 864000000.0,
        "Diluted Average Shares": 401000000.0,
        "Basic Average Shares": 400000000.0,
        "Diluted EPS": 1.85,
        "Basic EPS": 1.85,
        "Diluted NI Availto Com Stockholders": 740000000.0,
        "Net Income Common Stockholders": 740000000.0,
        "Otherunder Preferred Stock Dividend": 6000000.0,
        "Preferred Stock Dividends": 118000000.0,
        "Net Income": 864000000.0,
        "Minority Interests": -19000000.0,
        "Net Income Including Noncontrolling Interests": 883000000.0,
        "Net Income Continuous Operations": 883000000.0,
        "Tax Provision": 172000000.0,
        "Pretax Income": 1055000000.0,
        "Special Income Charges": NaN,
        "Other Special Charges": NaN,
        "Gain On Sale Of Security": 12000000.0,
        "Selling General And Administration": 2057000000.0,
        "Selling And Marketing Expense": 74000000.0,
        "General And Administrative Expense": 1983000000.0,
        "Salaries And Wages": 1983000000.0,
        "Total Revenue": 5373000000.0,
        "Operating Revenue": 5373000000.0,
        "Occupancy And Equipment": 608000000.0,
        "Other Non Interest Expense": 894000000.0
    },
    "2024-03-31": {
        "Tax Effect Of Unusual Items": -24440000.0,
        "Tax Rate For Calcs": 0.188,
        "Total Unusual Items": -130000000.0,
        "Total Unusual Items Excluding Goodwill": -130000000.0,
        "Net Income From Continuing Operation Net Minority Interest": 1330000000.0,
        "Reconciled Depreciation": 37000000.0,
        "Net Interest Income": 3264000000.0,
        "Interest Expense": 3236000000.0,
        "Interest Income": 6500000000.0,
        "Normalized Income": 1435560000.0,
        "Net Income From Continuing And Discontinued Operation": 1330000000.0,
        "Diluted Average Shares": 400000000.0,
        "Basic Average Shares": 400000000.0,
        "Diluted EPS": 3.1,
        "Basic EPS": 3.1,
        "Diluted NI Availto Com Stockholders": 1240000000.0,
        "Net Income Common Stockholders": 1240000000.0,
        "Otherunder Preferred Stock Dividend": 9000000.0,
        "Preferred Stock Dividends": 81000000.0,
        "Net Income": 1330000000.0,
        "Minority Interests": -14000000.0,
        "Net Income Including Noncontrolling Interests": 1344000000.0,
        "Net Income Continuous Operations": 1344000000.0,
        "Tax Provision": 312000000.0,
        "Pretax Income": 1656000000.0,
        "Special Income Charges": -130000000.0,
        "Other Special Charges": 130000000.0,
        "Gain On Sale Of Security": 1000000.0,
        "Selling General And Administration": 1858000000.0,
        "Selling And Marketing Expense": 64000000.0,
        "General And Administrative Expense": 1794000000.0,
        "Salaries And Wages": 1794000000.0,
        "Total Revenue": 5146000000.0,
        "Operating Revenue": 5146000000.0,
        "Occupancy And Equipment": 585000000.0,
        "Other Non Interest Expense": 761000000.0
    },
    "2024-06-30": {
        "Tax Effect Of Unusual Items": 141752000.0,
        "Tax Rate For Calcs": 0.188,
        "Total Unusual Items": 754000000.0,
        "Total Unusual Items Excluding Goodwill": 754000000.0,
        "Net Income From Continuing Operation Net Minority Interest": 1459000000.0,
        "Reconciled Depreciation": 37000000.0,
        "Net Interest Income": 3302000000.0,
        "Interest Expense": 3266000000.0,
        "Interest Income": 6568000000.0,
        "Normalized Income": 846752000.0,
        "Net Income From Continuing And Discontinued Operation": 1459000000.0,
        "Diluted Average Shares": 400000000.0,
        "Basic Average Shares": 400000000.0,
        "Diluted EPS": 3.39,
        "Basic EPS": 3.39,
        "Diluted NI Availto Com Stockholders": 1355000000.0,
        "Net Income Common Stockholders": 1355000000.0,
        "Otherunder Preferred Stock Dividend": 9000000.0,
        "Preferred Stock Dividends": 95000000.0,
        "Net Income": 1459000000.0,
        "Minority Interests": -18000000.0,
        "Net Income Including Noncontrolling Interests": 1477000000.0,
        "Net Income Continuous Operations": 1477000000.0,
        "Tax Provision": 342000000.0,
        "Pretax Income": 1819000000.0,
        "Special Income Charges": 754000000.0,
        "Other Special Charges": -754000000.0,
        "Gain On Sale Of Security": -485000000.0,
        "Selling General And Administration": 1875000000.0,
        "Selling And Marketing Expense": 93000000.0,
        "General And Administrative Expense": 1782000000.0,
        "Salaries And Wages": 1782000000.0,
        "Total Revenue": 4671000000.0,
        "Operating Revenue": 4671000000.0,
        "Occupancy And Equipment": 592000000.0,
        "Other Non Interest Expense": 890000000.0
    },
    "2024-09-30": {
        "Tax Effect Of Unusual Items": 0.0,
        "Tax Rate For Calcs": 0.191729,
        "Total Unusual Items": NaN,
        "Total Unusual Items Excluding Goodwill": NaN,
        "Net Income From Continuing Operation Net Minority Interest": 1490000000.0,
        "Reconciled Depreciation": 21000000.0,
        "Net Interest Income": 3410000000.0,
        "Interest Expense": 3412000000.0,
        "Interest Income": 6822000000.0,
        "Normalized Income": 1490000000.0,
        "Net Income From Continuing And Discontinued Operation": 1490000000.0,
        "Diluted Average Shares": 400000000.0,
        "Basic Average Shares": 399000000.0,
        "Diluted EPS": 3.49,
        "Basic EPS": 3.5,
        "Diluted NI Availto Com Stockholders": 1396000000.0,
        "Net Income Common Stockholders": 1396000000.0,
        "Otherunder Preferred Stock Dividend": 12000000.0,
        "Preferred Stock Dividends": 82000000.0,
        "Net Income": 1490000000.0,
        "Minority Interests": -15000000.0,
        "Net Income Including Noncontrolling Interests": 1505000000.0,
        "Net Income Continuous Operations": 1505000000.0,
        "Tax Provision": 357000000.0,
        "Pretax Income": 1862000000.0,
        "Special Income Charges": NaN,
        "Other Special Charges": NaN,
        "Gain On Sale Of Security": 0.0,
        "Selling General And Administration": 1962000000.0,
        "Selling And Marketing Expense": 93000000.0,
        "General And Administrative Expense": 1869000000.0,
        "Salaries And Wages": 1869000000.0,
        "Total Revenue": 5431000000.0,
        "Operating Revenue": 5431000000.0,
        "Occupancy And Equipment": 591000000.0,
        "Other Non Interest Expense": 774000000.0
    }
}