{
    "2023-03-31": {
        "Tax Effect Of Unusual Items": NaN,
        "Tax Rate For Calcs": NaN,
        "Normalized EBITDA": NaN,
        "Total Unusual Items": NaN,
        "Total Unusual Items Excluding Goodwill": NaN,
        "Net Income From Continuing Operation Net Minority Interest": NaN,
        "Reconciled Depreciation": NaN,
        "Reconciled Cost Of Revenue": NaN,
        "EBITDA": NaN,
        "EBIT": NaN,
        "Normalized Income": NaN,
        "Net Income From Continuing And Discontinued Operation": NaN,
        "Total Expenses": NaN,
        "Total Operating Income As Reported": NaN,
        "Diluted Average Shares": NaN,
        "Basic Average Shares": NaN,
        "Diluted EPS": NaN,
        "Basic EPS": NaN,
        "Diluted NI Availto Com Stockholders": NaN,
        "Net Income Common Stockholders": NaN,
        "Net Income": NaN,
        "Net Income Including Noncontrolling Interests": NaN,
        "Net Income Discontinuous Operations": NaN,
        "Net Income Continuous Operations": NaN,
        "Pretax Income": NaN,
        "Other Income Expense": NaN,
        "Other Non Operating Income Expenses": NaN,
        "Special Income Charges": NaN,
        "Impairment Of Capital Assets": NaN,
        "Gain On Sale Of Security": NaN,
        "Operating Income": NaN,
        "Operating Expense": NaN,
        "Other Operating Expenses": NaN,
        "Depreciation Amortization Depletion Income Statement": 231189.0,
        "Depreciation And Amortization In Income Statement": 231189.0,
        "Depreciation Income Statement": 231189.0,
        "Selling General And Administration": NaN,
        "Selling And Marketing Expense": NaN,
        "General And Administrative Expense": NaN,
        "Other Gand A": NaN,
        "Gross Profit": NaN,
        "Cost Of Revenue": NaN,
        "Total Revenue": NaN,
        "Operating Revenue": NaN
    },
    "2022-12-31": {
        "Tax Effect Of Unusual Items": NaN,
        "Tax Rate For Calcs": NaN,
        "Normalized EBITDA": NaN,
        "Total Unusual Items": NaN,
        "Total Unusual Items Excluding Goodwill": NaN,
        "Net Income From Continuing Operation Net Minority Interest": NaN,
        "Reconciled Depreciation": NaN,
        "Reconciled Cost Of Revenue": NaN,
        "EBITDA": NaN,
        "EBIT": NaN,
        "Normalized Income": NaN,
        "Net Income From Continuing And Discontinued Operation": NaN,
        "Total Expenses": NaN,
        "Total Operating Income As Reported": NaN,
        "Diluted Average Shares": NaN,
        "Basic Average Shares": NaN,
        "Diluted EPS": NaN,
        "Basic EPS": NaN,
        "Diluted NI Availto Com Stockholders": NaN,
        "Net Income Common Stockholders": NaN,
        "Net Income": NaN,
        "Net Income Including Noncontrolling Interests": NaN,
        "Net Income Continuous Operations": NaN,
        "Pretax Income": NaN,
        "Other Income Expense": NaN,
        "Other Non Operating Income Expenses": NaN,
        "Special Income Charges": -3534844.0,
        "Impairment Of Capital Assets": 3534844.0,
        "Gain On Sale Of Security": NaN,
        "Operating Income": NaN,
        "Operating Expense": NaN,
        "Other Operating Expenses": NaN,
        "Depreciation Amortization Depletion Income Statement": NaN,
        "Depreciation And Amortization In Income Statement": NaN,
        "Depreciation Income Statement": NaN,
        "Selling General And Administration": NaN,
        "Selling And Marketing Expense": NaN,
        "General And Administrative Expense": NaN,
        "Other Gand A": NaN,
        "Gross Profit": NaN,
        "Cost Of Revenue": NaN,
        "Total Revenue": NaN,
        "Operating Revenue": NaN
    },
    "2022-09-30": {
        "Tax Effect Of Unusual Items": NaN,
        "Tax Rate For Calcs": NaN,
        "Normalized EBITDA": NaN,
        "Total Unusual Items": NaN,
        "Total Unusual Items Excluding Goodwill": NaN,
        "Net Income From Continuing Operation Net Minority Interest": NaN,
        "Reconciled Depreciation": NaN,
        "Reconciled Cost Of Revenue": NaN,
        "EBITDA": NaN,
        "EBIT": NaN,
        "Normalized Income": NaN,
        "Net Income From Continuing And Discontinued Operation": NaN,
        "Total Expenses": NaN,
        "Total Operating Income As Reported": NaN,
        "Diluted Average Shares": 3919203.0,
        "Basic Average Shares": 3919203.0,
        "Diluted EPS": -1.04,
        "Basic EPS": -1.04,
        "Diluted NI Availto Com Stockholders": NaN,
        "Net Income Common Stockholders": NaN,
        "Net Income": NaN,
        "Net Income Including Noncontrolling Interests": NaN,
        "Net Income Continuous Operations": NaN,
        "Pretax Income": NaN,
        "Other Income Expense": NaN,
        "Other Non Operating Income Expenses": NaN,
        "Special Income Charges": 0.0,
        "Impairment Of Capital Assets": 0.0,
        "Gain On Sale Of Security": NaN,
        "Operating Income": NaN,
        "Operating Expense": NaN,
        "Other Operating Expenses": NaN,
        "Depreciation Amortization Depletion Income Statement": NaN,
        "Depreciation And Amortization In Income Statement": NaN,
        "Depreciation Income Statement": NaN,
        "Selling General And Administration": NaN,
        "Selling And Marketing Expense": NaN,
        "General And Administrative Expense": NaN,
        "Other Gand A": NaN,
        "Gross Profit": NaN,
        "Cost Of Revenue": NaN,
        "Total Revenue": NaN,
        "Operating Revenue": NaN
    },
    "2022-06-30": {
        "Tax Effect Of Unusual Items": 0.0,
        "Tax Rate For Calcs": 0.0,
        "Normalized EBITDA": 4167363.0,
        "Total Unusual Items": -7135839.0,
        "Total Unusual Items Excluding Goodwill": -7135839.0,
        "Net Income From Continuing Operation Net Minority Interest": -10391324.0,
        "Reconciled Depreciation": 325839.0,
        "Reconciled Cost Of Revenue": 134075.0,
        "EBITDA": -2968476.0,
        "EBIT": -3294315.0,
        "Normalized Income": -3255485.0,
        "Net Income From Continuing And Discontinued Operation": -10391324.0,
        "Total Expenses": 3665906.0,
        "Total Operating Income As Reported": -10525408.0,
        "Diluted Average Shares": 3589684.0,
        "Basic Average Shares": 3589684.0,
        "Diluted EPS": -2.89,
        "Basic EPS": -2.89,
        "Diluted NI Availto Com Stockholders": -10391324.0,
        "Net Income Common Stockholders": -10391324.0,
        "Net Income": -10391324.0,
        "Net Income Including Noncontrolling Interests": -10391324.0,
        "Net Income Continuous Operations": -10391324.0,
        "Pretax Income": -10391324.0,
        "Other Income Expense": -7097009.0,
        "Other Non Operating Income Expenses": 38830.0,
        "Special Income Charges": -7231093.0,
        "Impairment Of Capital Assets": 7231093.0,
        "Gain On Sale Of Security": 95254.0,
        "Operating Income": -3294315.0,
        "Operating Expense": 3531831.0,
        "Other Operating Expenses": 909113.0,
        "Selling General And Administration": 2622718.0,
        "Selling And Marketing Expense": 271022.0,
        "General And Administrative Expense": 2351696.0,
        "Other Gand A": 2351696.0,
        "Gross Profit": 237516.0,
        "Cost Of Revenue": 134075.0,
        "Total Revenue": 371591.0,
        "Operating Revenue": 371591.0
    },
    "2022-03-31": {
        "Diluted EPS": -1.02,
        "Total Revenue": 0,
        "Gross Profit": 0,
        "Operating Income": -3,
        "EBIT": -3,
        "Net Income": -3
    },
    "2021-12-31": {
        "Diluted EPS": -2.4,
        "Total Revenue": 0,
        "Gross Profit": 0,
        "Operating Income": -9,
        "EBIT": -8,
        "Net Income": -8
    },
    "2021-09-30": {
        "Diluted EPS": -1.6,
        "Total Revenue": 0,
        "Gross Profit": 0,
        "Operating Income": -5,
        "EBIT": -2,
        "Net Income": -5
    },
    "2021-06-30": {
        "Diluted EPS": -1.0,
        "Total Revenue": 0,
        "Gross Profit": 0,
        "Operating Income": -3,
        "EBIT": -3,
        "Net Income": -3
    },
    "2021-03-31": {
        "Diluted EPS": -2.2,
        "Total Revenue": 0,
        "Gross Profit": 0,
        "Operating Income": -4,
        "EBIT": -3,
        "Net Income": -4
    },
    "2020-12-31": {
        "Diluted EPS": -9.2,
        "Total Revenue": 0,
        "Gross Profit": 0,
        "Operating Income": -13,
        "EBIT": -12,
        "Net Income": -11
    },
    "2020-09-30": {
        "Diluted EPS": -9.2,
        "Total Revenue": 0,
        "Gross Profit": 0,
        "Operating Income": -6,
        "EBIT": -5,
        "Net Income": -7
    },
    "2020-06-30": {
        "Diluted EPS": -7.2,
        "Total Revenue": 0,
        "Gross Profit": 0,
        "Operating Income": -4,
        "EBIT": -3,
        "Net Income": -4
    },
    "2020-03-31": {
        "Diluted EPS": -18.6,
        "Total Revenue": 0,
        "Gross Profit": 0,
        "Operating Income": -3,
        "EBIT": -3,
        "Net Income": -5
    },
    "2019-12-31": {
        "Diluted EPS": -74.0,
        "Total Revenue": 0,
        "Gross Profit": 0,
        "Operating Income": -3,
        "EBIT": -2,
        "Net Income": -14
    },
    "2019-09-30": {
        "Diluted EPS": -26.2,
        "Total Revenue": 1,
        "Gross Profit": 0,
        "Operating Income": -3,
        "EBIT": -3,
        "Net Income": -4
    },
    "2019-06-30": {
        "Diluted EPS": 4.8,
        "Total Revenue": 0,
        "Gross Profit": 0,
        "Operating Income": -5,
        "EBIT": -4,
        "Net Income": 1
    },
    "2019-03-31": {
        "Diluted EPS": -41.8,
        "Total Revenue": 0,
        "Gross Profit": 0,
        "Operating Income": -2,
        "EBIT": -2,
        "Net Income": -3
    },
    "2018-12-31": {
        "Diluted EPS": -49.6,
        "Total Revenue": 0,
        "Gross Profit": 0,
        "Operating Income": -3,
        "EBIT": -2,
        "Net Income": -3
    },
    "2018-09-30": {
        "Diluted EPS": -37.8,
        "Total Revenue": 0,
        "Gross Profit": 0,
        "Operating Income": -2,
        "EBIT": -2,
        "Net Income": -3
    },
    "2018-06-30": {
        "Diluted EPS": -40.0,
        "Total Revenue": 0,
        "Gross Profit": 0,
        "Operating Income": -1,
        "EBIT": -1,
        "Net Income": -2
    },
    "2018-03-31": {
        "Diluted EPS": -30.0,
        "Total Revenue": 0,
        "Gross Profit": 0,
        "Operating Income": -2,
        "EBIT": -2,
        "Net Income": -2
    },
    "2017-12-31": {
        "Diluted EPS": -32.0,
        "Total Revenue": 0,
        "Gross Profit": 0,
        "Operating Income": -1,
        "EBIT": -1,
        "Net Income": -1
    },
    "2017-09-30": {
        "Diluted EPS": -32.0,
        "Total Revenue": 0,
        "Gross Profit": 0,
        "Operating Income": -1,
        "EBIT": -1,
        "Net Income": -1
    },
    "2017-06-30": {
        "Diluted EPS": -82.0,
        "Total Revenue": 0,
        "Gross Profit": 0,
        "Operating Income": -3,
        "EBIT": -3,
        "Net Income": -3
    },
    "2017-03-31": {
        "Diluted EPS": -42.0,
        "Total Revenue": 0,
        "Gross Profit": 0,
        "Operating Income": -1,
        "EBIT": -1,
        "Net Income": -1
    },
    "2016-12-31": {
        "Diluted EPS": 394.0,
        "Total Revenue": 0,
        "Gross Profit": 0,
        "Operating Income": -1,
        "EBIT": -1,
        "Net Income": -1
    },
    "2016-09-30": {
        "Diluted EPS": -64.0,
        "Total Revenue": 0,
        "Gross Profit": 0,
        "Operating Income": -1,
        "EBIT": -1,
        "Net Income": -1
    },
    "2016-06-30": {
        "Diluted EPS": -190.0,
        "Total Revenue": 0,
        "Gross Profit": 0,
        "Operating Income": -3,
        "EBIT": -3,
        "Net Income": -3
    },
    "2016-03-31": {
        "Diluted EPS": -602.0,
        "Total Revenue": 0,
        "Gross Profit": 0,
        "Operating Income": -2,
        "EBIT": -2,
        "Net Income": -2
    },
    "2015-12-31": {
        "Diluted EPS": NaN,
        "Total Revenue": 0,
        "Gross Profit": 0,
        "Operating Income": -2,
        "EBIT": -2,
        "Net Income": -2
    },
    "2015-09-30": {
        "Diluted EPS": NaN,
        "Total Revenue": 0,
        "Gross Profit": 0,
        "Operating Income": -1,
        "EBIT": -1,
        "Net Income": -1
    },
    "2015-06-30": {
        "Diluted EPS": NaN,
        "Total Revenue": 0,
        "Gross Profit": 0,
        "Operating Income": -1,
        "EBIT": -1,
        "Net Income": -1
    },
    "2015-03-31": {
        "Diluted EPS": -350.0,
        "Total Revenue": 0,
        "Gross Profit": 0,
        "Operating Income": 0,
        "EBIT": 0,
        "Net Income": 0
    },
    "2014-12-31": {
        "Diluted EPS": NaN,
        "Total Revenue": 0,
        "Gross Profit": 0,
        "Operating Income": -2,
        "EBIT": -2,
        "Net Income": -2
    },
    "2014-09-30": {
        "Diluted EPS": NaN,
        "Total Revenue": 0,
        "Gross Profit": 0,
        "Operating Income": -1,
        "EBIT": -1,
        "Net Income": -1
    },
    "2014-06-30": {
        "Diluted EPS": NaN,
        "Total Revenue": 0,
        "Gross Profit": 0,
        "Operating Income": -2,
        "EBIT": -2,
        "Net Income": -2
    },
    "2014-03-31": {
        "Diluted EPS": NaN,
        "Total Revenue": 0,
        "Gross Profit": 0,
        "Operating Income": -2,
        "EBIT": -2,
        "Net Income": -2
    },
    "2013-12-31": {
        "Diluted EPS": NaN,
        "Total Revenue": 0,
        "Gross Profit": 0,
        "Operating Income": -2,
        "EBIT": -2,
        "Net Income": -2
    },
    "2013-09-30": {
        "Diluted EPS": NaN,
        "Total Revenue": 0,
        "Gross Profit": 0,
        "Operating Income": -4,
        "EBIT": -3,
        "Net Income": -4
    },
    "2013-06-30": {
        "Diluted EPS": -50.0,
        "Total Revenue": 0,
        "Gross Profit": 0,
        "Operating Income": -1,
        "EBIT": -1,
        "Net Income": -1
    },
    "2013-03-31": {
        "Diluted EPS": -100.0,
        "Total Revenue": 0,
        "Gross Profit": 0,
        "Operating Income": -2,
        "EBIT": -2,
        "Net Income": -2
    },
    "2012-12-31": {
        "Diluted EPS": -50.0,
        "Total Revenue": 0,
        "Gross Profit": 0,
        "Operating Income": -2,
        "EBIT": -2,
        "Net Income": -2
    },
    "2012-09-30": {
        "Diluted EPS": -200.0,
        "Total Revenue": 0,
        "Gross Profit": 0,
        "Operating Income": -3,
        "EBIT": -3,
        "Net Income": -3
    },
    "2012-06-30": {
        "Diluted EPS": -200.0,
        "Total Revenue": 0,
        "Gross Profit": 0,
        "Operating Income": -2,
        "EBIT": -2,
        "Net Income": -2
    },
    "2012-03-31": {
        "Diluted EPS": -100.0,
        "Total Revenue": 0,
        "Gross Profit": 0,
        "Operating Income": -1,
        "EBIT": -1,
        "Net Income": -1
    },
    "2011-12-31": {
        "Diluted EPS": -550.0,
        "Total Revenue": 0,
        "Gross Profit": 0,
        "Operating Income": -3,
        "EBIT": -3,
        "Net Income": -3
    },
    "2011-09-30": {
        "Diluted EPS": -100.0,
        "Total Revenue": 0,
        "Gross Profit": 0,
        "Operating Income": -1,
        "EBIT": -1,
        "Net Income": -1
    },
    "2011-06-30": {
        "Diluted EPS": -100.0,
        "Total Revenue": 0,
        "Gross Profit": 0,
        "Operating Income": -1,
        "EBIT": 0,
        "Net Income": 0
    },
    "2011-03-31": {
        "Diluted EPS": -150.0,
        "Total Revenue": NaN,
        "Gross Profit": NaN,
        "Operating Income": 0,
        "EBIT": 0,
        "Net Income": 0
    },
    "2010-12-31": {
        "Diluted EPS": -200.0,
        "Total Revenue": NaN,
        "Gross Profit": NaN,
        "Operating Income": 0,
        "EBIT": 0,
        "Net Income": 0
    },
    "2010-09-30": {
        "Diluted EPS": -50.0,
        "Total Revenue": NaN,
        "Gross Profit": NaN,
        "Operating Income": 0,
        "EBIT": 0,
        "Net Income": 0
    },
    "2010-06-30": {
        "Diluted EPS": 0.0,
        "Total Revenue": NaN,
        "Gross Profit": NaN,
        "Operating Income": -1,
        "EBIT": -1,
        "Net Income": 0
    },
    "2010-03-31": {
        "Diluted EPS": -300.0,
        "Total Revenue": 0,
        "Gross Profit": 0,
        "Operating Income": -1,
        "EBIT": -1,
        "Net Income": -1
    },
    "2009-12-31": {
        "Diluted EPS": -150.0,
        "Total Revenue": NaN,
        "Gross Profit": 0,
        "Operating Income": 0,
        "EBIT": 0,
        "Net Income": 0
    },
    "2009-09-30": {
        "Diluted EPS": -400.0,
        "Total Revenue": NaN,
        "Gross Profit": NaN,
        "Operating Income": -1,
        "EBIT": -1,
        "Net Income": -1
    },
    "2009-06-30": {
        "Diluted EPS": -400.0,
        "Total Revenue": 0,
        "Gross Profit": 0,
        "Operating Income": -1,
        "EBIT": -1,
        "Net Income": -1
    },
    "2009-03-31": {
        "Diluted EPS": -600.0,
        "Total Revenue": NaN,
        "Gross Profit": NaN,
        "Operating Income": 0,
        "EBIT": 0,
        "Net Income": -1
    },
    "2023-06-30": {
        "Tax Effect Of Unusual Items": NaN,
        "Tax Rate For Calcs": NaN,
        "Normalized EBITDA": NaN,
        "Total Unusual Items": NaN,
        "Total Unusual Items Excluding Goodwill": NaN,
        "Net Income From Continuing Operation Net Minority Interest": NaN,
        "Reconciled Depreciation": NaN,
        "Reconciled Cost Of Revenue": NaN,
        "EBITDA": NaN,
        "EBIT": NaN,
        "Normalized Income": NaN,
        "Net Income From Continuing And Discontinued Operation": NaN,
        "Total Expenses": NaN,
        "Total Operating Income As Reported": NaN,
        "Diluted Average Shares": 3996512.0,
        "Basic Average Shares": 3996512.0,
        "Diluted EPS": -0.98,
        "Basic EPS": -0.98,
        "Diluted NI Availto Com Stockholders": NaN,
        "Net Income Common Stockholders": NaN,
        "Net Income": NaN,
        "Net Income Including Noncontrolling Interests": NaN,
        "Net Income Discontinuous Operations": NaN,
        "Net Income Continuous Operations": NaN,
        "Pretax Income": NaN,
        "Other Income Expense": NaN,
        "Other Non Operating Income Expenses": NaN,
        "Special Income Charges": -162905.0,
        "Impairment Of Capital Assets": 162905.0,
        "Gain On Sale Of Security": NaN,
        "Operating Income": NaN,
        "Operating Expense": NaN,
        "Other Operating Expenses": NaN,
        "Depreciation Amortization Depletion Income Statement": NaN,
        "Depreciation And Amortization In Income Statement": NaN,
        "Depreciation Income Statement": NaN,
        "Selling General And Administration": NaN,
        "Selling And Marketing Expense": NaN,
        "General And Administrative Expense": NaN,
        "Other Gand A": NaN,
        "Gross Profit": NaN,
        "Cost Of Revenue": NaN,
        "Total Revenue": NaN,
        "Operating Revenue": NaN
    },
    "2023-09-30": {
        "Tax Effect Of Unusual Items": 0.0,
        "Tax Rate For Calcs": 0.0,
        "Normalized EBITDA": -2742460.0,
        "Total Unusual Items": 3463.0,
        "Total Unusual Items Excluding Goodwill": 3463.0,
        "Net Income From Continuing Operation Net Minority Interest": -2748367.0,
        "Reconciled Depreciation": -211088.0,
        "Reconciled Cost Of Revenue": 97868.0,
        "EBITDA": -2738997.0,
        "EBIT": -2738997.0,
        "Normalized Income": -2751830.0,
        "Net Income From Continuing And Discontinued Operation": -3163450.0,
        "Total Expenses": 3415623.0,
        "Total Operating Income As Reported": -2738997.0,
        "Diluted Average Shares": 4031356.0,
        "Basic Average Shares": 4031356.0,
        "Diluted EPS": -0.78,
        "Basic EPS": -0.78,
        "Diluted NI Availto Com Stockholders": -3163450.0,
        "Net Income Common Stockholders": -3163450.0,
        "Net Income": -3163450.0,
        "Net Income Including Noncontrolling Interests": -3163450.0,
        "Net Income Discontinuous Operations": -415083.0,
        "Net Income Continuous Operations": -2748367.0,
        "Pretax Income": -2748367.0,
        "Other Income Expense": -9370.0,
        "Other Non Operating Income Expenses": -12833.0,
        "Special Income Charges": 0.0,
        "Impairment Of Capital Assets": 0.0,
        "Gain On Sale Of Security": 3463.0,
        "Operating Income": -2738997.0,
        "Operating Expense": 3317755.0,
        "Other Operating Expenses": 638696.0,
        "Depreciation Amortization Depletion Income Statement": NaN,
        "Depreciation And Amortization In Income Statement": NaN,
        "Depreciation Income Statement": NaN,
        "Selling General And Administration": 2679059.0,
        "Selling And Marketing Expense": 334439.0,
        "General And Administrative Expense": 2344620.0,
        "Other Gand A": 2344620.0,
        "Gross Profit": 578758.0,
        "Cost Of Revenue": 97868.0,
        "Total Revenue": 676626.0,
        "Operating Revenue": 676626.0
    },
    "2023-12-31": {
        "Tax Effect Of Unusual Items": 0.0,
        "Tax Rate For Calcs": 0.0,
        "Normalized EBITDA": -3348335.0,
        "Total Unusual Items": 733.0,
        "Total Unusual Items Excluding Goodwill": 733.0,
        "Net Income From Continuing Operation Net Minority Interest": -3475347.0,
        "Reconciled Depreciation": 158340.0,
        "Reconciled Cost Of Revenue": 247956.0,
        "EBITDA": -3347602.0,
        "EBIT": -3505942.0,
        "Normalized Income": -3476080.0,
        "Net Income From Continuing And Discontinued Operation": -3475347.0,
        "Total Expenses": 3840974.0,
        "Total Operating Income As Reported": -3505942.0,
        "Diluted Average Shares": NaN,
        "Basic Average Shares": NaN,
        "Diluted EPS": NaN,
        "Basic EPS": NaN,
        "Diluted NI Availto Com Stockholders": -3475347.0,
        "Net Income Common Stockholders": -3475347.0,
        "Net Income": -3475347.0,
        "Net Income Including Noncontrolling Interests": -3475347.0,
        "Net Income Discontinuous Operations": NaN,
        "Net Income Continuous Operations": -3475347.0,
        "Pretax Income": -3475347.0,
        "Other Income Expense": 30595.0,
        "Other Non Operating Income Expenses": 29862.0,
        "Special Income Charges": 0.0,
        "Impairment Of Capital Assets": 0.0,
        "Gain On Sale Of Security": 733.0,
        "Operating Income": -3505942.0,
        "Operating Expense": 3593018.0,
        "Other Operating Expenses": 1413129.0,
        "Depreciation Amortization Depletion Income Statement": NaN,
        "Depreciation And Amortization In Income Statement": NaN,
        "Depreciation Income Statement": NaN,
        "Selling General And Administration": 2179889.0,
        "Selling And Marketing Expense": 375478.0,
        "General And Administrative Expense": 1804411.0,
        "Other Gand A": 1804411.0,
        "Gross Profit": 87076.0,
        "Cost Of Revenue": 247956.0,
        "Total Revenue": 335032.0,
        "Operating Revenue": 335032.0
    },
    "2024-03-31": {
        "Tax Effect Of Unusual Items": 0.0,
        "Tax Rate For Calcs": 0.0,
        "Normalized EBITDA": -4075216.0,
        "Total Unusual Items": 1009.0,
        "Total Unusual Items Excluding Goodwill": 1009.0,
        "Net Income From Continuing Operation Net Minority Interest": -4218843.0,
        "Reconciled Depreciation": 162565.0,
        "Reconciled Cost Of Revenue": 180552.0,
        "EBITDA": -4074207.0,
        "EBIT": -4236772.0,
        "Normalized Income": -4219852.0,
        "Net Income From Continuing And Discontinued Operation": -4218843.0,
        "Total Expenses": 4656418.0,
        "Total Operating Income As Reported": -4236772.0,
        "Diluted Average Shares": 4062853.0,
        "Basic Average Shares": 4062853.0,
        "Diluted EPS": -1.04,
        "Basic EPS": -1.04,
        "Diluted NI Availto Com Stockholders": -4218843.0,
        "Net Income Common Stockholders": -4218843.0,
        "Net Income": -4218843.0,
        "Net Income Including Noncontrolling Interests": -4218843.0,
        "Net Income Discontinuous Operations": NaN,
        "Net Income Continuous Operations": -4218843.0,
        "Pretax Income": -4218843.0,
        "Other Income Expense": 17929.0,
        "Other Non Operating Income Expenses": 16920.0,
        "Special Income Charges": NaN,
        "Impairment Of Capital Assets": NaN,
        "Gain On Sale Of Security": 1009.0,
        "Operating Income": -4236772.0,
        "Operating Expense": 4469003.0,
        "Other Operating Expenses": 1102193.0,
        "Depreciation Amortization Depletion Income Statement": 155702.0,
        "Depreciation And Amortization In Income Statement": 155702.0,
        "Depreciation Income Statement": 155702.0,
        "Selling General And Administration": 3211108.0,
        "Selling And Marketing Expense": 739734.0,
        "General And Administrative Expense": 2471374.0,
        "Other Gand A": 2471374.0,
        "Gross Profit": 232231.0,
        "Cost Of Revenue": 187415.0,
        "Total Revenue": 419646.0,
        "Operating Revenue": 419646.0
    },
    "2024-06-30": {
        "Tax Effect Of Unusual Items": 0.0,
        "Tax Rate For Calcs": 0.0,
        "Normalized EBITDA": -3025441.0,
        "Total Unusual Items": 359.0,
        "Total Unusual Items Excluding Goodwill": 359.0,
        "Net Income From Continuing Operation Net Minority Interest": -3181261.0,
        "Reconciled Depreciation": 164165.0,
        "Reconciled Cost Of Revenue": 152968.0,
        "EBITDA": -3025082.0,
        "EBIT": -3189247.0,
        "Normalized Income": -3181620.0,
        "Net Income From Continuing And Discontinued Operation": -3181261.0,
        "Total Expenses": 3467969.0,
        "Total Operating Income As Reported": -3189247.0,
        "Diluted Average Shares": 4664771.0,
        "Basic Average Shares": 4664771.0,
        "Diluted EPS": -0.68,
        "Basic EPS": -0.68,
        "Diluted NI Availto Com Stockholders": -3181261.0,
        "Net Income Common Stockholders": -3181261.0,
        "Net Income": -3181261.0,
        "Net Income Including Noncontrolling Interests": -3181261.0,
        "Net Income Discontinuous Operations": NaN,
        "Net Income Continuous Operations": -3181261.0,
        "Pretax Income": -3181261.0,
        "Other Income Expense": 7986.0,
        "Other Non Operating Income Expenses": 7627.0,
        "Special Income Charges": 0.0,
        "Impairment Of Capital Assets": 0.0,
        "Gain On Sale Of Security": 359.0,
        "Operating Income": -3189247.0,
        "Operating Expense": 3315001.0,
        "Other Operating Expenses": 893391.0,
        "Depreciation Amortization Depletion Income Statement": NaN,
        "Depreciation And Amortization In Income Statement": NaN,
        "Depreciation Income Statement": NaN,
        "Selling General And Administration": 2421610.0,
        "Selling And Marketing Expense": 284421.0,
        "General And Administrative Expense": 2137189.0,
        "Other Gand A": 2137189.0,
        "Gross Profit": 125754.0,
        "Cost Of Revenue": 152968.0,
        "Total Revenue": 278722.0,
        "Operating Revenue": 278722.0
    },
    "2024-09-30": {
        "Tax Effect Of Unusual Items": 0.0,
        "Tax Rate For Calcs": 0.0,
        "Normalized EBITDA": -2313983.0,
        "Total Unusual Items": 7.0,
        "Total Unusual Items Excluding Goodwill": 7.0,
        "Net Income From Continuing Operation Net Minority Interest": -2283413.0,
        "Reconciled Depreciation": -204711.0,
        "Reconciled Cost Of Revenue": 196919.0,
        "EBITDA": -2313976.0,
        "EBIT": -2313976.0,
        "Normalized Income": -2283420.0,
        "Net Income From Continuing And Discontinued Operation": -3094690.0,
        "Total Expenses": 2659662.0,
        "Total Operating Income As Reported": -2313976.0,
        "Diluted Average Shares": 6396221.0,
        "Basic Average Shares": 6396221.0,
        "Diluted EPS": -0.48,
        "Basic EPS": -0.48,
        "Diluted NI Availto Com Stockholders": -3094690.0,
        "Net Income Common Stockholders": -3094690.0,
        "Net Income": -3094690.0,
        "Net Income Including Noncontrolling Interests": -3094690.0,
        "Net Income Discontinuous Operations": -811277.0,
        "Net Income Continuous Operations": -2283413.0,
        "Pretax Income": -2283413.0,
        "Other Income Expense": 30563.0,
        "Other Non Operating Income Expenses": 30556.0,
        "Special Income Charges": NaN,
        "Impairment Of Capital Assets": NaN,
        "Gain On Sale Of Security": 7.0,
        "Operating Income": -2313976.0,
        "Operating Expense": 2462743.0,
        "Other Operating Expenses": 633422.0,
        "Depreciation Amortization Depletion Income Statement": NaN,
        "Depreciation And Amortization In Income Statement": NaN,
        "Depreciation Income Statement": NaN,
        "Selling General And Administration": 1829321.0,
        "Selling And Marketing Expense": 246650.0,
        "General And Administrative Expense": 1582671.0,
        "Other Gand A": 1582671.0,
        "Gross Profit": 148767.0,
        "Cost Of Revenue": 196919.0,
        "Total Revenue": 345686.0,
        "Operating Revenue": 345686.0
    }
}