{
    "2023-06-30": {
        "Tax Effect Of Unusual Items": 0.0,
        "Tax Rate For Calcs": 0.0,
        "Normalized EBITDA": 279000.0,
        "Total Unusual Items": 1190000.0,
        "Total Unusual Items Excluding Goodwill": 1190000.0,
        "Net Income From Continuing Operation Net Minority Interest": -210000.0,
        "Reconciled Depreciation": 86000.0,
        "Reconciled Cost Of Revenue": 8161000.0,
        "EBITDA": 1469000.0,
        "EBIT": 1383000.0,
        "Net Interest Income": -1593000.0,
        "Interest Expense": 1593000.0,
        "Normalized Income": -1400000.0,
        "Net Income From Continuing And Discontinued Operation": -210000.0,
        "Total Expenses": 10444000.0,
        "Total Operating Income As Reported": 193000.0,
        "Diluted Average Shares": 22860736.0,
        "Basic Average Shares": 22860736.0,
        "Diluted EPS": -0.009186,
        "Basic EPS": -0.009186,
        "Diluted NI Availto Com Stockholders": -210000.0,
        "Net Income Common Stockholders": -210000.0,
        "Net Income": -210000.0,
        "Net Income Including Noncontrolling Interests": -210000.0,
        "Net Income Continuous Operations": -210000.0,
        "Tax Provision": 0.0,
        "Pretax Income": -210000.0,
        "Other Income Expense": 1190000.0,
        "Special Income Charges": 0.0,
        "Other Special Charges": 914000.0,
        "Impairment Of Capital Assets": 0.0,
        "Gain On Sale Of Security": 1190000.0,
        "Net Non Operating Interest Income Expense": -1593000.0,
        "Interest Expense Non Operating": 1593000.0,
        "Operating Income": 193000.0,
        "Operating Expense": 2222000.0,
        "Depreciation Amortization Depletion Income Statement": 25000.0,
        "Depreciation And Amortization In Income Statement": 25000.0,
        "Amortization": 25000.0,
        "Amortization Of Intangibles Income Statement": 25000.0,
        "Depreciation Income Statement": 25000.0,
        "Research And Development": 27000.0,
        "Selling General And Administration": 2170000.0,
        "Selling And Marketing Expense": 1250000.0,
        "General And Administrative Expense": 920000.0,
        "Other Gand A": 920000.0,
        "Salaries And Wages": 31000.0,
        "Gross Profit": 2415000.0,
        "Cost Of Revenue": 8222000.0,
        "Total Revenue": 10637000.0,
        "Operating Revenue": 10637000.0
    },
    "2022-06-30": {
        "Tax Effect Of Unusual Items": 0.0,
        "Tax Rate For Calcs": 0.0,
        "Normalized EBITDA": 393000.0,
        "Total Unusual Items": -799000.0,
        "Total Unusual Items Excluding Goodwill": -799000.0,
        "Net Income From Continuing Operation Net Minority Interest": -481000.0,
        "Reconciled Depreciation": 75000.0,
        "Reconciled Cost Of Revenue": 6556000.0,
        "EBITDA": -406000.0,
        "EBIT": -481000.0,
        "Net Interest Income": 0.0,
        "Interest Expense": 0.0,
        "Normalized Income": 318000.0,
        "Net Income From Continuing And Discontinued Operation": -481000.0,
        "Total Expenses": 8398000.0,
        "Total Operating Income As Reported": -481000.0,
        "Diluted Average Shares": 22860736.0,
        "Basic Average Shares": 22860736.0,
        "Diluted EPS": -0.02104,
        "Basic EPS": -0.02104,
        "Diluted NI Availto Com Stockholders": -481000.0,
        "Net Income Common Stockholders": -481000.0,
        "Net Income": -481000.0,
        "Net Income Including Noncontrolling Interests": -481000.0,
        "Net Income Continuous Operations": -481000.0,
        "Tax Provision": 0.0,
        "Pretax Income": -481000.0,
        "Other Income Expense": -799000.0,
        "Special Income Charges": -799000.0,
        "Other Special Charges": 799000.0,
        "Gain On Sale Of Security": NaN,
        "Net Non Operating Interest Income Expense": 0.0,
        "Interest Expense Non Operating": 0.0,
        "Operating Income": 318000.0,
        "Operating Expense": 1817000.0,
        "Depreciation Amortization Depletion Income Statement": 50000.0,
        "Depreciation And Amortization In Income Statement": 50000.0,
        "Amortization": 25000.0,
        "Amortization Of Intangibles Income Statement": 25000.0,
        "Depreciation Income Statement": 25000.0,
        "Research And Development": 65000.0,
        "Selling General And Administration": 1702000.0,
        "Selling And Marketing Expense": 1494000.0,
        "General And Administrative Expense": 208000.0,
        "Other Gand A": NaN,
        "Salaries And Wages": 208000.0,
        "Gross Profit": 2135000.0,
        "Cost Of Revenue": 6581000.0,
        "Total Revenue": 8716000.0,
        "Operating Revenue": 8716000.0
    },
    "2022-12-31": {
        "Tax Effect Of Unusual Items": NaN,
        "Tax Rate For Calcs": NaN,
        "Normalized EBITDA": NaN,
        "Total Unusual Items": NaN,
        "Total Unusual Items Excluding Goodwill": NaN,
        "Net Income From Continuing Operation Net Minority Interest": NaN,
        "Reconciled Depreciation": NaN,
        "Reconciled Cost Of Revenue": NaN,
        "EBITDA": NaN,
        "EBIT": NaN,
        "Net Interest Income": NaN,
        "Interest Expense": NaN,
        "Normalized Income": NaN,
        "Net Income From Continuing And Discontinued Operation": NaN,
        "Total Expenses": NaN,
        "Total Operating Income As Reported": NaN,
        "Diluted Average Shares": 110816207.0,
        "Basic Average Shares": 110816207.0,
        "Diluted EPS": -0.018752,
        "Basic EPS": -0.018752,
        "Diluted NI Availto Com Stockholders": NaN,
        "Net Income Common Stockholders": NaN,
        "Net Income": NaN,
        "Net Income Including Noncontrolling Interests": NaN,
        "Net Income Continuous Operations": NaN,
        "Tax Provision": NaN,
        "Pretax Income": NaN,
        "Other Income Expense": NaN,
        "Other Non Operating Income Expenses": 138000.0,
        "Special Income Charges": 0.0,
        "Other Special Charges": NaN,
        "Impairment Of Capital Assets": NaN,
        "Gain On Sale Of Security": 178000.0,
        "Net Non Operating Interest Income Expense": NaN,
        "Interest Expense Non Operating": NaN,
        "Operating Income": NaN,
        "Operating Expense": NaN,
        "Depreciation Amortization Depletion Income Statement": NaN,
        "Depreciation And Amortization In Income Statement": NaN,
        "Amortization": NaN,
        "Amortization Of Intangibles Income Statement": NaN,
        "Depreciation Income Statement": NaN,
        "Research And Development": NaN,
        "Selling General And Administration": NaN,
        "Selling And Marketing Expense": NaN,
        "General And Administrative Expense": NaN,
        "Other Gand A": NaN,
        "Salaries And Wages": NaN,
        "Gross Profit": NaN,
        "Cost Of Revenue": NaN,
        "Total Revenue": NaN,
        "Operating Revenue": NaN
    },
    "2022-09-30": {
        "Tax Effect Of Unusual Items": 0.0,
        "Tax Rate For Calcs": 0.0,
        "Normalized EBITDA": 141000.0,
        "Total Unusual Items": 865000.0,
        "Total Unusual Items Excluding Goodwill": 865000.0,
        "Net Income From Continuing Operation Net Minority Interest": -457000.0,
        "Reconciled Depreciation": 81000.0,
        "Reconciled Cost Of Revenue": 6273000.0,
        "EBITDA": 1006000.0,
        "EBIT": 925000.0,
        "Net Interest Income": -1382000.0,
        "Interest Expense": 1382000.0,
        "Normalized Income": -1322000.0,
        "Net Income From Continuing And Discontinued Operation": -457000.0,
        "Total Expenses": 8299000.0,
        "Total Operating Income As Reported": 198000.0,
        "Diluted Average Shares": 22860736.0,
        "Basic Average Shares": 22860736.0,
        "Diluted EPS": -0.019991,
        "Basic EPS": -0.019991,
        "Diluted NI Availto Com Stockholders": -457000.0,
        "Net Income Common Stockholders": -457000.0,
        "Net Income": -457000.0,
        "Net Income Including Noncontrolling Interests": -457000.0,
        "Net Income Continuous Operations": -457000.0,
        "Tax Provision": 0.0,
        "Pretax Income": -457000.0,
        "Other Income Expense": 727000.0,
        "Other Non Operating Income Expenses": -138000.0,
        "Special Income Charges": 799000.0,
        "Other Special Charges": NaN,
        "Gain On Sale Of Security": 865000.0,
        "Net Non Operating Interest Income Expense": -1382000.0,
        "Interest Expense Non Operating": 1382000.0,
        "Operating Income": 198000.0,
        "Operating Expense": 1971000.0,
        "Depreciation Amortization Depletion Income Statement": 26000.0,
        "Depreciation And Amortization In Income Statement": 26000.0,
        "Amortization": 26000.0,
        "Amortization Of Intangibles Income Statement": 26000.0,
        "Depreciation Income Statement": NaN,
        "Research And Development": 43000.0,
        "Selling General And Administration": 1902000.0,
        "Selling And Marketing Expense": 1226000.0,
        "General And Administrative Expense": 676000.0,
        "Other Gand A": 676000.0,
        "Salaries And Wages": NaN,
        "Gross Profit": 2169000.0,
        "Cost Of Revenue": 6328000.0,
        "Total Revenue": 8497000.0,
        "Operating Revenue": 8497000.0
    },
    "2023-09-30": {
        "Tax Effect Of Unusual Items": 0.0,
        "Tax Rate For Calcs": 0.0,
        "Normalized EBITDA": -1174000.0,
        "Total Unusual Items": -8793000.0,
        "Total Unusual Items Excluding Goodwill": -8793000.0,
        "Net Income From Continuing Operation Net Minority Interest": -10873000.0,
        "Reconciled Depreciation": 252000.0,
        "Reconciled Cost Of Revenue": 8996000.0,
        "EBITDA": -9967000.0,
        "EBIT": -10219000.0,
        "Net Interest Income": -654000.0,
        "Interest Expense": 654000.0,
        "Normalized Income": -2080000.0,
        "Net Income From Continuing And Discontinued Operation": -10873000.0,
        "Total Expenses": 11942000.0,
        "Total Operating Income As Reported": -1426000.0,
        "Diluted Average Shares": 20714161.0,
        "Basic Average Shares": 20714161.0,
        "Diluted EPS": -0.52,
        "Basic EPS": -0.52,
        "Diluted NI Availto Com Stockholders": -10873000.0,
        "Net Income Common Stockholders": -10873000.0,
        "Net Income": -10873000.0,
        "Net Income Including Noncontrolling Interests": -10873000.0,
        "Net Income Continuous Operations": -10873000.0,
        "Tax Provision": 0.0,
        "Pretax Income": -10873000.0,
        "Other Income Expense": -8793000.0,
        "Special Income Charges": NaN,
        "Other Special Charges": NaN,
        "Impairment Of Capital Assets": NaN,
        "Gain On Sale Of Security": -8793000.0,
        "Net Non Operating Interest Income Expense": -654000.0,
        "Interest Expense Non Operating": 654000.0,
        "Operating Income": -1426000.0,
        "Operating Expense": 2885000.0,
        "Depreciation Amortization Depletion Income Statement": 191000.0,
        "Depreciation And Amortization In Income Statement": 191000.0,
        "Amortization": 191000.0,
        "Amortization Of Intangibles Income Statement": 191000.0,
        "Depreciation Income Statement": NaN,
        "Research And Development": 28000.0,
        "Selling General And Administration": 2666000.0,
        "Selling And Marketing Expense": 1451000.0,
        "General And Administrative Expense": 1215000.0,
        "Other Gand A": 1215000.0,
        "Salaries And Wages": NaN,
        "Gross Profit": 1459000.0,
        "Cost Of Revenue": 9057000.0,
        "Total Revenue": 10516000.0,
        "Operating Revenue": 10516000.0
    },
    "2023-12-31": {
        "Tax Effect Of Unusual Items": 0.0,
        "Tax Rate For Calcs": 0.0,
        "Normalized EBITDA": -2228000.0,
        "Total Unusual Items": NaN,
        "Total Unusual Items Excluding Goodwill": NaN,
        "Net Income From Continuing Operation Net Minority Interest": -2600000.0,
        "Reconciled Depreciation": 372000.0,
        "Reconciled Cost Of Revenue": 9322000.0,
        "EBITDA": -2228000.0,
        "EBIT": -2600000.0,
        "Net Interest Income": 0.0,
        "Interest Expense": 0.0,
        "Normalized Income": -2600000.0,
        "Net Income From Continuing And Discontinued Operation": -2600000.0,
        "Total Expenses": 13042000.0,
        "Total Operating Income As Reported": -2600000.0,
        "Diluted Average Shares": 23072179.0,
        "Basic Average Shares": 23072179.0,
        "Diluted EPS": -0.11,
        "Basic EPS": -0.11,
        "Diluted NI Availto Com Stockholders": -2600000.0,
        "Net Income Common Stockholders": -2600000.0,
        "Net Income": -2600000.0,
        "Net Income Including Noncontrolling Interests": -2600000.0,
        "Net Income Continuous Operations": -2600000.0,
        "Tax Provision": 0.0,
        "Pretax Income": -2600000.0,
        "Other Income Expense": NaN,
        "Special Income Charges": NaN,
        "Other Special Charges": NaN,
        "Impairment Of Capital Assets": NaN,
        "Gain On Sale Of Security": NaN,
        "Net Non Operating Interest Income Expense": 0.0,
        "Interest Expense Non Operating": 0.0,
        "Operating Income": -2600000.0,
        "Operating Expense": 3655000.0,
        "Depreciation Amortization Depletion Income Statement": 307000.0,
        "Depreciation And Amortization In Income Statement": 307000.0,
        "Amortization": 307000.0,
        "Amortization Of Intangibles Income Statement": 307000.0,
        "Depreciation Income Statement": NaN,
        "Research And Development": 15000.0,
        "Selling General And Administration": 3333000.0,
        "Selling And Marketing Expense": 732000.0,
        "General And Administrative Expense": 2601000.0,
        "Other Gand A": 2601000.0,
        "Salaries And Wages": NaN,
        "Gross Profit": 1055000.0,
        "Cost Of Revenue": 9387000.0,
        "Total Revenue": 10442000.0,
        "Operating Revenue": 10442000.0
    },
    "2024-03-31": {
        "Tax Effect Of Unusual Items": 0.0,
        "Tax Rate For Calcs": 0.21,
        "Normalized EBITDA": -556000.0,
        "Total Unusual Items": 0.0,
        "Total Unusual Items Excluding Goodwill": 0.0,
        "Net Income From Continuing Operation Net Minority Interest": -1049000.0,
        "Reconciled Depreciation": 438000.0,
        "Reconciled Cost Of Revenue": 10595000.0,
        "EBITDA": -556000.0,
        "EBIT": -994000.0,
        "Net Interest Income": 0.0,
        "Interest Expense": 0.0,
        "Normalized Income": -1049000.0,
        "Net Income From Continuing And Discontinued Operation": -1049000.0,
        "Total Expenses": 12885000.0,
        "Total Operating Income As Reported": -1178000.0,
        "Diluted Average Shares": NaN,
        "Basic Average Shares": NaN,
        "Diluted EPS": NaN,
        "Basic EPS": NaN,
        "Diluted NI Availto Com Stockholders": -1049000.0,
        "Net Income Common Stockholders": -1049000.0,
        "Net Income": -1049000.0,
        "Net Income Including Noncontrolling Interests": -1049000.0,
        "Net Income Continuous Operations": -1049000.0,
        "Tax Provision": 55000.0,
        "Pretax Income": -994000.0,
        "Other Income Expense": 184000.0,
        "Special Income Charges": NaN,
        "Other Special Charges": NaN,
        "Impairment Of Capital Assets": NaN,
        "Gain On Sale Of Security": 0.0,
        "Net Non Operating Interest Income Expense": 0.0,
        "Interest Expense Non Operating": 0.0,
        "Operating Income": -1178000.0,
        "Operating Expense": 2225000.0,
        "Depreciation Amortization Depletion Income Statement": 373000.0,
        "Depreciation And Amortization In Income Statement": 373000.0,
        "Amortization": 373000.0,
        "Amortization Of Intangibles Income Statement": 373000.0,
        "Depreciation Income Statement": NaN,
        "Research And Development": 15000.0,
        "Selling General And Administration": 1837000.0,
        "Selling And Marketing Expense": 1125000.0,
        "General And Administrative Expense": 712000.0,
        "Other Gand A": 712000.0,
        "Salaries And Wages": NaN,
        "Gross Profit": 1047000.0,
        "Cost Of Revenue": 10660000.0,
        "Total Revenue": 11707000.0,
        "Operating Revenue": 11707000.0
    },
    "2023-03-31": {
        "Tax Effect Of Unusual Items": NaN,
        "Tax Rate For Calcs": NaN,
        "Normalized EBITDA": NaN,
        "Total Unusual Items": -1502000.0,
        "Total Unusual Items Excluding Goodwill": -1502000.0,
        "Net Income From Continuing Operation Net Minority Interest": NaN,
        "Reconciled Depreciation": NaN,
        "Reconciled Cost Of Revenue": NaN,
        "EBITDA": NaN,
        "EBIT": NaN,
        "Net Interest Income": NaN,
        "Interest Expense": NaN,
        "Normalized Income": NaN,
        "Net Income From Continuing And Discontinued Operation": NaN,
        "Total Expenses": NaN,
        "Total Operating Income As Reported": NaN,
        "Diluted Average Shares": NaN,
        "Basic Average Shares": NaN,
        "Diluted EPS": NaN,
        "Basic EPS": NaN,
        "Diluted NI Availto Com Stockholders": NaN,
        "Net Income Common Stockholders": NaN,
        "Net Income": NaN,
        "Net Income Including Noncontrolling Interests": NaN,
        "Net Income Continuous Operations": NaN,
        "Tax Provision": NaN,
        "Pretax Income": NaN,
        "Other Income Expense": -1501000.0,
        "Special Income Charges": NaN,
        "Other Special Charges": NaN,
        "Impairment Of Capital Assets": NaN,
        "Gain On Sale Of Security": -1502000.0,
        "Net Non Operating Interest Income Expense": NaN,
        "Interest Expense Non Operating": NaN,
        "Operating Income": NaN,
        "Operating Expense": NaN,
        "Depreciation Amortization Depletion Income Statement": NaN,
        "Depreciation And Amortization In Income Statement": NaN,
        "Amortization": NaN,
        "Amortization Of Intangibles Income Statement": NaN,
        "Depreciation Income Statement": NaN,
        "Research And Development": NaN,
        "Selling General And Administration": NaN,
        "Selling And Marketing Expense": NaN,
        "General And Administrative Expense": NaN,
        "Other Gand A": NaN,
        "Salaries And Wages": NaN,
        "Gross Profit": NaN,
        "Cost Of Revenue": NaN,
        "Total Revenue": NaN,
        "Operating Revenue": NaN
    },
    "2024-06-30": {
        "Tax Effect Of Unusual Items": 0.0,
        "Tax Rate For Calcs": 0.0,
        "Normalized EBITDA": -747000.0,
        "Total Unusual Items": -176000.0,
        "Total Unusual Items Excluding Goodwill": -176000.0,
        "Net Income From Continuing Operation Net Minority Interest": -1366000.0,
        "Reconciled Depreciation": 443000.0,
        "Reconciled Cost Of Revenue": 11643000.0,
        "EBITDA": -923000.0,
        "EBIT": -1366000.0,
        "Net Interest Income": 0.0,
        "Interest Expense": 0.0,
        "Normalized Income": -1190000.0,
        "Net Income From Continuing And Discontinued Operation": -1366000.0,
        "Total Expenses": 14349000.0,
        "Total Operating Income As Reported": -1366000.0,
        "Diluted Average Shares": 23712530.0,
        "Basic Average Shares": 23712530.0,
        "Diluted EPS": -0.06,
        "Basic EPS": -0.06,
        "Diluted NI Availto Com Stockholders": -1366000.0,
        "Net Income Common Stockholders": -1366000.0,
        "Net Income": -1366000.0,
        "Net Income Including Noncontrolling Interests": -1366000.0,
        "Net Income Continuous Operations": -1366000.0,
        "Tax Provision": 0.0,
        "Pretax Income": -1366000.0,
        "Other Income Expense": -176000.0,
        "Special Income Charges": -176000.0,
        "Other Special Charges": NaN,
        "Impairment Of Capital Assets": 176000.0,
        "Gain On Sale Of Security": NaN,
        "Net Non Operating Interest Income Expense": 0.0,
        "Interest Expense Non Operating": 0.0,
        "Operating Income": -1190000.0,
        "Operating Expense": 2640000.0,
        "Depreciation Amortization Depletion Income Statement": 377000.0,
        "Depreciation And Amortization In Income Statement": 377000.0,
        "Amortization": 377000.0,
        "Amortization Of Intangibles Income Statement": 377000.0,
        "Depreciation Income Statement": NaN,
        "Research And Development": 18000.0,
        "Selling General And Administration": 2245000.0,
        "Selling And Marketing Expense": 847000.0,
        "General And Administrative Expense": 1398000.0,
        "Other Gand A": 1398000.0,
        "Salaries And Wages": NaN,
        "Gross Profit": 1450000.0,
        "Cost Of Revenue": 11709000.0,
        "Total Revenue": 13159000.0,
        "Operating Revenue": 13159000.0
    }
}