{
    "2023-03-31": {
        "Tax Effect Of Unusual Items": NaN,
        "Tax Rate For Calcs": NaN,
        "Normalized EBITDA": NaN,
        "Total Unusual Items": NaN,
        "Total Unusual Items Excluding Goodwill": NaN,
        "Net Income From Continuing Operation Net Minority Interest": NaN,
        "Reconciled Depreciation": NaN,
        "EBITDA": NaN,
        "EBIT": NaN,
        "Net Interest Income": NaN,
        "Interest Expense": NaN,
        "Normalized Income": NaN,
        "Net Income From Continuing And Discontinued Operation": NaN,
        "Total Expenses": NaN,
        "Rent Expense Supplemental": NaN,
        "Total Operating Income As Reported": NaN,
        "Diluted Average Shares": NaN,
        "Basic Average Shares": NaN,
        "Diluted EPS": NaN,
        "Basic EPS": NaN,
        "Diluted NI Availto Com Stockholders": NaN,
        "Net Income Common Stockholders": NaN,
        "Net Income": NaN,
        "Net Income Including Noncontrolling Interests": NaN,
        "Net Income Continuous Operations": NaN,
        "Pretax Income": NaN,
        "Other Income Expense": NaN,
        "Other Non Operating Income Expenses": NaN,
        "Earnings From Equity Interest": 0.0,
        "Gain On Sale Of Security": NaN,
        "Net Non Operating Interest Income Expense": NaN,
        "Interest Expense Non Operating": NaN,
        "Operating Income": NaN,
        "Operating Expense": NaN,
        "Depreciation Amortization Depletion Income Statement": NaN,
        "Depreciation And Amortization In Income Statement": NaN,
        "Research And Development": NaN,
        "Selling General And Administration": NaN,
        "General And Administrative Expense": NaN,
        "Other Gand A": NaN,
        "Rent And Landing Fees": NaN,
        "Salaries And Wages": NaN,
        "Total Revenue": NaN,
        "Operating Revenue": NaN
    },
    "2022-12-31": {
        "Tax Effect Of Unusual Items": NaN,
        "Tax Rate For Calcs": NaN,
        "Normalized EBITDA": NaN,
        "Total Unusual Items": 0.0,
        "Total Unusual Items Excluding Goodwill": 0.0,
        "Net Income From Continuing Operation Net Minority Interest": NaN,
        "Reconciled Depreciation": NaN,
        "EBITDA": NaN,
        "EBIT": NaN,
        "Net Interest Income": NaN,
        "Interest Expense": NaN,
        "Normalized Income": NaN,
        "Net Income From Continuing And Discontinued Operation": NaN,
        "Total Expenses": NaN,
        "Rent Expense Supplemental": NaN,
        "Total Operating Income As Reported": NaN,
        "Diluted Average Shares": NaN,
        "Basic Average Shares": NaN,
        "Diluted EPS": NaN,
        "Basic EPS": NaN,
        "Diluted NI Availto Com Stockholders": NaN,
        "Net Income Common Stockholders": NaN,
        "Net Income": NaN,
        "Net Income Including Noncontrolling Interests": NaN,
        "Net Income Continuous Operations": NaN,
        "Pretax Income": NaN,
        "Other Income Expense": NaN,
        "Other Non Operating Income Expenses": NaN,
        "Special Income Charges": 0.0,
        "Earnings From Equity Interest": -405471.0,
        "Gain On Sale Of Security": NaN,
        "Net Non Operating Interest Income Expense": NaN,
        "Interest Expense Non Operating": NaN,
        "Operating Income": NaN,
        "Operating Expense": NaN,
        "Depreciation Amortization Depletion Income Statement": NaN,
        "Depreciation And Amortization In Income Statement": NaN,
        "Research And Development": NaN,
        "Selling General And Administration": NaN,
        "General And Administrative Expense": NaN,
        "Other Gand A": NaN,
        "Rent And Landing Fees": NaN,
        "Salaries And Wages": NaN,
        "Total Revenue": NaN,
        "Operating Revenue": NaN
    },
    "2022-09-30": {
        "Tax Effect Of Unusual Items": NaN,
        "Tax Rate For Calcs": NaN,
        "Normalized EBITDA": NaN,
        "Total Unusual Items": 0.0,
        "Total Unusual Items Excluding Goodwill": 0.0,
        "Net Income From Continuing Operation Net Minority Interest": NaN,
        "Reconciled Depreciation": NaN,
        "EBITDA": NaN,
        "EBIT": NaN,
        "Net Interest Income": NaN,
        "Interest Expense": NaN,
        "Normalized Income": NaN,
        "Net Income From Continuing And Discontinued Operation": NaN,
        "Total Expenses": NaN,
        "Rent Expense Supplemental": NaN,
        "Total Operating Income As Reported": -4203767.0,
        "Diluted Average Shares": 36672390.0,
        "Basic Average Shares": 36672390.0,
        "Diluted EPS": -0.11,
        "Basic EPS": -0.11,
        "Diluted NI Availto Com Stockholders": NaN,
        "Net Income Common Stockholders": NaN,
        "Net Income": NaN,
        "Net Income Including Noncontrolling Interests": NaN,
        "Net Income Continuous Operations": NaN,
        "Pretax Income": NaN,
        "Other Income Expense": NaN,
        "Other Non Operating Income Expenses": NaN,
        "Special Income Charges": 0.0,
        "Earnings From Equity Interest": NaN,
        "Gain On Sale Of Security": NaN,
        "Net Non Operating Interest Income Expense": NaN,
        "Interest Expense Non Operating": NaN,
        "Operating Income": NaN,
        "Operating Expense": NaN,
        "Depreciation Amortization Depletion Income Statement": NaN,
        "Depreciation And Amortization In Income Statement": NaN,
        "Research And Development": NaN,
        "Selling General And Administration": NaN,
        "General And Administrative Expense": NaN,
        "Other Gand A": NaN,
        "Rent And Landing Fees": NaN,
        "Salaries And Wages": NaN,
        "Total Revenue": NaN,
        "Operating Revenue": NaN
    },
    "2022-06-30": {
        "Tax Effect Of Unusual Items": 0.0,
        "Tax Rate For Calcs": 0.0,
        "Normalized EBITDA": -4956338.0,
        "Total Unusual Items": NaN,
        "Total Unusual Items Excluding Goodwill": NaN,
        "Net Income From Continuing Operation Net Minority Interest": -5282642.0,
        "Reconciled Depreciation": 313676.0,
        "EBITDA": -4956338.0,
        "EBIT": -5270015.0,
        "Net Interest Income": -12627.0,
        "Interest Expense": 12627.0,
        "Normalized Income": -5282642.0,
        "Net Income From Continuing And Discontinued Operation": -5282642.0,
        "Total Expenses": 4684615.0,
        "Rent Expense Supplemental": 33051.0,
        "Total Operating Income As Reported": -4564354.0,
        "Diluted Average Shares": 36672390.0,
        "Basic Average Shares": 36672390.0,
        "Diluted EPS": -0.14,
        "Basic EPS": -0.14,
        "Diluted NI Availto Com Stockholders": -5282642.0,
        "Net Income Common Stockholders": -5282642.0,
        "Net Income": -5282642.0,
        "Net Income Including Noncontrolling Interests": -5282642.0,
        "Net Income Continuous Operations": -5282642.0,
        "Pretax Income": -5282642.0,
        "Other Income Expense": -705661.0,
        "Other Non Operating Income Expenses": 40300.0,
        "Special Income Charges": NaN,
        "Earnings From Equity Interest": -745961.0,
        "Net Non Operating Interest Income Expense": -12627.0,
        "Interest Expense Non Operating": 12627.0,
        "Operating Income": -4564354.0,
        "Operating Expense": 4684615.0,
        "Depreciation Amortization Depletion Income Statement": 313677.0,
        "Depreciation And Amortization In Income Statement": 313677.0,
        "Research And Development": 2300642.0,
        "Selling General And Administration": 2070296.0,
        "General And Administrative Expense": 2070296.0,
        "Other Gand A": 810544.0,
        "Rent And Landing Fees": 33051.0,
        "Salaries And Wages": 1226701.0,
        "Total Revenue": 120261.0,
        "Operating Revenue": 120261.0
    },
    "2022-03-31": {
        "Diluted EPS": -0.15,
        "Total Revenue": NaN,
        "Gross Profit": NaN,
        "Operating Income": -5,
        "EBIT": -5,
        "Net Income": -5
    },
    "2021-12-31": {
        "Diluted EPS": -0.09,
        "Total Revenue": NaN,
        "Gross Profit": NaN,
        "Operating Income": -5,
        "EBIT": -5,
        "Net Income": -4
    },
    "2021-09-30": {
        "Diluted EPS": -0.1,
        "Total Revenue": NaN,
        "Gross Profit": NaN,
        "Operating Income": -4,
        "EBIT": -4,
        "Net Income": -3
    },
    "2021-06-30": {
        "Diluted EPS": -0.13,
        "Total Revenue": 0,
        "Gross Profit": 0,
        "Operating Income": -4,
        "EBIT": -4,
        "Net Income": -4
    },
    "2021-03-31": {
        "Diluted EPS": -0.13,
        "Total Revenue": NaN,
        "Gross Profit": NaN,
        "Operating Income": -4,
        "EBIT": -3,
        "Net Income": -4
    },
    "2020-12-31": {
        "Diluted EPS": -0.22,
        "Total Revenue": NaN,
        "Gross Profit": NaN,
        "Operating Income": -5,
        "EBIT": -5,
        "Net Income": -5
    },
    "2020-09-30": {
        "Diluted EPS": -0.1,
        "Total Revenue": NaN,
        "Gross Profit": NaN,
        "Operating Income": -3,
        "EBIT": -3,
        "Net Income": -3
    },
    "2020-06-30": {
        "Diluted EPS": -0.2,
        "Total Revenue": NaN,
        "Gross Profit": NaN,
        "Operating Income": -3,
        "EBIT": -3,
        "Net Income": -6
    },
    "2020-03-31": {
        "Diluted EPS": -0.1,
        "Total Revenue": NaN,
        "Gross Profit": NaN,
        "Operating Income": -3,
        "EBIT": -3,
        "Net Income": -3
    },
    "2019-12-31": {
        "Diluted EPS": 0.1,
        "Total Revenue": NaN,
        "Gross Profit": NaN,
        "Operating Income": -3,
        "EBIT": -3,
        "Net Income": 3
    },
    "2019-09-30": {
        "Diluted EPS": -0.1,
        "Total Revenue": NaN,
        "Gross Profit": NaN,
        "Operating Income": -2,
        "EBIT": -2,
        "Net Income": -3
    },
    "2019-06-30": {
        "Diluted EPS": -0.1,
        "Total Revenue": NaN,
        "Gross Profit": NaN,
        "Operating Income": -2,
        "EBIT": -2,
        "Net Income": -4
    },
    "2019-03-31": {
        "Diluted EPS": -0.1,
        "Total Revenue": NaN,
        "Gross Profit": NaN,
        "Operating Income": -2,
        "EBIT": -2,
        "Net Income": -3
    },
    "2018-12-31": {
        "Diluted EPS": -0.1,
        "Total Revenue": NaN,
        "Gross Profit": NaN,
        "Operating Income": -2,
        "EBIT": -2,
        "Net Income": -4
    },
    "2018-09-30": {
        "Diluted EPS": -0.2,
        "Total Revenue": NaN,
        "Gross Profit": NaN,
        "Operating Income": -2,
        "EBIT": -2,
        "Net Income": -5
    },
    "2018-06-30": {
        "Diluted EPS": -0.2,
        "Total Revenue": NaN,
        "Gross Profit": NaN,
        "Operating Income": -2,
        "EBIT": -2,
        "Net Income": -5
    },
    "2018-03-31": {
        "Diluted EPS": -0.1,
        "Total Revenue": NaN,
        "Gross Profit": NaN,
        "Operating Income": -2,
        "EBIT": -2,
        "Net Income": -3
    },
    "2017-12-31": {
        "Diluted EPS": -0.2,
        "Total Revenue": 1,
        "Gross Profit": 0,
        "Operating Income": -3,
        "EBIT": -2,
        "Net Income": -3
    },
    "2017-09-30": {
        "Diluted EPS": -0.1,
        "Total Revenue": 1,
        "Gross Profit": 0,
        "Operating Income": -4,
        "EBIT": -3,
        "Net Income": -4
    },
    "2017-06-30": {
        "Diluted EPS": -0.1,
        "Total Revenue": 1,
        "Gross Profit": 0,
        "Operating Income": -3,
        "EBIT": -2,
        "Net Income": -3
    },
    "2017-03-31": {
        "Diluted EPS": -0.1,
        "Total Revenue": 1,
        "Gross Profit": 0,
        "Operating Income": -4,
        "EBIT": -3,
        "Net Income": -4
    },
    "2016-12-31": {
        "Diluted EPS": -0.2,
        "Total Revenue": 0,
        "Gross Profit": 0,
        "Operating Income": -4,
        "EBIT": -3,
        "Net Income": -4
    },
    "2016-09-30": {
        "Diluted EPS": -0.1,
        "Total Revenue": 1,
        "Gross Profit": 1,
        "Operating Income": -3,
        "EBIT": -3,
        "Net Income": -3
    },
    "2016-06-30": {
        "Diluted EPS": -0.2,
        "Total Revenue": 1,
        "Gross Profit": 0,
        "Operating Income": -3,
        "EBIT": -3,
        "Net Income": -3
    },
    "2016-03-31": {
        "Diluted EPS": -0.1,
        "Total Revenue": NaN,
        "Gross Profit": NaN,
        "Operating Income": -3,
        "EBIT": -3,
        "Net Income": -3
    },
    "2015-12-31": {
        "Diluted EPS": 0.0,
        "Total Revenue": NaN,
        "Gross Profit": NaN,
        "Operating Income": NaN,
        "EBIT": NaN,
        "Net Income": NaN
    },
    "2023-06-30": {
        "Tax Effect Of Unusual Items": NaN,
        "Tax Rate For Calcs": NaN,
        "Normalized EBITDA": NaN,
        "Total Unusual Items": NaN,
        "Total Unusual Items Excluding Goodwill": NaN,
        "Net Income From Continuing Operation Net Minority Interest": NaN,
        "Reconciled Depreciation": NaN,
        "EBITDA": NaN,
        "EBIT": NaN,
        "Net Interest Income": NaN,
        "Interest Expense": NaN,
        "Normalized Income": NaN,
        "Net Income From Continuing And Discontinued Operation": NaN,
        "Total Expenses": NaN,
        "Rent Expense Supplemental": NaN,
        "Total Operating Income As Reported": -4432863.0,
        "Diluted Average Shares": 40025377.0,
        "Basic Average Shares": 40025377.0,
        "Diluted EPS": -0.11,
        "Basic EPS": -0.11,
        "Diluted NI Availto Com Stockholders": NaN,
        "Net Income Common Stockholders": NaN,
        "Net Income": NaN,
        "Net Income Including Noncontrolling Interests": NaN,
        "Net Income Continuous Operations": NaN,
        "Pretax Income": NaN,
        "Other Income Expense": NaN,
        "Other Non Operating Income Expenses": NaN,
        "Earnings From Equity Interest": 0.0,
        "Gain On Sale Of Security": NaN,
        "Net Non Operating Interest Income Expense": NaN,
        "Interest Expense Non Operating": NaN,
        "Operating Income": NaN,
        "Operating Expense": NaN,
        "Depreciation Amortization Depletion Income Statement": NaN,
        "Depreciation And Amortization In Income Statement": NaN,
        "Research And Development": NaN,
        "Selling General And Administration": NaN,
        "General And Administrative Expense": NaN,
        "Other Gand A": NaN,
        "Rent And Landing Fees": NaN,
        "Salaries And Wages": NaN,
        "Total Revenue": NaN,
        "Operating Revenue": NaN
    },
    "2023-09-30": {
        "Tax Effect Of Unusual Items": 0.0,
        "Tax Rate For Calcs": 0.0,
        "Normalized EBITDA": -4593067.0,
        "Total Unusual Items": NaN,
        "Total Unusual Items Excluding Goodwill": NaN,
        "Net Income From Continuing Operation Net Minority Interest": -5136441.0,
        "Reconciled Depreciation": 508483.0,
        "EBITDA": -4593067.0,
        "EBIT": -5101551.0,
        "Net Interest Income": -34890.0,
        "Interest Expense": 34890.0,
        "Normalized Income": -5136441.0,
        "Net Income From Continuing And Discontinued Operation": -5136441.0,
        "Total Expenses": 5146999.0,
        "Rent Expense Supplemental": 42274.0,
        "Total Operating Income As Reported": -5146999.0,
        "Diluted Average Shares": 40565912.0,
        "Basic Average Shares": 40565912.0,
        "Diluted EPS": -0.13,
        "Basic EPS": -0.13,
        "Diluted NI Availto Com Stockholders": -5136441.0,
        "Net Income Common Stockholders": -5136441.0,
        "Net Income": -5136441.0,
        "Net Income Including Noncontrolling Interests": -5136441.0,
        "Net Income Continuous Operations": -5136441.0,
        "Pretax Income": -5136441.0,
        "Other Income Expense": 45448.0,
        "Other Non Operating Income Expenses": 45448.0,
        "Earnings From Equity Interest": 0.0,
        "Gain On Sale Of Security": NaN,
        "Net Non Operating Interest Income Expense": -34890.0,
        "Interest Expense Non Operating": 34890.0,
        "Operating Income": -5146999.0,
        "Operating Expense": 5146999.0,
        "Depreciation Amortization Depletion Income Statement": 508484.0,
        "Depreciation And Amortization In Income Statement": 508484.0,
        "Research And Development": 2449800.0,
        "Selling General And Administration": 2188715.0,
        "General And Administrative Expense": 2188715.0,
        "Other Gand A": 661088.0,
        "Rent And Landing Fees": 42274.0,
        "Salaries And Wages": 1485353.0,
        "Total Revenue": 0.0,
        "Operating Revenue": 0.0
    },
    "2023-12-31": {
        "Tax Effect Of Unusual Items": 0.0,
        "Tax Rate For Calcs": 0.0,
        "Normalized EBITDA": -4951576.0,
        "Total Unusual Items": NaN,
        "Total Unusual Items Excluding Goodwill": NaN,
        "Net Income From Continuing Operation Net Minority Interest": -5471014.0,
        "Reconciled Depreciation": 505891.0,
        "EBITDA": -4951576.0,
        "EBIT": -5457467.0,
        "Net Interest Income": -13547.0,
        "Interest Expense": 13547.0,
        "Normalized Income": -5471014.0,
        "Net Income From Continuing And Discontinued Operation": -5471014.0,
        "Total Expenses": 5594200.0,
        "Rent Expense Supplemental": 11345.0,
        "Total Operating Income As Reported": NaN,
        "Diluted Average Shares": NaN,
        "Basic Average Shares": NaN,
        "Diluted EPS": NaN,
        "Basic EPS": NaN,
        "Diluted NI Availto Com Stockholders": -5471014.0,
        "Net Income Common Stockholders": -5471014.0,
        "Net Income": -5471014.0,
        "Net Income Including Noncontrolling Interests": -5471014.0,
        "Net Income Continuous Operations": -5471014.0,
        "Pretax Income": -5471014.0,
        "Other Income Expense": 29182.0,
        "Other Non Operating Income Expenses": 54047.0,
        "Earnings From Equity Interest": 0.0,
        "Gain On Sale Of Security": NaN,
        "Net Non Operating Interest Income Expense": -13547.0,
        "Interest Expense Non Operating": 13547.0,
        "Operating Income": -5486649.0,
        "Operating Expense": 5594200.0,
        "Depreciation Amortization Depletion Income Statement": 505869.0,
        "Depreciation And Amortization In Income Statement": 505869.0,
        "Research And Development": 2572067.0,
        "Selling General And Administration": 2516264.0,
        "General And Administrative Expense": 2516264.0,
        "Other Gand A": 1208356.0,
        "Rent And Landing Fees": 11345.0,
        "Salaries And Wages": 1296563.0,
        "Total Revenue": 107551.0,
        "Operating Revenue": 107551.0
    },
    "2024-03-31": {
        "Tax Effect Of Unusual Items": 0.0,
        "Tax Rate For Calcs": 0.0,
        "Normalized EBITDA": -4557341.0,
        "Total Unusual Items": -629824.0,
        "Total Unusual Items Excluding Goodwill": -629824.0,
        "Net Income From Continuing Operation Net Minority Interest": -5716178.0,
        "Reconciled Depreciation": 509203.0,
        "EBITDA": -5187165.0,
        "EBIT": -5696425.0,
        "Net Interest Income": -19753.0,
        "Interest Expense": 19753.0,
        "Normalized Income": -5086354.0,
        "Net Income From Continuing And Discontinued Operation": -5716178.0,
        "Total Expenses": 5127869.0,
        "Rent Expense Supplemental": 27688.0,
        "Total Operating Income As Reported": -5119159.0,
        "Diluted Average Shares": 46551582.0,
        "Basic Average Shares": 46551582.0,
        "Diluted EPS": -0.12,
        "Basic EPS": -0.12,
        "Diluted NI Availto Com Stockholders": -5716178.0,
        "Net Income Common Stockholders": -5716178.0,
        "Net Income": -5716178.0,
        "Net Income Including Noncontrolling Interests": -5716178.0,
        "Net Income Continuous Operations": -5716178.0,
        "Pretax Income": -5716178.0,
        "Other Income Expense": -577266.0,
        "Other Non Operating Income Expenses": 52558.0,
        "Earnings From Equity Interest": NaN,
        "Gain On Sale Of Security": -629824.0,
        "Net Non Operating Interest Income Expense": -19753.0,
        "Interest Expense Non Operating": 19753.0,
        "Operating Income": -5119159.0,
        "Operating Expense": 5127869.0,
        "Depreciation Amortization Depletion Income Statement": 509260.0,
        "Depreciation And Amortization In Income Statement": 509260.0,
        "Research And Development": 2290316.0,
        "Selling General And Administration": 2328293.0,
        "General And Administrative Expense": 2328293.0,
        "Other Gand A": 952857.0,
        "Rent And Landing Fees": 27688.0,
        "Salaries And Wages": 1347748.0,
        "Total Revenue": 8710.0,
        "Operating Revenue": 8710.0
    },
    "2024-06-30": {
        "Tax Effect Of Unusual Items": 0.0,
        "Tax Rate For Calcs": 0.0,
        "Normalized EBITDA": -6072519.0,
        "Total Unusual Items": -1376761.0,
        "Total Unusual Items Excluding Goodwill": -1376761.0,
        "Net Income From Continuing Operation Net Minority Interest": -7979869.0,
        "Reconciled Depreciation": 509756.0,
        "EBITDA": -7449280.0,
        "EBIT": -7959036.0,
        "Net Interest Income": -20833.0,
        "Interest Expense": 20833.0,
        "Normalized Income": -6603108.0,
        "Net Income From Continuing And Discontinued Operation": -7979869.0,
        "Total Expenses": 6757186.0,
        "Rent Expense Supplemental": 45015.0,
        "Total Operating Income As Reported": -6757186.0,
        "Diluted Average Shares": 56392012.0,
        "Basic Average Shares": 56392012.0,
        "Diluted EPS": -0.14,
        "Basic EPS": -0.14,
        "Diluted NI Availto Com Stockholders": -7979869.0,
        "Net Income Common Stockholders": -7979869.0,
        "Net Income": -7979869.0,
        "Net Income Including Noncontrolling Interests": -7979869.0,
        "Net Income Continuous Operations": -7979869.0,
        "Pretax Income": -7979869.0,
        "Other Income Expense": -1201850.0,
        "Other Non Operating Income Expenses": 174911.0,
        "Earnings From Equity Interest": NaN,
        "Gain On Sale Of Security": -1376761.0,
        "Net Non Operating Interest Income Expense": -20833.0,
        "Interest Expense Non Operating": 20833.0,
        "Operating Income": -6757186.0,
        "Operating Expense": 6757186.0,
        "Depreciation Amortization Depletion Income Statement": 509699.0,
        "Depreciation And Amortization In Income Statement": 509699.0,
        "Research And Development": 2648498.0,
        "Selling General And Administration": 3598989.0,
        "General And Administrative Expense": 3598989.0,
        "Other Gand A": 1712757.0,
        "Rent And Landing Fees": 45015.0,
        "Salaries And Wages": 1841217.0,
        "Total Revenue": 0.0,
        "Operating Revenue": 0.0
    },
    "2024-09-30": {
        "Tax Effect Of Unusual Items": 0.0,
        "Tax Rate For Calcs": 0.0,
        "Normalized EBITDA": -6004264.0,
        "Total Unusual Items": -6179836.0,
        "Total Unusual Items Excluding Goodwill": -6179836.0,
        "Net Income From Continuing Operation Net Minority Interest": -12740537.0,
        "Reconciled Depreciation": 525955.0,
        "EBITDA": -12184100.0,
        "EBIT": -12710055.0,
        "Net Interest Income": -30482.0,
        "Interest Expense": 30482.0,
        "Normalized Income": -6560701.0,
        "Net Income From Continuing And Discontinued Operation": -12740537.0,
        "Total Expenses": 6750241.0,
        "Rent Expense Supplemental": 25352.0,
        "Total Operating Income As Reported": -6746556.0,
        "Diluted Average Shares": 65175436.0,
        "Basic Average Shares": 65175436.0,
        "Diluted EPS": -0.2,
        "Basic EPS": -0.2,
        "Diluted NI Availto Com Stockholders": -12740537.0,
        "Net Income Common Stockholders": -12740537.0,
        "Net Income": -12740537.0,
        "Net Income Including Noncontrolling Interests": -12740537.0,
        "Net Income Continuous Operations": -12740537.0,
        "Pretax Income": -12740537.0,
        "Other Income Expense": -5963499.0,
        "Other Non Operating Income Expenses": 216337.0,
        "Earnings From Equity Interest": 0.0,
        "Gain On Sale Of Security": -6179836.0,
        "Net Non Operating Interest Income Expense": -30482.0,
        "Interest Expense Non Operating": 30482.0,
        "Operating Income": -6746556.0,
        "Operating Expense": 6750241.0,
        "Depreciation Amortization Depletion Income Statement": 525955.0,
        "Depreciation And Amortization In Income Statement": 525955.0,
        "Research And Development": 2380093.0,
        "Selling General And Administration": 3844193.0,
        "General And Administrative Expense": 3844193.0,
        "Other Gand A": 2240359.0,
        "Rent And Landing Fees": 25352.0,
        "Salaries And Wages": 1578482.0,
        "Total Revenue": 3685.0,
        "Operating Revenue": 3685.0
    }
}