{
    "2023-03-31": {
        "Tax Effect Of Unusual Items": 0.0,
        "Tax Rate For Calcs": 0.0,
        "Normalized EBITDA": -919000.0,
        "Net Income From Continuing Operation Net Minority Interest": -1113000.0,
        "Reconciled Depreciation": 116000.0,
        "Reconciled Cost Of Revenue": 3435000.0,
        "EBITDA": -919000.0,
        "EBIT": -1035000.0,
        "Net Interest Income": -78000.0,
        "Interest Expense": 78000.0,
        "Normalized Income": -1113000.0,
        "Net Income From Continuing And Discontinued Operation": -1113000.0,
        "Total Expenses": 5225000.0,
        "Total Operating Income As Reported": -1035000.0,
        "Diluted Average Shares": 12949550.0,
        "Basic Average Shares": 12949550.0,
        "Diluted EPS": -0.09,
        "Basic EPS": -0.09,
        "Diluted NI Availto Com Stockholders": -1113000.0,
        "Net Income Common Stockholders": -1113000.0,
        "Net Income": -1113000.0,
        "Net Income Including Noncontrolling Interests": -1113000.0,
        "Net Income Continuous Operations": -1113000.0,
        "Pretax Income": -1113000.0,
        "Net Non Operating Interest Income Expense": -78000.0,
        "Interest Expense Non Operating": 78000.0,
        "Operating Income": -1035000.0,
        "Operating Expense": 1790000.0,
        "Research And Development": 346000.0,
        "Selling General And Administration": 1444000.0,
        "Selling And Marketing Expense": 333000.0,
        "General And Administrative Expense": 1111000.0,
        "Other Gand A": 1111000.0,
        "Gross Profit": 755000.0,
        "Cost Of Revenue": 3435000.0,
        "Total Revenue": 4190000.0,
        "Operating Revenue": 4190000.0
    },
    "2022-12-31": {
        "Tax Effect Of Unusual Items": 0.0,
        "Tax Rate For Calcs": 0.0,
        "Normalized EBITDA": -1205000.0,
        "Net Income From Continuing Operation Net Minority Interest": -1344000.0,
        "Reconciled Depreciation": 120000.0,
        "Reconciled Cost Of Revenue": 5960000.0,
        "EBITDA": -1205000.0,
        "EBIT": -1325000.0,
        "Net Interest Income": -19000.0,
        "Interest Expense": 19000.0,
        "Normalized Income": -1344000.0,
        "Net Income From Continuing And Discontinued Operation": -1344000.0,
        "Total Expenses": 7691000.0,
        "Total Operating Income As Reported": -1325000.0,
        "Diluted Average Shares": NaN,
        "Basic Average Shares": NaN,
        "Diluted EPS": NaN,
        "Basic EPS": NaN,
        "Diluted NI Availto Com Stockholders": -1344000.0,
        "Net Income Common Stockholders": -1344000.0,
        "Net Income": -1344000.0,
        "Net Income Including Noncontrolling Interests": -1344000.0,
        "Net Income Continuous Operations": -1344000.0,
        "Pretax Income": -1344000.0,
        "Other Income Expense": 0.0,
        "Other Non Operating Income Expenses": 0.0,
        "Net Non Operating Interest Income Expense": -19000.0,
        "Interest Expense Non Operating": 19000.0,
        "Operating Income": -1325000.0,
        "Operating Expense": 1731000.0,
        "Research And Development": 315000.0,
        "Selling General And Administration": 1416000.0,
        "Selling And Marketing Expense": 337000.0,
        "General And Administrative Expense": 1079000.0,
        "Other Gand A": 1079000.0,
        "Gross Profit": 406000.0,
        "Cost Of Revenue": 5960000.0,
        "Total Revenue": 6366000.0,
        "Operating Revenue": 6366000.0
    },
    "2022-09-30": {
        "Tax Effect Of Unusual Items": 0.0,
        "Tax Rate For Calcs": 0.0,
        "Normalized EBITDA": -2246000.0,
        "Net Income From Continuing Operation Net Minority Interest": -2381000.0,
        "Reconciled Depreciation": 123000.0,
        "Reconciled Cost Of Revenue": 1954000.0,
        "EBITDA": -2246000.0,
        "EBIT": -2369000.0,
        "Net Interest Income": -12000.0,
        "Interest Expense": 12000.0,
        "Normalized Income": -2381000.0,
        "Net Income From Continuing And Discontinued Operation": -2381000.0,
        "Total Expenses": 4083000.0,
        "Total Operating Income As Reported": -2376000.0,
        "Diluted Average Shares": 12848466.0,
        "Basic Average Shares": 12848466.0,
        "Diluted EPS": -0.19,
        "Basic EPS": -0.19,
        "Diluted NI Availto Com Stockholders": -2381000.0,
        "Net Income Common Stockholders": -2381000.0,
        "Net Income": -2381000.0,
        "Net Income Including Noncontrolling Interests": -2381000.0,
        "Net Income Continuous Operations": -2381000.0,
        "Pretax Income": -2381000.0,
        "Other Income Expense": 7000.0,
        "Other Non Operating Income Expenses": 7000.0,
        "Net Non Operating Interest Income Expense": -12000.0,
        "Interest Expense Non Operating": 12000.0,
        "Operating Income": -2376000.0,
        "Operating Expense": 2129000.0,
        "Research And Development": 319000.0,
        "Selling General And Administration": 1810000.0,
        "Selling And Marketing Expense": 328000.0,
        "General And Administrative Expense": 1482000.0,
        "Other Gand A": 1482000.0,
        "Gross Profit": -247000.0,
        "Cost Of Revenue": 1954000.0,
        "Total Revenue": 1707000.0,
        "Operating Revenue": 1707000.0
    },
    "2022-06-30": {
        "Tax Effect Of Unusual Items": 0.0,
        "Tax Rate For Calcs": 0.0,
        "Normalized EBITDA": -725000.0,
        "Net Income From Continuing Operation Net Minority Interest": -739000.0,
        "Reconciled Depreciation": -37000.0,
        "Reconciled Cost Of Revenue": 3213000.0,
        "EBITDA": -725000.0,
        "EBIT": -725000.0,
        "Net Interest Income": -14000.0,
        "Interest Expense": 14000.0,
        "Normalized Income": -739000.0,
        "Net Income From Continuing And Discontinued Operation": -739000.0,
        "Total Expenses": 4999000.0,
        "Total Operating Income As Reported": -725000.0,
        "Diluted Average Shares": 12788203.0,
        "Basic Average Shares": 12788203.0,
        "Diluted EPS": -0.06,
        "Basic EPS": -0.06,
        "Diluted NI Availto Com Stockholders": -739000.0,
        "Net Income Common Stockholders": -739000.0,
        "Net Income": -739000.0,
        "Net Income Including Noncontrolling Interests": -739000.0,
        "Net Income Continuous Operations": -739000.0,
        "Pretax Income": -739000.0,
        "Other Income Expense": NaN,
        "Other Non Operating Income Expenses": NaN,
        "Net Non Operating Interest Income Expense": -14000.0,
        "Interest Expense Non Operating": 14000.0,
        "Operating Income": -725000.0,
        "Operating Expense": 1786000.0,
        "Research And Development": 350000.0,
        "Selling General And Administration": 1436000.0,
        "Selling And Marketing Expense": 400000.0,
        "General And Administrative Expense": 1036000.0,
        "Other Gand A": 1036000.0,
        "Gross Profit": 1061000.0,
        "Cost Of Revenue": 3213000.0,
        "Total Revenue": 4274000.0,
        "Operating Revenue": 4274000.0
    },
    "2022-03-31": {
        "Diluted EPS": -0.1,
        "Total Revenue": 4,
        "Gross Profit": 1,
        "Operating Income": -1,
        "EBIT": -1,
        "Net Income": -1
    },
    "2021-12-31": {
        "Diluted EPS": 0.04,
        "Total Revenue": 5,
        "Gross Profit": 2,
        "Operating Income": 0,
        "EBIT": 1,
        "Net Income": 0
    },
    "2021-09-30": {
        "Diluted EPS": 0.07,
        "Total Revenue": 4,
        "Gross Profit": 1,
        "Operating Income": -1,
        "EBIT": -1,
        "Net Income": 1
    },
    "2021-06-30": {
        "Diluted EPS": -0.07,
        "Total Revenue": 5,
        "Gross Profit": 1,
        "Operating Income": -1,
        "EBIT": -1,
        "Net Income": -1
    },
    "2021-03-31": {
        "Diluted EPS": -0.15,
        "Total Revenue": 3,
        "Gross Profit": 0,
        "Operating Income": -2,
        "EBIT": -2,
        "Net Income": -2
    },
    "2020-12-31": {
        "Diluted EPS": -0.34,
        "Total Revenue": 3,
        "Gross Profit": -2,
        "Operating Income": -4,
        "EBIT": -4,
        "Net Income": -4
    },
    "2020-09-30": {
        "Diluted EPS": -0.42,
        "Total Revenue": 3,
        "Gross Profit": -3,
        "Operating Income": -5,
        "EBIT": -4,
        "Net Income": -5
    },
    "2020-06-30": {
        "Diluted EPS": -0.23,
        "Total Revenue": 1,
        "Gross Profit": -1,
        "Operating Income": -2,
        "EBIT": -2,
        "Net Income": -2
    },
    "2020-03-31": {
        "Diluted EPS": -0.02,
        "Total Revenue": 3,
        "Gross Profit": 0,
        "Operating Income": -2,
        "EBIT": -2,
        "Net Income": 0
    },
    "2019-12-31": {
        "Diluted EPS": -0.47,
        "Total Revenue": 1,
        "Gross Profit": -3,
        "Operating Income": -5,
        "EBIT": -4,
        "Net Income": -5
    },
    "2019-09-30": {
        "Diluted EPS": 0.0,
        "Total Revenue": 7,
        "Gross Profit": 2,
        "Operating Income": 0,
        "EBIT": 0,
        "Net Income": 0
    },
    "2019-06-30": {
        "Diluted EPS": 0.06,
        "Total Revenue": 9,
        "Gross Profit": 3,
        "Operating Income": 1,
        "EBIT": 1,
        "Net Income": 1
    },
    "2019-03-31": {
        "Diluted EPS": 0.01,
        "Total Revenue": 8,
        "Gross Profit": 2,
        "Operating Income": 0,
        "EBIT": 0,
        "Net Income": 0
    },
    "2018-12-31": {
        "Diluted EPS": 0.0,
        "Total Revenue": 8,
        "Gross Profit": 2,
        "Operating Income": 0,
        "EBIT": 0,
        "Net Income": 0
    },
    "2018-09-30": {
        "Diluted EPS": -0.07,
        "Total Revenue": 5,
        "Gross Profit": 2,
        "Operating Income": -1,
        "EBIT": -1,
        "Net Income": -1
    },
    "2018-06-30": {
        "Diluted EPS": 0.02,
        "Total Revenue": 6,
        "Gross Profit": 2,
        "Operating Income": 0,
        "EBIT": 0,
        "Net Income": 0
    },
    "2018-03-31": {
        "Diluted EPS": -0.03,
        "Total Revenue": 5,
        "Gross Profit": 1,
        "Operating Income": 0,
        "EBIT": 0,
        "Net Income": 0
    },
    "2017-12-31": {
        "Diluted EPS": -0.06,
        "Total Revenue": 4,
        "Gross Profit": 1,
        "Operating Income": 0,
        "EBIT": 0,
        "Net Income": -1
    },
    "2017-09-30": {
        "Diluted EPS": -0.04,
        "Total Revenue": 3,
        "Gross Profit": 1,
        "Operating Income": -1,
        "EBIT": -1,
        "Net Income": 0
    },
    "2017-06-30": {
        "Diluted EPS": -0.03,
        "Total Revenue": 2,
        "Gross Profit": 1,
        "Operating Income": -1,
        "EBIT": -1,
        "Net Income": 0
    },
    "2017-03-31": {
        "Diluted EPS": 0.06,
        "Total Revenue": 5,
        "Gross Profit": 2,
        "Operating Income": 1,
        "EBIT": 1,
        "Net Income": 1
    },
    "2016-12-31": {
        "Diluted EPS": 0.21,
        "Total Revenue": 7,
        "Gross Profit": 4,
        "Operating Income": 3,
        "EBIT": 3,
        "Net Income": 2
    },
    "2016-09-30": {
        "Diluted EPS": 0.24,
        "Total Revenue": 7,
        "Gross Profit": 3,
        "Operating Income": 3,
        "EBIT": 3,
        "Net Income": 2
    },
    "2016-06-30": {
        "Diluted EPS": 0.05,
        "Total Revenue": 5,
        "Gross Profit": 1,
        "Operating Income": 1,
        "EBIT": 1,
        "Net Income": 0
    },
    "2016-03-31": {
        "Diluted EPS": 0.08,
        "Total Revenue": 3,
        "Gross Profit": 1,
        "Operating Income": 1,
        "EBIT": 1,
        "Net Income": 1
    },
    "2015-12-31": {
        "Diluted EPS": 0.0,
        "Total Revenue": NaN,
        "Gross Profit": NaN,
        "Operating Income": NaN,
        "EBIT": NaN,
        "Net Income": NaN
    },
    "2015-09-30": {
        "Diluted EPS": 0.0,
        "Total Revenue": NaN,
        "Gross Profit": NaN,
        "Operating Income": NaN,
        "EBIT": NaN,
        "Net Income": NaN
    },
    "2014-12-31": {
        "Diluted EPS": 0.0,
        "Total Revenue": NaN,
        "Gross Profit": NaN,
        "Operating Income": NaN,
        "EBIT": NaN,
        "Net Income": NaN
    },
    "2023-06-30": {
        "Tax Effect Of Unusual Items": 0.0,
        "Tax Rate For Calcs": 0.0,
        "Normalized EBITDA": -200000.0,
        "Net Income From Continuing Operation Net Minority Interest": -436000.0,
        "Reconciled Depreciation": 110000.0,
        "Reconciled Cost Of Revenue": 4112000.0,
        "EBITDA": -200000.0,
        "EBIT": -310000.0,
        "Net Interest Income": -126000.0,
        "Interest Expense": 126000.0,
        "Normalized Income": -436000.0,
        "Net Income From Continuing And Discontinued Operation": -436000.0,
        "Total Expenses": 5897000.0,
        "Total Operating Income As Reported": -310000.0,
        "Diluted Average Shares": 12949550.0,
        "Basic Average Shares": 12949550.0,
        "Diluted EPS": -0.03,
        "Basic EPS": -0.03,
        "Diluted NI Availto Com Stockholders": -436000.0,
        "Net Income Common Stockholders": -436000.0,
        "Net Income": -436000.0,
        "Net Income Including Noncontrolling Interests": -436000.0,
        "Net Income Continuous Operations": -436000.0,
        "Pretax Income": -436000.0,
        "Net Non Operating Interest Income Expense": -126000.0,
        "Interest Expense Non Operating": 126000.0,
        "Operating Income": -310000.0,
        "Operating Expense": 1785000.0,
        "Research And Development": 338000.0,
        "Selling General And Administration": 1447000.0,
        "Selling And Marketing Expense": 310000.0,
        "General And Administrative Expense": 1137000.0,
        "Other Gand A": 1137000.0,
        "Gross Profit": 1475000.0,
        "Cost Of Revenue": 4112000.0,
        "Total Revenue": 5587000.0,
        "Operating Revenue": 5587000.0
    },
    "2023-09-30": {
        "Tax Effect Of Unusual Items": 0.0,
        "Tax Rate For Calcs": 0.0,
        "Normalized EBITDA": -1590000.0,
        "Net Income From Continuing Operation Net Minority Interest": -1844000.0,
        "Reconciled Depreciation": 83000.0,
        "Reconciled Cost Of Revenue": 2019000.0,
        "EBITDA": -1590000.0,
        "EBIT": -1673000.0,
        "Net Interest Income": -171000.0,
        "Interest Expense": 171000.0,
        "Normalized Income": -1844000.0,
        "Net Income From Continuing And Discontinued Operation": -1844000.0,
        "Total Expenses": 3584000.0,
        "Total Operating Income As Reported": -1673000.0,
        "Diluted Average Shares": 12949550.0,
        "Basic Average Shares": 12949550.0,
        "Diluted EPS": -0.14,
        "Basic EPS": -0.14,
        "Diluted NI Availto Com Stockholders": -1844000.0,
        "Net Income Common Stockholders": -1844000.0,
        "Net Income": -1844000.0,
        "Net Income Including Noncontrolling Interests": -1844000.0,
        "Net Income Continuous Operations": -1844000.0,
        "Pretax Income": -1844000.0,
        "Net Non Operating Interest Income Expense": -171000.0,
        "Interest Expense Non Operating": 171000.0,
        "Operating Income": -1673000.0,
        "Operating Expense": 1565000.0,
        "Research And Development": 299000.0,
        "Selling General And Administration": 1266000.0,
        "Selling And Marketing Expense": 274000.0,
        "General And Administrative Expense": 992000.0,
        "Other Gand A": 992000.0,
        "Gross Profit": -108000.0,
        "Cost Of Revenue": 2019000.0,
        "Total Revenue": 1911000.0,
        "Operating Revenue": 1911000.0
    },
    "2023-12-31": {
        "Tax Effect Of Unusual Items": 0.0,
        "Tax Rate For Calcs": 0.0,
        "Normalized EBITDA": -2893000.0,
        "Net Income From Continuing Operation Net Minority Interest": -3155000.0,
        "Reconciled Depreciation": 78000.0,
        "Reconciled Cost Of Revenue": 5032000.0,
        "EBITDA": -2893000.0,
        "EBIT": -2971000.0,
        "Net Interest Income": -184000.0,
        "Interest Expense": 184000.0,
        "Normalized Income": -3155000.0,
        "Net Income From Continuing And Discontinued Operation": -3155000.0,
        "Total Expenses": 6577000.0,
        "Total Operating Income As Reported": -2972000.0,
        "Diluted Average Shares": NaN,
        "Basic Average Shares": NaN,
        "Diluted EPS": NaN,
        "Basic EPS": NaN,
        "Diluted NI Availto Com Stockholders": -3155000.0,
        "Net Income Common Stockholders": -3155000.0,
        "Net Income": -3155000.0,
        "Net Income Including Noncontrolling Interests": -3155000.0,
        "Net Income Continuous Operations": -3155000.0,
        "Pretax Income": -3155000.0,
        "Net Non Operating Interest Income Expense": -184000.0,
        "Interest Expense Non Operating": 184000.0,
        "Operating Income": -2972000.0,
        "Operating Expense": 1545000.0,
        "Research And Development": 239000.0,
        "Selling General And Administration": 1306000.0,
        "Selling And Marketing Expense": 255000.0,
        "General And Administrative Expense": 1051000.0,
        "Other Gand A": 1051000.0,
        "Gross Profit": -1427000.0,
        "Cost Of Revenue": 5032000.0,
        "Total Revenue": 3605000.0,
        "Operating Revenue": 3605000.0
    },
    "2024-03-31": {
        "Tax Effect Of Unusual Items": 0.0,
        "Tax Rate For Calcs": 0.0,
        "Normalized EBITDA": -1913000.0,
        "Net Income From Continuing Operation Net Minority Interest": -2142000.0,
        "Reconciled Depreciation": 66000.0,
        "Reconciled Cost Of Revenue": 2177000.0,
        "EBITDA": -1913000.0,
        "EBIT": -1979000.0,
        "Net Interest Income": -163000.0,
        "Interest Expense": 163000.0,
        "Normalized Income": -2142000.0,
        "Net Income From Continuing And Discontinued Operation": -2142000.0,
        "Total Expenses": 3754000.0,
        "Total Operating Income As Reported": -1979000.0,
        "Diluted Average Shares": 17561612.0,
        "Basic Average Shares": 17561612.0,
        "Diluted EPS": -0.12,
        "Basic EPS": -0.12,
        "Diluted NI Availto Com Stockholders": -2142000.0,
        "Net Income Common Stockholders": -2142000.0,
        "Net Income": -2142000.0,
        "Net Income Including Noncontrolling Interests": -2142000.0,
        "Net Income Continuous Operations": -2142000.0,
        "Pretax Income": -2142000.0,
        "Net Non Operating Interest Income Expense": -163000.0,
        "Interest Expense Non Operating": 163000.0,
        "Operating Income": -1979000.0,
        "Operating Expense": 1577000.0,
        "Research And Development": 220000.0,
        "Selling General And Administration": 1357000.0,
        "Selling And Marketing Expense": 231000.0,
        "General And Administrative Expense": 1126000.0,
        "Other Gand A": 1126000.0,
        "Gross Profit": -402000.0,
        "Cost Of Revenue": 2177000.0,
        "Total Revenue": 1775000.0,
        "Operating Revenue": 1775000.0
    }
}