{
    "2023-03-31": {
        "Tax Effect Of Unusual Items": NaN,
        "Tax Rate For Calcs": NaN,
        "Normalized EBITDA": NaN,
        "Total Unusual Items": NaN,
        "Total Unusual Items Excluding Goodwill": NaN,
        "Net Income From Continuing Operation Net Minority Interest": NaN,
        "Reconciled Depreciation": NaN,
        "EBITDA": NaN,
        "EBIT": NaN,
        "Net Interest Income": NaN,
        "Interest Expense": NaN,
        "Interest Income": NaN,
        "Normalized Income": NaN,
        "Net Income From Continuing And Discontinued Operation": NaN,
        "Total Expenses": NaN,
        "Total Operating Income As Reported": NaN,
        "Diluted Average Shares": 19838608.0,
        "Basic Average Shares": 19838608.0,
        "Diluted EPS": -0.25,
        "Basic EPS": -0.25,
        "Diluted NI Availto Com Stockholders": NaN,
        "Net Income Common Stockholders": NaN,
        "Net Income": NaN,
        "Minority Interests": NaN,
        "Net Income Including Noncontrolling Interests": NaN,
        "Net Income Continuous Operations": NaN,
        "Pretax Income": NaN,
        "Other Income Expense": NaN,
        "Special Income Charges": NaN,
        "Write Off": NaN,
        "Gain On Sale Of Security": NaN,
        "Net Non Operating Interest Income Expense": NaN,
        "Interest Expense Non Operating": NaN,
        "Interest Income Non Operating": NaN,
        "Operating Income": NaN,
        "Operating Expense": NaN,
        "Research And Development": NaN,
        "Selling General And Administration": NaN,
        "Total Revenue": NaN,
        "Operating Revenue": NaN
    },
    "2022-12-31": {
        "Tax Effect Of Unusual Items": NaN,
        "Tax Rate For Calcs": NaN,
        "Normalized EBITDA": NaN,
        "Total Unusual Items": NaN,
        "Total Unusual Items Excluding Goodwill": NaN,
        "Net Income From Continuing Operation Net Minority Interest": NaN,
        "Reconciled Depreciation": NaN,
        "EBITDA": NaN,
        "EBIT": NaN,
        "Net Interest Income": NaN,
        "Interest Expense": NaN,
        "Interest Income": NaN,
        "Normalized Income": NaN,
        "Net Income From Continuing And Discontinued Operation": NaN,
        "Total Expenses": NaN,
        "Total Operating Income As Reported": NaN,
        "Diluted Average Shares": NaN,
        "Basic Average Shares": NaN,
        "Diluted EPS": NaN,
        "Basic EPS": NaN,
        "Diluted NI Availto Com Stockholders": NaN,
        "Net Income Common Stockholders": NaN,
        "Net Income": NaN,
        "Minority Interests": NaN,
        "Net Income Including Noncontrolling Interests": NaN,
        "Net Income Discontinuous Operations": 0.0,
        "Net Income Continuous Operations": NaN,
        "Pretax Income": NaN,
        "Other Income Expense": NaN,
        "Special Income Charges": NaN,
        "Write Off": NaN,
        "Gain On Sale Of Security": NaN,
        "Net Non Operating Interest Income Expense": NaN,
        "Interest Expense Non Operating": NaN,
        "Interest Income Non Operating": NaN,
        "Operating Income": NaN,
        "Operating Expense": NaN,
        "Research And Development": NaN,
        "Selling General And Administration": NaN,
        "Total Revenue": NaN,
        "Operating Revenue": NaN
    },
    "2022-09-30": {
        "Tax Effect Of Unusual Items": NaN,
        "Tax Rate For Calcs": NaN,
        "Normalized EBITDA": NaN,
        "Net Income From Continuing Operation Net Minority Interest": NaN,
        "Reconciled Depreciation": NaN,
        "EBITDA": NaN,
        "EBIT": NaN,
        "Net Interest Income": NaN,
        "Interest Expense": NaN,
        "Interest Income": NaN,
        "Normalized Income": NaN,
        "Net Income From Continuing And Discontinued Operation": NaN,
        "Total Expenses": NaN,
        "Total Operating Income As Reported": NaN,
        "Diluted Average Shares": NaN,
        "Basic Average Shares": NaN,
        "Diluted EPS": NaN,
        "Basic EPS": NaN,
        "Diluted NI Availto Com Stockholders": NaN,
        "Net Income Common Stockholders": NaN,
        "Net Income": NaN,
        "Minority Interests": NaN,
        "Net Income Including Noncontrolling Interests": NaN,
        "Net Income Discontinuous Operations": 0.0,
        "Net Income Continuous Operations": NaN,
        "Pretax Income": NaN,
        "Net Non Operating Interest Income Expense": NaN,
        "Interest Expense Non Operating": NaN,
        "Interest Income Non Operating": NaN,
        "Operating Income": NaN,
        "Operating Expense": NaN,
        "Research And Development": NaN,
        "Selling General And Administration": NaN,
        "Total Revenue": NaN,
        "Operating Revenue": NaN
    },
    "2022-06-30": {
        "Tax Effect Of Unusual Items": 0.0,
        "Tax Rate For Calcs": 0.0,
        "Normalized EBITDA": -3449000.0,
        "Net Income From Continuing Operation Net Minority Interest": -3536000.0,
        "Reconciled Depreciation": 52000.0,
        "EBITDA": -3449000.0,
        "EBIT": -3501000.0,
        "Net Interest Income": 38000.0,
        "Interest Expense": 51000.0,
        "Interest Income": 89000.0,
        "Normalized Income": -3536000.0,
        "Net Income From Continuing And Discontinued Operation": -3536000.0,
        "Total Expenses": 3590000.0,
        "Total Operating Income As Reported": 3590000.0,
        "Diluted Average Shares": 17981754.0,
        "Basic Average Shares": 17981754.0,
        "Diluted EPS": -0.2,
        "Basic EPS": -0.2,
        "Diluted NI Availto Com Stockholders": -3536000.0,
        "Net Income Common Stockholders": -3536000.0,
        "Net Income": -3536000.0,
        "Minority Interests": 16000.0,
        "Net Income Including Noncontrolling Interests": -3552000.0,
        "Net Income Discontinuous Operations": 0.0,
        "Net Income Continuous Operations": -3552000.0,
        "Pretax Income": -3552000.0,
        "Net Non Operating Interest Income Expense": 38000.0,
        "Interest Expense Non Operating": 51000.0,
        "Interest Income Non Operating": 89000.0,
        "Operating Income": -3590000.0,
        "Operating Expense": 3590000.0,
        "Research And Development": 2083000.0,
        "Selling General And Administration": 1507000.0,
        "Total Revenue": 0.0,
        "Operating Revenue": 0.0
    },
    "2022-03-31": {
        "Diluted EPS": -0.41,
        "Total Revenue": NaN,
        "Gross Profit": NaN,
        "Operating Income": -7,
        "EBIT": -7,
        "Net Income": -7
    },
    "2021-12-31": {
        "Diluted EPS": 1.65,
        "Total Revenue": NaN,
        "Gross Profit": NaN,
        "Operating Income": -5,
        "EBIT": -5,
        "Net Income": -5
    },
    "2021-09-30": {
        "Diluted EPS": -0.18,
        "Total Revenue": NaN,
        "Gross Profit": NaN,
        "Operating Income": -3,
        "EBIT": -3,
        "Net Income": -3
    },
    "2021-06-30": {
        "Diluted EPS": 0.0,
        "Total Revenue": NaN,
        "Gross Profit": NaN,
        "Operating Income": NaN,
        "Net Income": NaN
    },
    "2021-03-31": {
        "Diluted EPS": -0.38,
        "Total Revenue": NaN,
        "Gross Profit": NaN,
        "Operating Income": -7,
        "EBIT": -6,
        "Net Income": -7
    },
    "2020-12-31": {
        "Diluted EPS": 0.0,
        "Total Revenue": NaN,
        "Gross Profit": NaN,
        "Operating Income": NaN,
        "EBIT": NaN,
        "Net Income": NaN
    },
    "2020-06-30": {
        "Diluted EPS": 0.0,
        "Total Revenue": NaN,
        "Gross Profit": NaN,
        "Operating Income": NaN,
        "EBIT": NaN,
        "Net Income": NaN
    },
    "2019-12-31": {
        "Diluted EPS": 0.0,
        "Total Revenue": NaN,
        "Gross Profit": NaN,
        "Operating Income": NaN,
        "EBIT": NaN,
        "Net Income": NaN
    },
    "2019-06-30": {
        "Diluted EPS": 0.0,
        "Total Revenue": NaN,
        "Gross Profit": NaN,
        "Operating Income": NaN,
        "EBIT": NaN,
        "Net Income": NaN
    },
    "2018-12-31": {
        "Diluted EPS": 0.0,
        "Total Revenue": NaN,
        "Gross Profit": NaN,
        "Operating Income": NaN,
        "EBIT": NaN,
        "Net Income": NaN
    },
    "2018-06-30": {
        "Diluted EPS": 0.0,
        "Total Revenue": NaN,
        "Gross Profit": NaN,
        "Operating Income": NaN,
        "EBIT": NaN,
        "Net Income": NaN
    },
    "2017-12-31": {
        "Diluted EPS": 0.0,
        "Total Revenue": NaN,
        "Gross Profit": NaN,
        "Operating Income": NaN,
        "EBIT": NaN,
        "Net Income": NaN
    },
    "2017-06-30": {
        "Diluted EPS": 0.0,
        "Total Revenue": NaN,
        "Gross Profit": NaN,
        "Operating Income": NaN,
        "EBIT": NaN,
        "Net Income": NaN
    },
    "2016-12-31": {
        "Diluted EPS": 0.0,
        "Total Revenue": NaN,
        "Gross Profit": NaN,
        "Operating Income": NaN,
        "EBIT": NaN,
        "Net Income": NaN
    },
    "2015-12-31": {
        "Diluted EPS": 0.0,
        "Total Revenue": NaN,
        "Gross Profit": NaN,
        "Operating Income": NaN,
        "EBIT": NaN,
        "Net Income": NaN
    },
    "2014-12-31": {
        "Diluted EPS": 0.0,
        "Total Revenue": NaN,
        "Gross Profit": NaN,
        "Operating Income": NaN,
        "EBIT": NaN,
        "Net Income": NaN
    },
    "2013-12-31": {
        "Diluted EPS": 0.0,
        "Total Revenue": NaN,
        "Gross Profit": NaN,
        "Operating Income": NaN,
        "EBIT": NaN,
        "Net Income": NaN
    },
    "2023-06-30": {
        "Tax Effect Of Unusual Items": 0.0,
        "Tax Rate For Calcs": 0.0,
        "Normalized EBITDA": -4959000.0,
        "Total Unusual Items": 0.0,
        "Total Unusual Items Excluding Goodwill": 0.0,
        "Net Income From Continuing Operation Net Minority Interest": -5138000.0,
        "Reconciled Depreciation": 53000.0,
        "EBITDA": -4959000.0,
        "EBIT": -5012000.0,
        "Net Interest Income": -25000.0,
        "Interest Expense": 148000.0,
        "Interest Income": 123000.0,
        "Normalized Income": -5138000.0,
        "Net Income From Continuing And Discontinued Operation": -5138000.0,
        "Total Expenses": 5135000.0,
        "Total Operating Income As Reported": -5135000.0,
        "Diluted Average Shares": 21006218.0,
        "Basic Average Shares": 21006218.0,
        "Diluted EPS": -0.25,
        "Basic EPS": -0.25,
        "Diluted NI Availto Com Stockholders": -5138000.0,
        "Net Income Common Stockholders": -5138000.0,
        "Net Income": -5138000.0,
        "Minority Interests": 22000.0,
        "Net Income Including Noncontrolling Interests": -5160000.0,
        "Net Income Continuous Operations": -5160000.0,
        "Pretax Income": -5160000.0,
        "Other Income Expense": NaN,
        "Special Income Charges": 0.0,
        "Write Off": 0.0,
        "Gain On Sale Of Security": NaN,
        "Net Non Operating Interest Income Expense": -25000.0,
        "Interest Expense Non Operating": 148000.0,
        "Interest Income Non Operating": 123000.0,
        "Operating Income": -5135000.0,
        "Operating Expense": 5135000.0,
        "Research And Development": 3705000.0,
        "Selling General And Administration": 1430000.0,
        "Total Revenue": 0.0,
        "Operating Revenue": 0.0
    },
    "2023-09-30": {
        "Tax Effect Of Unusual Items": 0.0,
        "Tax Rate For Calcs": 0.0,
        "Normalized EBITDA": -4989000.0,
        "Total Unusual Items": NaN,
        "Total Unusual Items Excluding Goodwill": NaN,
        "Net Income From Continuing Operation Net Minority Interest": -5036000.0,
        "Reconciled Depreciation": 50000.0,
        "EBITDA": -4989000.0,
        "EBIT": -5039000.0,
        "Net Interest Income": 692000.0,
        "Interest Expense": 16000.0,
        "Interest Income": 708000.0,
        "Normalized Income": -5036000.0,
        "Net Income From Continuing And Discontinued Operation": -5036000.0,
        "Total Expenses": 5747000.0,
        "Total Operating Income As Reported": -5747000.0,
        "Diluted Average Shares": 21836454.0,
        "Basic Average Shares": 21836454.0,
        "Diluted EPS": -0.23,
        "Basic EPS": -0.23,
        "Diluted NI Availto Com Stockholders": -5036000.0,
        "Net Income Common Stockholders": -5036000.0,
        "Net Income": -5036000.0,
        "Minority Interests": 19000.0,
        "Net Income Including Noncontrolling Interests": -5055000.0,
        "Net Income Continuous Operations": -5055000.0,
        "Pretax Income": -5055000.0,
        "Other Income Expense": NaN,
        "Special Income Charges": NaN,
        "Write Off": NaN,
        "Gain On Sale Of Security": NaN,
        "Net Non Operating Interest Income Expense": 692000.0,
        "Interest Expense Non Operating": 16000.0,
        "Interest Income Non Operating": 708000.0,
        "Operating Income": -5747000.0,
        "Operating Expense": 5747000.0,
        "Research And Development": 4589000.0,
        "Selling General And Administration": 1158000.0,
        "Total Revenue": 0.0,
        "Operating Revenue": 0.0
    },
    "2023-12-31": {
        "Tax Effect Of Unusual Items": 0.0,
        "Tax Rate For Calcs": 0.0,
        "Normalized EBITDA": -4978000.0,
        "Total Unusual Items": NaN,
        "Total Unusual Items Excluding Goodwill": NaN,
        "Net Income From Continuing Operation Net Minority Interest": -4828000.0,
        "Reconciled Depreciation": 48000.0,
        "EBITDA": -4978000.0,
        "EBIT": -5026000.0,
        "Net Interest Income": -2593000.0,
        "Interest Expense": -167000.0,
        "Interest Income": -635000.0,
        "Normalized Income": -4828000.0,
        "Net Income From Continuing And Discontinued Operation": -4828000.0,
        "Total Expenses": 6267000.0,
        "Total Operating Income As Reported": -6267000.0,
        "Diluted Average Shares": NaN,
        "Basic Average Shares": NaN,
        "Diluted EPS": NaN,
        "Basic EPS": NaN,
        "Diluted NI Availto Com Stockholders": -4828000.0,
        "Net Income Common Stockholders": -4828000.0,
        "Net Income": -4828000.0,
        "Minority Interests": 31000.0,
        "Net Income Including Noncontrolling Interests": -4859000.0,
        "Net Income Continuous Operations": -4859000.0,
        "Pretax Income": -4859000.0,
        "Other Income Expense": NaN,
        "Special Income Charges": NaN,
        "Write Off": NaN,
        "Gain On Sale Of Security": NaN,
        "Net Non Operating Interest Income Expense": -2593000.0,
        "Interest Expense Non Operating": -167000.0,
        "Interest Income Non Operating": -635000.0,
        "Operating Income": -6267000.0,
        "Operating Expense": 6267000.0,
        "Research And Development": 5242000.0,
        "Selling General And Administration": 630000.0,
        "Total Revenue": 0.0,
        "Operating Revenue": 0.0
    },
    "2024-03-31": {
        "Tax Effect Of Unusual Items": 0.0,
        "Tax Rate For Calcs": 0.0,
        "Normalized EBITDA": -3716000.0,
        "Total Unusual Items": NaN,
        "Total Unusual Items Excluding Goodwill": NaN,
        "Net Income From Continuing Operation Net Minority Interest": -3762000.0,
        "Reconciled Depreciation": 48000.0,
        "EBITDA": -3716000.0,
        "EBIT": -3764000.0,
        "Net Interest Income": 685000.0,
        "Interest Expense": 17000.0,
        "Interest Income": 702000.0,
        "Normalized Income": -3762000.0,
        "Net Income From Continuing And Discontinued Operation": -3762000.0,
        "Total Expenses": 4466000.0,
        "Total Operating Income As Reported": -4466000.0,
        "Diluted Average Shares": 27113434.0,
        "Basic Average Shares": 27113434.0,
        "Diluted EPS": -0.14,
        "Basic EPS": -0.14,
        "Diluted NI Availto Com Stockholders": -3762000.0,
        "Net Income Common Stockholders": -3762000.0,
        "Net Income": -3762000.0,
        "Minority Interests": 19000.0,
        "Net Income Including Noncontrolling Interests": -3781000.0,
        "Net Income Continuous Operations": -3781000.0,
        "Pretax Income": -3781000.0,
        "Other Income Expense": NaN,
        "Special Income Charges": NaN,
        "Write Off": NaN,
        "Gain On Sale Of Security": NaN,
        "Net Non Operating Interest Income Expense": 685000.0,
        "Interest Expense Non Operating": 17000.0,
        "Interest Income Non Operating": 702000.0,
        "Operating Income": -4466000.0,
        "Operating Expense": 4466000.0,
        "Research And Development": 3423000.0,
        "Selling General And Administration": 1043000.0,
        "Total Revenue": 0.0,
        "Operating Revenue": 0.0
    },
    "2024-06-30": {
        "Tax Effect Of Unusual Items": 0.0,
        "Tax Rate For Calcs": 0.0,
        "Normalized EBITDA": -3086000.0,
        "Total Unusual Items": 744000.0,
        "Total Unusual Items Excluding Goodwill": 744000.0,
        "Net Income From Continuing Operation Net Minority Interest": -2405000.0,
        "Reconciled Depreciation": 49000.0,
        "EBITDA": -2342000.0,
        "EBIT": -2391000.0,
        "Net Interest Income": 97000.0,
        "Interest Expense": 24000.0,
        "Interest Income": 121000.0,
        "Normalized Income": -3149000.0,
        "Net Income From Continuing And Discontinued Operation": -2405000.0,
        "Total Expenses": 3256000.0,
        "Total Operating Income As Reported": -3458000.0,
        "Diluted Average Shares": 27532024.0,
        "Basic Average Shares": 27532024.0,
        "Diluted EPS": -0.09,
        "Basic EPS": -0.09,
        "Diluted NI Availto Com Stockholders": -2405000.0,
        "Net Income Common Stockholders": -2405000.0,
        "Net Income": -2405000.0,
        "Minority Interests": 10000.0,
        "Net Income Including Noncontrolling Interests": -2415000.0,
        "Net Income Continuous Operations": -2415000.0,
        "Pretax Income": -2415000.0,
        "Other Income Expense": 744000.0,
        "Special Income Charges": -202000.0,
        "Write Off": 202000.0,
        "Gain On Sale Of Security": 946000.0,
        "Net Non Operating Interest Income Expense": 97000.0,
        "Interest Expense Non Operating": 24000.0,
        "Interest Income Non Operating": 121000.0,
        "Operating Income": -3256000.0,
        "Operating Expense": 3256000.0,
        "Research And Development": 2391000.0,
        "Selling General And Administration": 865000.0,
        "Total Revenue": 0.0,
        "Operating Revenue": 0.0
    }
}