{
    "2023-06-30": {
        "Tax Effect Of Unusual Items": -9683730.0,
        "Tax Rate For Calcs": 0.21,
        "Normalized EBITDA": 243805000.0,
        "Total Unusual Items": -46113000.0,
        "Total Unusual Items Excluding Goodwill": -46113000.0,
        "Net Income From Continuing Operation Net Minority Interest": 60456000.0,
        "Reconciled Depreciation": 104857000.0,
        "Reconciled Cost Of Revenue": 4029666000.0,
        "EBITDA": 197692000.0,
        "EBIT": 92835000.0,
        "Net Interest Income": -39524000.0,
        "Interest Expense": 47152000.0,
        "Interest Income": 7628000.0,
        "Normalized Income": 96885270.0,
        "Net Income From Continuing And Discontinued Operation": 60456000.0,
        "Total Expenses": 4178102000.0,
        "Total Operating Income As Reported": 100271000.0,
        "Diluted Average Shares": 237209000.0,
        "Basic Average Shares": 236733000.0,
        "Diluted EPS": 0.25,
        "Basic EPS": 0.26,
        "Diluted NI Availto Com Stockholders": 60456000.0,
        "Net Income Common Stockholders": 60456000.0,
        "Net Income": 60456000.0,
        "Minority Interests": -452000.0,
        "Net Income Including Noncontrolling Interests": 60908000.0,
        "Net Income Continuous Operations": 60908000.0,
        "Tax Provision": -15225000.0,
        "Pretax Income": 45683000.0,
        "Other Income Expense": -44782000.0,
        "Other Non Operating Income Expenses": 1331000.0,
        "Special Income Charges": -29718000.0,
        "Restructuring And Mergern Acquisition": 29718000.0,
        "Gain On Sale Of Security": -16395000.0,
        "Net Non Operating Interest Income Expense": -39524000.0,
        "Interest Expense Non Operating": 47152000.0,
        "Interest Income Non Operating": 7628000.0,
        "Operating Income": 129989000.0,
        "Operating Expense": 148436000.0,
        "Selling General And Administration": 148436000.0,
        "Gross Profit": 278425000.0,
        "Cost Of Revenue": 4029666000.0,
        "Total Revenue": 4308091000.0,
        "Operating Revenue": 4308091000.0
    },
    "2023-03-31": {
        "Tax Effect Of Unusual Items": -5495490.0,
        "Tax Rate For Calcs": 0.21,
        "Normalized EBITDA": 163879000.0,
        "Total Unusual Items": -26169000.0,
        "Total Unusual Items Excluding Goodwill": -26169000.0,
        "Net Income From Continuing Operation Net Minority Interest": 5187000.0,
        "Reconciled Depreciation": 98257000.0,
        "Reconciled Cost Of Revenue": 3992581000.0,
        "EBITDA": 137710000.0,
        "EBIT": 39453000.0,
        "Net Interest Income": -39062000.0,
        "Interest Expense": 42662000.0,
        "Interest Income": 3600000.0,
        "Normalized Income": 25860510.0,
        "Net Income From Continuing And Discontinued Operation": 5187000.0,
        "Total Expenses": 4126259000.0,
        "Total Operating Income As Reported": 31343000.0,
        "Diluted Average Shares": 237164000.0,
        "Basic Average Shares": 236585000.0,
        "Diluted EPS": 0.02,
        "Basic EPS": 0.02,
        "Diluted NI Availto Com Stockholders": 5187000.0,
        "Net Income Common Stockholders": 5187000.0,
        "Net Income": 5187000.0,
        "Minority Interests": -444000.0,
        "Net Income Including Noncontrolling Interests": 5631000.0,
        "Net Income Continuous Operations": 5631000.0,
        "Tax Provision": -8840000.0,
        "Pretax Income": -3209000.0,
        "Other Income Expense": -3516000.0,
        "Other Non Operating Income Expenses": 22653000.0,
        "Special Income Charges": -8026000.0,
        "Restructuring And Mergern Acquisition": 8026000.0,
        "Gain On Sale Of Security": -18143000.0,
        "Net Non Operating Interest Income Expense": -39062000.0,
        "Interest Expense Non Operating": 42662000.0,
        "Interest Income Non Operating": 3600000.0,
        "Operating Income": 39369000.0,
        "Operating Expense": 133678000.0,
        "Selling General And Administration": 133678000.0,
        "Gross Profit": 173047000.0,
        "Cost Of Revenue": 3992581000.0,
        "Total Revenue": 4165628000.0,
        "Operating Revenue": 4165628000.0
    },
    "2022-12-31": {
        "Tax Effect Of Unusual Items": -9856350.0,
        "Tax Rate For Calcs": 0.21,
        "Normalized EBITDA": 60666000.0,
        "Total Unusual Items": -46935000.0,
        "Total Unusual Items Excluding Goodwill": -46935000.0,
        "Net Income From Continuing Operation Net Minority Interest": -154976000.0,
        "Reconciled Depreciation": 102148000.0,
        "Reconciled Cost Of Revenue": 4031583000.0,
        "EBITDA": 13731000.0,
        "EBIT": -88417000.0,
        "Net Interest Income": -37298000.0,
        "Interest Expense": 41369000.0,
        "Interest Income": 4071000.0,
        "Normalized Income": -117897350.0,
        "Net Income From Continuing And Discontinued Operation": -154976000.0,
        "Total Expenses": 4174423000.0,
        "Total Operating Income As Reported": -77524000.0,
        "Diluted Average Shares": 236469000.0,
        "Basic Average Shares": 236469000.0,
        "Diluted EPS": -0.66,
        "Basic EPS": -0.66,
        "Diluted NI Availto Com Stockholders": -154976000.0,
        "Net Income Common Stockholders": -154976000.0,
        "Net Income": -154976000.0,
        "Minority Interests": 66000.0,
        "Net Income Including Noncontrolling Interests": -155042000.0,
        "Net Income Continuous Operations": -155042000.0,
        "Tax Provision": 25256000.0,
        "Pretax Income": -129786000.0,
        "Other Income Expense": -45430000.0,
        "Other Non Operating Income Expenses": 1505000.0,
        "Special Income Charges": NaN,
        "Restructuring And Mergern Acquisition": NaN,
        "Gain On Sale Of Security": -16469000.0,
        "Net Non Operating Interest Income Expense": -37298000.0,
        "Interest Expense Non Operating": 41369000.0,
        "Interest Income Non Operating": 4071000.0,
        "Operating Income": -47058000.0,
        "Operating Expense": 142840000.0,
        "Selling General And Administration": 142840000.0,
        "Gross Profit": 95782000.0,
        "Cost Of Revenue": 4031583000.0,
        "Total Revenue": 4127365000.0,
        "Operating Revenue": 4127365000.0
    },
    "2022-09-30": {
        "Tax Effect Of Unusual Items": -10908.0,
        "Tax Rate For Calcs": 0.202,
        "Normalized EBITDA": 460663000.0,
        "Total Unusual Items": -54000.0,
        "Total Unusual Items Excluding Goodwill": -54000.0,
        "Net Income From Continuing Operation Net Minority Interest": 258352000.0,
        "Reconciled Depreciation": 98966000.0,
        "Reconciled Cost Of Revenue": 3971699000.0,
        "EBITDA": 460609000.0,
        "EBIT": 361643000.0,
        "Net Interest Income": -34222000.0,
        "Interest Expense": 36895000.0,
        "Interest Income": 2673000.0,
        "Normalized Income": 258395092.0,
        "Net Income From Continuing And Discontinued Operation": 258352000.0,
        "Total Expenses": 4129767000.0,
        "Total Operating Income As Reported": 339202000.0,
        "Diluted Average Shares": 239208000.0,
        "Basic Average Shares": 238559000.0,
        "Diluted EPS": 1.08,
        "Basic EPS": 1.08,
        "Diluted NI Availto Com Stockholders": 258352000.0,
        "Net Income Common Stockholders": 258352000.0,
        "Net Income": 258352000.0,
        "Minority Interests": -647000.0,
        "Net Income Including Noncontrolling Interests": 258999000.0,
        "Net Income Continuous Operations": 258999000.0,
        "Tax Provision": 65749000.0,
        "Pretax Income": 324748000.0,
        "Other Income Expense": 19768000.0,
        "Other Non Operating Income Expenses": 19822000.0,
        "Special Income Charges": NaN,
        "Restructuring And Mergern Acquisition": NaN,
        "Gain On Sale Of Security": -54000.0,
        "Net Non Operating Interest Income Expense": -34222000.0,
        "Interest Expense Non Operating": 36895000.0,
        "Interest Income Non Operating": 2673000.0,
        "Operating Income": 339202000.0,
        "Operating Expense": 158068000.0,
        "Selling General And Administration": 158068000.0,
        "Gross Profit": 497270000.0,
        "Cost Of Revenue": 3971699000.0,
        "Total Revenue": 4468969000.0,
        "Operating Revenue": 4468969000.0
    },
    "2022-06-30": {
        "Tax Effect Of Unusual Items": -653646.0,
        "Tax Rate For Calcs": 0.237,
        "Normalized EBITDA": 615456000.0,
        "Total Unusual Items": -2758000.0,
        "Total Unusual Items Excluding Goodwill": -2758000.0,
        "Net Income From Continuing Operation Net Minority Interest": 362116000.0,
        "Reconciled Depreciation": 99854000.0,
        "Reconciled Cost Of Revenue": 3954877000.0,
        "EBITDA": 612698000.0,
        "EBIT": 512844000.0,
        "Net Interest Income": -37102000.0,
        "Interest Expense": 38112000.0,
        "Interest Income": 1010000.0,
        "Normalized Income": 364220354.0,
        "Net Income From Continuing And Discontinued Operation": 362116000.0,
        "Total Expenses": 4118744000.0,
        "Total Operating Income As Reported": 512904000.0,
        "Diluted Average Shares": 240973000.0,
        "Basic Average Shares": 240366000.0,
        "Diluted EPS": 1.5,
        "Basic EPS": 1.51,
        "Diluted NI Availto Com Stockholders": 362116000.0,
        "Net Income Common Stockholders": 362116000.0,
        "Net Income": 362116000.0,
        "Minority Interests": 95000.0,
        "Net Income Including Noncontrolling Interests": 362021000.0,
        "Net Income Continuous Operations": 362021000.0,
        "Tax Provision": 112711000.0,
        "Pretax Income": 474732000.0,
        "Other Income Expense": -1070000.0,
        "Other Non Operating Income Expenses": 1688000.0,
        "Special Income Charges": NaN,
        "Restructuring And Mergern Acquisition": NaN,
        "Gain On Sale Of Security": -2758000.0,
        "Net Non Operating Interest Income Expense": -37102000.0,
        "Interest Expense Non Operating": 38112000.0,
        "Interest Income Non Operating": 1010000.0,
        "Operating Income": 512904000.0,
        "Operating Expense": 163867000.0,
        "Selling General And Administration": 163867000.0,
        "Gross Profit": 676771000.0,
        "Cost Of Revenue": 3954877000.0,
        "Total Revenue": 4631648000.0,
        "Operating Revenue": 4631648000.0
    },
    "2022-03-31": {
        "Diluted EPS": 1.15,
        "Total Revenue": NaN,
        "Gross Profit": 542,
        "Operating Income": 402,
        "EBIT": 506,
        "Net Income": 280
    },
    "2021-12-31": {
        "Diluted EPS": 0.15,
        "Total Revenue": NaN,
        "Gross Profit": 353,
        "Operating Income": 55,
        "EBIT": 163,
        "Net Income": 37
    },
    "2021-09-30": {
        "Diluted EPS": 0.25,
        "Total Revenue": NaN,
        "Gross Profit": 372,
        "Operating Income": 121,
        "EBIT": 215,
        "Net Income": 61
    },
    "2021-06-30": {
        "Diluted EPS": -0.68,
        "Total Revenue": NaN,
        "Gross Profit": 380,
        "Operating Income": -123,
        "EBIT": -26,
        "Net Income": -167
    },
    "2021-03-31": {
        "Diluted EPS": 0.41,
        "Total Revenue": NaN,
        "Gross Profit": 261,
        "Operating Income": 158,
        "EBIT": 246,
        "Net Income": 100
    },
    "2020-12-31": {
        "Diluted EPS": 0.0,
        "Total Revenue": NaN,
        "Gross Profit": 227,
        "Operating Income": 40,
        "EBIT": 129,
        "Net Income": 0
    },
    "2020-09-30": {
        "Diluted EPS": 0.14,
        "Total Revenue": NaN,
        "Gross Profit": 314,
        "Operating Income": 94,
        "EBIT": 180,
        "Net Income": 33
    },
    "2020-06-30": {
        "Diluted EPS": -0.02,
        "Total Revenue": NaN,
        "Gross Profit": 120,
        "Operating Income": 27,
        "EBIT": 113,
        "Net Income": -6
    },
    "2020-03-31": {
        "Diluted EPS": 0.27,
        "Total Revenue": NaN,
        "Gross Profit": 177,
        "Operating Income": 84,
        "EBIT": 165,
        "Net Income": 67
    },
    "2019-12-31": {
        "Diluted EPS": 0.37,
        "Total Revenue": NaN,
        "Gross Profit": 201,
        "Operating Income": 86,
        "EBIT": 163,
        "Net Income": 92
    },
    "2019-09-30": {
        "Diluted EPS": 0.44,
        "Total Revenue": NaN,
        "Gross Profit": 282,
        "Operating Income": 188,
        "EBIT": 261,
        "Net Income": 110
    },
    "2019-06-30": {
        "Diluted EPS": 0.68,
        "Total Revenue": NaN,
        "Gross Profit": 368,
        "Operating Income": 280,
        "EBIT": 352,
        "Net Income": 170
    },
    "2019-03-31": {
        "Diluted EPS": 0.34,
        "Total Revenue": NaN,
        "Gross Profit": 219,
        "Operating Income": 137,
        "EBIT": 206,
        "Net Income": 84
    },
    "2018-12-31": {
        "Diluted EPS": -0.03,
        "Total Revenue": NaN,
        "Gross Profit": 112,
        "Operating Income": 24,
        "EBIT": 91,
        "Net Income": -7
    },
    "2018-09-30": {
        "Diluted EPS": 0.12,
        "Total Revenue": NaN,
        "Gross Profit": 170,
        "Operating Income": 85,
        "EBIT": 157,
        "Net Income": 29
    },
    "2018-06-30": {
        "Diluted EPS": 0.43,
        "Total Revenue": NaN,
        "Gross Profit": 274,
        "Operating Income": 185,
        "EBIT": 255,
        "Net Income": 107
    },
    "2018-03-31": {
        "Diluted EPS": 0.48,
        "Total Revenue": NaN,
        "Gross Profit": 288,
        "Operating Income": 202,
        "EBIT": 271,
        "Net Income": 119
    },
    "2017-12-31": {
        "Diluted EPS": 0.54,
        "Total Revenue": NaN,
        "Gross Profit": 262,
        "Operating Income": 155,
        "EBIT": 228,
        "Net Income": 134
    },
    "2017-09-30": {
        "Diluted EPS": 0.93,
        "Total Revenue": NaN,
        "Gross Profit": 479,
        "Operating Income": 372,
        "EBIT": 444,
        "Net Income": 233
    },
    "2017-06-30": {
        "Diluted EPS": 0.94,
        "Total Revenue": NaN,
        "Gross Profit": 475,
        "Operating Income": 378,
        "EBIT": 448,
        "Net Income": 234
    },
    "2017-03-31": {
        "Diluted EPS": 0.38,
        "Total Revenue": NaN,
        "Gross Profit": 257,
        "Operating Income": 167,
        "EBIT": 229,
        "Net Income": 94
    },
    "2016-12-31": {
        "Diluted EPS": 0.28,
        "Total Revenue": NaN,
        "Gross Profit": 327,
        "Operating Income": 190,
        "EBIT": 247,
        "Net Income": 71
    },
    "2016-09-30": {
        "Diluted EPS": 0.39,
        "Total Revenue": NaN,
        "Gross Profit": 253,
        "Operating Income": 177,
        "EBIT": 262,
        "Net Income": 99
    },
    "2016-06-30": {
        "Diluted EPS": 0.6,
        "Total Revenue": NaN,
        "Gross Profit": 286,
        "Operating Income": 237,
        "EBIT": 283,
        "Net Income": 153
    },
    "2016-03-31": {
        "Diluted EPS": 0.46,
        "Total Revenue": NaN,
        "Gross Profit": 238,
        "Operating Income": 189,
        "EBIT": 231,
        "Net Income": 118
    },
    "2015-12-31": {
        "Diluted EPS": 0.25,
        "Total Revenue": NaN,
        "Gross Profit": 205,
        "Operating Income": 124,
        "EBIT": 181,
        "Net Income": 63
    },
    "2015-09-30": {
        "Diluted EPS": 0.53,
        "Total Revenue": NaN,
        "Gross Profit": 285,
        "Operating Income": 231,
        "EBIT": 273,
        "Net Income": 137
    },
    "2015-06-30": {
        "Diluted EPS": 0.93,
        "Total Revenue": NaN,
        "Gross Profit": 432,
        "Operating Income": 378,
        "EBIT": 417,
        "Net Income": 241
    },
    "2015-03-31": {
        "Diluted EPS": 0.79,
        "Total Revenue": NaN,
        "Gross Profit": 377,
        "Operating Income": 328,
        "EBIT": 364,
        "Net Income": 204
    },
    "2014-12-31": {
        "Diluted EPS": 0.64,
        "Total Revenue": NaN,
        "Gross Profit": 379,
        "Operating Income": 329,
        "EBIT": 374,
        "Net Income": 167
    },
    "2014-09-30": {
        "Diluted EPS": 0.99,
        "Total Revenue": NaN,
        "Gross Profit": 450,
        "Operating Income": 406,
        "EBIT": 442,
        "Net Income": 256
    },
    "2014-06-30": {
        "Diluted EPS": 0.73,
        "Total Revenue": NaN,
        "Gross Profit": 349,
        "Operating Income": 300,
        "EBIT": 339,
        "Net Income": 190
    },
    "2014-03-31": {
        "Diluted EPS": 0.38,
        "Total Revenue": NaN,
        "Gross Profit": 215,
        "Operating Income": 168,
        "EBIT": 206,
        "Net Income": 98
    },
    "2013-12-31": {
        "Diluted EPS": 0.55,
        "Total Revenue": NaN,
        "Gross Profit": 208,
        "Operating Income": 158,
        "EBIT": 194,
        "Net Income": 143
    },
    "2013-09-30": {
        "Diluted EPS": 0.62,
        "Total Revenue": NaN,
        "Gross Profit": 237,
        "Operating Income": 189,
        "EBIT": 227,
        "Net Income": 161
    },
    "2013-06-30": {
        "Diluted EPS": 0.74,
        "Total Revenue": NaN,
        "Gross Profit": 283,
        "Operating Income": 238,
        "EBIT": 276,
        "Net Income": 191
    },
    "2013-03-31": {
        "Diluted EPS": 0.21,
        "Total Revenue": NaN,
        "Gross Profit": 118,
        "Operating Income": 74,
        "EBIT": 112,
        "Net Income": 55
    },
    "2012-12-31": {
        "Diluted EPS": 0.08,
        "Total Revenue": NaN,
        "Gross Profit": 76,
        "Operating Income": 27,
        "EBIT": 66,
        "Net Income": 23
    },
    "2012-09-30": {
        "Diluted EPS": 0.17,
        "Total Revenue": NaN,
        "Gross Profit": 106,
        "Operating Income": 62,
        "EBIT": 98,
        "Net Income": 43
    },
    "2012-06-30": {
        "Diluted EPS": 0.27,
        "Total Revenue": NaN,
        "Gross Profit": 144,
        "Operating Income": 99,
        "EBIT": 136,
        "Net Income": 69
    },
    "2012-03-31": {
        "Diluted EPS": 0.18,
        "Total Revenue": NaN,
        "Gross Profit": 110,
        "Operating Income": 62,
        "EBIT": 98,
        "Net Income": 39
    },
    "2011-12-31": {
        "Diluted EPS": -0.38,
        "Total Revenue": NaN,
        "Gross Profit": 20,
        "Operating Income": -43,
        "EBIT": 10,
        "Net Income": -85
    },
    "2011-09-30": {
        "Diluted EPS": -0.72,
        "Total Revenue": NaN,
        "Gross Profit": -62,
        "Operating Income": -125,
        "EBIT": -71,
        "Net Income": -163
    },
    "2011-06-30": {
        "Diluted EPS": -0.57,
        "Total Revenue": NaN,
        "Gross Profit": -46,
        "Operating Income": -99,
        "EBIT": -46,
        "Net Income": -128
    },
    "2011-03-31": {
        "Diluted EPS": -0.54,
        "Total Revenue": NaN,
        "Gross Profit": -53,
        "Operating Income": -107,
        "EBIT": -56,
        "Net Income": -121
    },
    "2010-12-31": {
        "Diluted EPS": 0.18,
        "Total Revenue": NaN,
        "Gross Profit": 119,
        "Operating Income": 53,
        "EBIT": 108,
        "Net Income": 42
    },
    "2010-09-30": {
        "Diluted EPS": 0.27,
        "Total Revenue": NaN,
        "Gross Profit": 157,
        "Operating Income": 113,
        "EBIT": 171,
        "Net Income": 58
    },
    "2010-06-30": {
        "Diluted EPS": 0.15,
        "Total Revenue": NaN,
        "Gross Profit": 132,
        "Operating Income": 52,
        "EBIT": 112,
        "Net Income": 33
    },
    "2010-03-31": {
        "Diluted EPS": -0.21,
        "Total Revenue": NaN,
        "Gross Profit": 52,
        "Operating Income": -32,
        "EBIT": 25,
        "Net Income": -46
    },
    "2009-12-31": {
        "Diluted EPS": 0.44,
        "Total Revenue": NaN,
        "Gross Profit": 83,
        "Operating Income": 8,
        "EBIT": -112,
        "Net Income": 34
    },
    "2009-09-30": {
        "Diluted EPS": 1.07,
        "Total Revenue": NaN,
        "Gross Profit": 163,
        "Operating Income": 117,
        "EBIT": 175,
        "Net Income": 83
    },
    "2009-06-30": {
        "Diluted EPS": 0.72,
        "Total Revenue": NaN,
        "Gross Profit": 165,
        "Operating Income": 109,
        "EBIT": 166,
        "Net Income": 53
    },
    "2009-03-31": {
        "Diluted EPS": -0.79,
        "Total Revenue": NaN,
        "Gross Profit": 79,
        "Operating Income": 20,
        "EBIT": 81,
        "Net Income": -59
    },
    "2023-09-30": {
        "Tax Effect Of Unusual Items": -2643552.0,
        "Tax Rate For Calcs": 0.268,
        "Normalized EBITDA": 325929000.0,
        "Total Unusual Items": -9864000.0,
        "Total Unusual Items Excluding Goodwill": -9864000.0,
        "Net Income From Continuing Operation Net Minority Interest": 121278000.0,
        "Reconciled Depreciation": 104300000.0,
        "Reconciled Cost Of Revenue": 4014314000.0,
        "EBITDA": 316065000.0,
        "EBIT": 211765000.0,
        "Net Interest Income": -33530000.0,
        "Interest Expense": 45645000.0,
        "Interest Income": 12115000.0,
        "Normalized Income": 128498448.0,
        "Net Income From Continuing And Discontinued Operation": 121278000.0,
        "Total Expenses": 4152883000.0,
        "Total Operating Income As Reported": 206373000.0,
        "Diluted Average Shares": 237347000.0,
        "Basic Average Shares": 236787000.0,
        "Diluted EPS": 0.51,
        "Basic EPS": 0.51,
        "Diluted NI Availto Com Stockholders": 121278000.0,
        "Net Income Common Stockholders": 121278000.0,
        "Net Income": 121278000.0,
        "Minority Interests": -289000.0,
        "Net Income Including Noncontrolling Interests": 121567000.0,
        "Net Income Continuous Operations": 121567000.0,
        "Tax Provision": 44553000.0,
        "Pretax Income": 166120000.0,
        "Other Income Expense": -7663000.0,
        "Other Non Operating Income Expenses": 2201000.0,
        "Special Income Charges": -940000.0,
        "Restructuring And Mergern Acquisition": 940000.0,
        "Gain On Sale Of Security": -8924000.0,
        "Net Non Operating Interest Income Expense": -33530000.0,
        "Interest Expense Non Operating": 45645000.0,
        "Interest Income Non Operating": 12115000.0,
        "Operating Income": 207313000.0,
        "Operating Expense": 138569000.0,
        "Selling General And Administration": 138569000.0,
        "Gross Profit": 345882000.0,
        "Cost Of Revenue": 4014314000.0,
        "Total Revenue": 4360196000.0,
        "Operating Revenue": 4360196000.0
    },
    "2023-12-31": {
        "Tax Effect Of Unusual Items": 2466144.795311,
        "Tax Rate For Calcs": 0.143123,
        "Normalized EBITDA": 318696000.0,
        "Total Unusual Items": 17231000.0,
        "Total Unusual Items Excluding Goodwill": 17231000.0,
        "Net Income From Continuing Operation Net Minority Interest": 134653000.0,
        "Reconciled Depreciation": 112486000.0,
        "Reconciled Cost Of Revenue": 4207255000.0,
        "EBITDA": 335927000.0,
        "EBIT": 223441000.0,
        "Net Interest Income": -54505000.0,
        "Interest Expense": 66813000.0,
        "Interest Income": 12308000.0,
        "Normalized Income": 119888144.795311,
        "Net Income From Continuing And Discontinued Operation": 134653000.0,
        "Total Expenses": 4338342000.0,
        "Total Operating Income As Reported": 184299000.0,
        "Diluted Average Shares": 237465000.0,
        "Basic Average Shares": 236790000.0,
        "Diluted EPS": 0.57,
        "Basic EPS": 0.57,
        "Diluted NI Availto Com Stockholders": 134653000.0,
        "Net Income Common Stockholders": 134653000.0,
        "Net Income": 134653000.0,
        "Minority Interests": 442000.0,
        "Net Income Including Noncontrolling Interests": 134211000.0,
        "Net Income Continuous Operations": 134211000.0,
        "Tax Provision": 22417000.0,
        "Pretax Income": 156628000.0,
        "Other Income Expense": 21173000.0,
        "Other Non Operating Income Expenses": 3942000.0,
        "Special Income Charges": -5661000.0,
        "Restructuring And Mergern Acquisition": 5661000.0,
        "Gain On Sale Of Security": 22892000.0,
        "Net Non Operating Interest Income Expense": -54505000.0,
        "Interest Expense Non Operating": 66813000.0,
        "Interest Income Non Operating": 12308000.0,
        "Operating Income": 189960000.0,
        "Operating Expense": 131087000.0,
        "Selling General And Administration": 131087000.0,
        "Gross Profit": 321047000.0,
        "Cost Of Revenue": 4207255000.0,
        "Total Revenue": 4528302000.0,
        "Operating Revenue": 4528302000.0
    },
    "2024-03-31": {
        "Tax Effect Of Unusual Items": -2340838.0,
        "Tax Rate For Calcs": 0.229,
        "Normalized EBITDA": 381815000.0,
        "Total Unusual Items": -10222000.0,
        "Total Unusual Items Excluding Goodwill": -10222000.0,
        "Net Income From Continuing Operation Net Minority Interest": 174421000.0,
        "Reconciled Depreciation": 103350000.0,
        "Reconciled Cost Of Revenue": 3978025000.0,
        "EBITDA": 371593000.0,
        "EBIT": 268243000.0,
        "Net Interest Income": -30897000.0,
        "Interest Expense": 41243000.0,
        "Interest Income": 10346000.0,
        "Normalized Income": 182302162.0,
        "Net Income From Continuing And Discontinued Operation": 174421000.0,
        "Total Expenses": 4097101000.0,
        "Total Operating Income As Reported": 250274000.0,
        "Diluted Average Shares": 237491000.0,
        "Basic Average Shares": 236844000.0,
        "Diluted EPS": 0.73,
        "Basic EPS": 0.74,
        "Diluted NI Availto Com Stockholders": 174421000.0,
        "Net Income Common Stockholders": 174421000.0,
        "Net Income": 174421000.0,
        "Minority Interests": -517000.0,
        "Net Income Including Noncontrolling Interests": 174938000.0,
        "Net Income Continuous Operations": 174938000.0,
        "Tax Provision": 52062000.0,
        "Pretax Income": 227000000.0,
        "Other Income Expense": -6936000.0,
        "Other Non Operating Income Expenses": 3286000.0,
        "Special Income Charges": -14559000.0,
        "Restructuring And Mergern Acquisition": 14559000.0,
        "Gain On Sale Of Security": 4337000.0,
        "Net Non Operating Interest Income Expense": -30897000.0,
        "Interest Expense Non Operating": 41243000.0,
        "Interest Income Non Operating": 10346000.0,
        "Operating Income": 264833000.0,
        "Operating Expense": 119076000.0,
        "Selling General And Administration": 119076000.0,
        "Gross Profit": 383909000.0,
        "Cost Of Revenue": 3978025000.0,
        "Total Revenue": 4361934000.0,
        "Operating Revenue": 4361934000.0
    },
    "2024-06-30": {
        "Tax Effect Of Unusual Items": -8130200.0,
        "Tax Rate For Calcs": 0.236,
        "Normalized EBITDA": 600772000.0,
        "Total Unusual Items": -34450000.0,
        "Total Unusual Items Excluding Goodwill": -34450000.0,
        "Net Income From Continuing Operation Net Minority Interest": 326303000.0,
        "Reconciled Depreciation": 107948000.0,
        "Reconciled Cost Of Revenue": 3867688000.0,
        "EBITDA": 566322000.0,
        "EBIT": 458374000.0,
        "Net Interest Income": -15338000.0,
        "Interest Expense": 31201000.0,
        "Interest Income": 15863000.0,
        "Normalized Income": 352622800.0,
        "Net Income From Continuing And Discontinued Operation": 326303000.0,
        "Total Expenses": 4081849000.0,
        "Total Operating Income As Reported": 440790000.0,
        "Diluted Average Shares": 237733000.0,
        "Basic Average Shares": 236943000.0,
        "Diluted EPS": 1.37,
        "Basic EPS": 1.38,
        "Diluted NI Availto Com Stockholders": 326303000.0,
        "Net Income Common Stockholders": 326303000.0,
        "Net Income": 326303000.0,
        "Minority Interests": -220000.0,
        "Net Income Including Noncontrolling Interests": 326523000.0,
        "Net Income Continuous Operations": 326523000.0,
        "Tax Provision": 100650000.0,
        "Pretax Income": 427173000.0,
        "Other Income Expense": -34954000.0,
        "Other Non Operating Income Expenses": -504000.0,
        "Special Income Charges": -36675000.0,
        "Restructuring And Mergern Acquisition": 36675000.0,
        "Gain On Sale Of Security": 2225000.0,
        "Net Non Operating Interest Income Expense": -15338000.0,
        "Interest Expense Non Operating": 31201000.0,
        "Interest Income Non Operating": 15863000.0,
        "Operating Income": 477465000.0,
        "Operating Expense": 214161000.0,
        "Selling General And Administration": 214161000.0,
        "Gross Profit": 691626000.0,
        "Cost Of Revenue": 3867688000.0,
        "Total Revenue": 4559314000.0,
        "Operating Revenue": 4559314000.0
    },
    "2024-09-30": {
        "Tax Effect Of Unusual Items": -8233134.0,
        "Tax Rate For Calcs": 0.273,
        "Normalized EBITDA": 663824000.0,
        "Total Unusual Items": -30158000.0,
        "Total Unusual Items Excluding Goodwill": -30158000.0,
        "Net Income From Continuing Operation Net Minority Interest": 349860000.0,
        "Reconciled Depreciation": 110470000.0,
        "Reconciled Cost Of Revenue": 3901009000.0,
        "EBITDA": 633666000.0,
        "EBIT": 523196000.0,
        "Net Interest Income": -19498000.0,
        "Interest Expense": 41597000.0,
        "Interest Income": 22099000.0,
        "Normalized Income": 371784866.0,
        "Net Income From Continuing And Discontinued Operation": 349860000.0,
        "Total Expenses": 4045789000.0,
        "Total Operating Income As Reported": 508354000.0,
        "Diluted Average Shares": 237891000.0,
        "Basic Average Shares": 237123000.0,
        "Diluted EPS": 1.47,
        "Basic EPS": 1.48,
        "Diluted NI Availto Com Stockholders": 349860000.0,
        "Net Income Common Stockholders": 349860000.0,
        "Net Income": 349860000.0,
        "Minority Interests": -130000.0,
        "Net Income Including Noncontrolling Interests": 349990000.0,
        "Net Income Continuous Operations": 349990000.0,
        "Tax Provision": 131609000.0,
        "Pretax Income": 481599000.0,
        "Other Income Expense": -38093000.0,
        "Other Non Operating Income Expenses": -7935000.0,
        "Special Income Charges": -30836000.0,
        "Restructuring And Mergern Acquisition": 30836000.0,
        "Gain On Sale Of Security": 678000.0,
        "Net Non Operating Interest Income Expense": -19498000.0,
        "Interest Expense Non Operating": 41597000.0,
        "Interest Income Non Operating": 22099000.0,
        "Operating Income": 539190000.0,
        "Operating Expense": 144780000.0,
        "Selling General And Administration": 144780000.0,
        "Gross Profit": 683970000.0,
        "Cost Of Revenue": 3901009000.0,
        "Total Revenue": 4584979000.0,
        "Operating Revenue": 4584979000.0
    }
}