{
    "2023-06-30": {
        "Tax Effect Of Unusual Items": 0.0,
        "Tax Rate For Calcs": 0.231,
        "Normalized EBITDA": 846000000.0,
        "Total Unusual Items": 0.0,
        "Total Unusual Items Excluding Goodwill": 0.0,
        "Net Income From Continuing Operation Net Minority Interest": 490000000.0,
        "Reconciled Depreciation": 133000000.0,
        "Reconciled Cost Of Revenue": 2866000000.0,
        "EBITDA": 846000000.0,
        "EBIT": 713000000.0,
        "Net Interest Income": -35000000.0,
        "Interest Expense": 67000000.0,
        "Interest Income": 32000000.0,
        "Normalized Income": 490000000.0,
        "Net Income From Continuing And Discontinued Operation": 490000000.0,
        "Total Expenses": 4178000000.0,
        "Diluted Average Shares": 237300000.0,
        "Basic Average Shares": 236000000.0,
        "Diluted EPS": 2.06,
        "Basic EPS": 2.08,
        "Diluted NI Availto Com Stockholders": 490000000.0,
        "Net Income Common Stockholders": 490000000.0,
        "Net Income": 490000000.0,
        "Minority Interests": -7000000.0,
        "Net Income Including Noncontrolling Interests": 497000000.0,
        "Net Income Discontinuous Operations": 0.0,
        "Net Income Continuous Operations": 497000000.0,
        "Tax Provision": 149000000.0,
        "Pretax Income": 646000000.0,
        "Other Income Expense": -13000000.0,
        "Other Non Operating Income Expenses": -13000000.0,
        "Special Income Charges": 0.0,
        "Gain On Sale Of Ppe": NaN,
        "Write Off": 0.0,
        "Restructuring And Mergern Acquisition": NaN,
        "Earnings From Equity Interest": NaN,
        "Net Non Operating Interest Income Expense": -35000000.0,
        "Interest Expense Non Operating": 67000000.0,
        "Interest Income Non Operating": 32000000.0,
        "Operating Income": 694000000.0,
        "Operating Expense": 1312000000.0,
        "Depreciation Amortization Depletion Income Statement": 133000000.0,
        "Depreciation And Amortization In Income Statement": 133000000.0,
        "Amortization": 40000000.0,
        "Amortization Of Intangibles Income Statement": 40000000.0,
        "Depreciation Income Statement": 93000000.0,
        "Research And Development": 110000000.0,
        "Selling General And Administration": 1069000000.0,
        "General And Administrative Expense": 1069000000.0,
        "Other Gand A": 1069000000.0,
        "Salaries And Wages": 0.0,
        "Gross Profit": 2006000000.0,
        "Cost Of Revenue": 2866000000.0,
        "Total Revenue": 4872000000.0,
        "Operating Revenue": 4872000000.0
    },
    "2023-03-31": {
        "Tax Effect Of Unusual Items": 0.0,
        "Tax Rate For Calcs": 0.227,
        "Normalized EBITDA": 545000000.0,
        "Total Unusual Items": 0.0,
        "Total Unusual Items Excluding Goodwill": 0.0,
        "Net Income From Continuing Operation Net Minority Interest": 264000000.0,
        "Reconciled Depreciation": 133000000.0,
        "Reconciled Cost Of Revenue": 2596000000.0,
        "EBITDA": 545000000.0,
        "EBIT": 412000000.0,
        "Net Interest Income": -34000000.0,
        "Interest Expense": 59000000.0,
        "Interest Income": 25000000.0,
        "Normalized Income": 264000000.0,
        "Net Income From Continuing And Discontinued Operation": 264000000.0,
        "Total Expenses": 4015000000.0,
        "Diluted Average Shares": 236900000.0,
        "Basic Average Shares": 235800000.0,
        "Diluted EPS": 1.11,
        "Basic EPS": 1.12,
        "Diluted NI Availto Com Stockholders": 264000000.0,
        "Net Income Common Stockholders": 264000000.0,
        "Net Income": 264000000.0,
        "Minority Interests": -9000000.0,
        "Net Income Including Noncontrolling Interests": 273000000.0,
        "Net Income Discontinuous Operations": NaN,
        "Net Income Continuous Operations": 273000000.0,
        "Tax Provision": 80000000.0,
        "Pretax Income": 353000000.0,
        "Other Income Expense": 22000000.0,
        "Other Non Operating Income Expenses": 22000000.0,
        "Special Income Charges": 0.0,
        "Gain On Sale Of Ppe": NaN,
        "Write Off": 0.0,
        "Restructuring And Mergern Acquisition": NaN,
        "Earnings From Equity Interest": NaN,
        "Net Non Operating Interest Income Expense": -34000000.0,
        "Interest Expense Non Operating": 59000000.0,
        "Interest Income Non Operating": 25000000.0,
        "Operating Income": 365000000.0,
        "Operating Expense": 1419000000.0,
        "Depreciation Amortization Depletion Income Statement": 133000000.0,
        "Depreciation And Amortization In Income Statement": 133000000.0,
        "Amortization": 41000000.0,
        "Amortization Of Intangibles Income Statement": 41000000.0,
        "Depreciation Income Statement": 92000000.0,
        "Research And Development": 104000000.0,
        "Selling General And Administration": 1182000000.0,
        "General And Administrative Expense": 1182000000.0,
        "Other Gand A": 992000000.0,
        "Salaries And Wages": 190000000.0,
        "Gross Profit": 1784000000.0,
        "Cost Of Revenue": 2596000000.0,
        "Total Revenue": 4380000000.0,
        "Operating Revenue": 4380000000.0
    },
    "2022-12-31": {
        "Tax Effect Of Unusual Items": -2748000.0,
        "Tax Rate For Calcs": 0.229,
        "Normalized EBITDA": 517000000.0,
        "Total Unusual Items": -12000000.0,
        "Total Unusual Items Excluding Goodwill": -12000000.0,
        "Net Income From Continuing Operation Net Minority Interest": 238000000.0,
        "Reconciled Depreciation": 133000000.0,
        "Reconciled Cost Of Revenue": 2623000000.0,
        "EBITDA": 505000000.0,
        "EBIT": 372000000.0,
        "Net Interest Income": -33000000.0,
        "Interest Expense": 53000000.0,
        "Interest Income": 20000000.0,
        "Normalized Income": 247252000.0,
        "Net Income From Continuing And Discontinued Operation": 238000000.0,
        "Total Expenses": 3819000000.0,
        "Diluted Average Shares": 236600000.0,
        "Basic Average Shares": 235500000.0,
        "Diluted EPS": 1.01,
        "Basic EPS": 1.01,
        "Diluted NI Availto Com Stockholders": 238000000.0,
        "Net Income Common Stockholders": 238000000.0,
        "Net Income": 238000000.0,
        "Minority Interests": -8000000.0,
        "Net Income Including Noncontrolling Interests": 246000000.0,
        "Net Income Discontinuous Operations": 0.0,
        "Net Income Continuous Operations": 246000000.0,
        "Tax Provision": 73000000.0,
        "Pretax Income": 319000000.0,
        "Other Income Expense": -14000000.0,
        "Other Non Operating Income Expenses": -2000000.0,
        "Special Income Charges": -12000000.0,
        "Gain On Sale Of Ppe": 3000000.0,
        "Write Off": 15000000.0,
        "Restructuring And Mergern Acquisition": -3000000.0,
        "Earnings From Equity Interest": 5000000.0,
        "Net Non Operating Interest Income Expense": -33000000.0,
        "Interest Expense Non Operating": 53000000.0,
        "Interest Income Non Operating": 20000000.0,
        "Operating Income": 366000000.0,
        "Operating Expense": 1196000000.0,
        "Depreciation Amortization Depletion Income Statement": 133000000.0,
        "Depreciation And Amortization In Income Statement": 133000000.0,
        "Amortization": 41000000.0,
        "Amortization Of Intangibles Income Statement": 41000000.0,
        "Depreciation Income Statement": 92000000.0,
        "Research And Development": 108000000.0,
        "Selling General And Administration": 955000000.0,
        "General And Administrative Expense": 955000000.0,
        "Other Gand A": 955000000.0,
        "Salaries And Wages": 0.0,
        "Gross Profit": 1562000000.0,
        "Cost Of Revenue": 2623000000.0,
        "Total Revenue": 4185000000.0,
        "Operating Revenue": 4185000000.0
    },
    "2022-09-30": {
        "Tax Effect Of Unusual Items": -6804000.0,
        "Tax Rate For Calcs": 0.189,
        "Normalized EBITDA": 635000000.0,
        "Total Unusual Items": -36000000.0,
        "Total Unusual Items Excluding Goodwill": -36000000.0,
        "Net Income From Continuing Operation Net Minority Interest": 329000000.0,
        "Reconciled Depreciation": 135000000.0,
        "Reconciled Cost Of Revenue": 2821000000.0,
        "EBITDA": 599000000.0,
        "EBIT": 464000000.0,
        "Net Interest Income": -32000000.0,
        "Interest Expense": 46000000.0,
        "Interest Income": 14000000.0,
        "Normalized Income": 358196000.0,
        "Net Income From Continuing And Discontinued Operation": 329000000.0,
        "Total Expenses": 3997000000.0,
        "Diluted Average Shares": 236600000.0,
        "Basic Average Shares": 235500000.0,
        "Diluted EPS": 1.39,
        "Basic EPS": 1.4,
        "Diluted NI Availto Com Stockholders": 329000000.0,
        "Net Income Common Stockholders": 329000000.0,
        "Net Income": 329000000.0,
        "Minority Interests": -10000000.0,
        "Net Income Including Noncontrolling Interests": 339000000.0,
        "Net Income Discontinuous Operations": 0.0,
        "Net Income Continuous Operations": 339000000.0,
        "Tax Provision": 79000000.0,
        "Pretax Income": 418000000.0,
        "Other Income Expense": -21000000.0,
        "Other Non Operating Income Expenses": 15000000.0,
        "Special Income Charges": -36000000.0,
        "Gain On Sale Of Ppe": 2000000.0,
        "Write Off": 0.0,
        "Restructuring And Mergern Acquisition": 36000000.0,
        "Earnings From Equity Interest": 6000000.0,
        "Net Non Operating Interest Income Expense": -32000000.0,
        "Interest Expense Non Operating": 46000000.0,
        "Interest Income Non Operating": 14000000.0,
        "Operating Income": 471000000.0,
        "Operating Expense": 1176000000.0,
        "Depreciation Amortization Depletion Income Statement": 135000000.0,
        "Depreciation And Amortization In Income Statement": 135000000.0,
        "Amortization": 40000000.0,
        "Amortization Of Intangibles Income Statement": 40000000.0,
        "Depreciation Income Statement": 95000000.0,
        "Research And Development": 110000000.0,
        "Selling General And Administration": 931000000.0,
        "General And Administrative Expense": 931000000.0,
        "Other Gand A": 931000000.0,
        "Salaries And Wages": NaN,
        "Gross Profit": 1647000000.0,
        "Cost Of Revenue": 2821000000.0,
        "Total Revenue": 4468000000.0,
        "Operating Revenue": 4468000000.0
    },
    "2022-06-30": {
        "Tax Effect Of Unusual Items": 12480000.0,
        "Tax Rate For Calcs": 0.208,
        "Normalized EBITDA": 685000000.0,
        "Total Unusual Items": 60000000.0,
        "Total Unusual Items Excluding Goodwill": 60000000.0,
        "Net Income From Continuing Operation Net Minority Interest": 443000000.0,
        "Reconciled Depreciation": 141000000.0,
        "Reconciled Cost Of Revenue": 2954000000.0,
        "EBITDA": 745000000.0,
        "EBIT": 604000000.0,
        "Net Interest Income": -27000000.0,
        "Interest Expense": 38000000.0,
        "Interest Income": 11000000.0,
        "Normalized Income": 395480000.0,
        "Net Income From Continuing And Discontinued Operation": 441000000.0,
        "Total Expenses": 4192000000.0,
        "Diluted Average Shares": 237600000.0,
        "Basic Average Shares": 236400000.0,
        "Diluted EPS": 1.85,
        "Basic EPS": 1.86,
        "Diluted NI Availto Com Stockholders": 441000000.0,
        "Net Income Common Stockholders": 441000000.0,
        "Net Income": 441000000.0,
        "Minority Interests": -5000000.0,
        "Net Income Including Noncontrolling Interests": 446000000.0,
        "Net Income Discontinuous Operations": -2000000.0,
        "Net Income Continuous Operations": 448000000.0,
        "Tax Provision": 118000000.0,
        "Pretax Income": 566000000.0,
        "Other Income Expense": 94000000.0,
        "Other Non Operating Income Expenses": 34000000.0,
        "Special Income Charges": 60000000.0,
        "Gain On Sale Of Ppe": NaN,
        "Write Off": -60000000.0,
        "Restructuring And Mergern Acquisition": 0.0,
        "Earnings From Equity Interest": NaN,
        "Net Non Operating Interest Income Expense": -27000000.0,
        "Interest Expense Non Operating": 38000000.0,
        "Interest Income Non Operating": 11000000.0,
        "Operating Income": 499000000.0,
        "Operating Expense": 1238000000.0,
        "Depreciation Amortization Depletion Income Statement": 141000000.0,
        "Depreciation And Amortization In Income Statement": 141000000.0,
        "Amortization": 42000000.0,
        "Amortization Of Intangibles Income Statement": 42000000.0,
        "Depreciation Income Statement": 99000000.0,
        "Research And Development": 115000000.0,
        "Selling General And Administration": 982000000.0,
        "General And Administrative Expense": NaN,
        "Other Gand A": NaN,
        "Salaries And Wages": NaN,
        "Gross Profit": 1737000000.0,
        "Cost Of Revenue": 2954000000.0,
        "Total Revenue": 4691000000.0,
        "Operating Revenue": 4691000000.0
    },
    "2022-03-31": {
        "Diluted EPS": 0.08,
        "Total Revenue": NaN,
        "Gross Profit": NaN,
        "Operating Income": 376,
        "EBIT": 521,
        "Net Income": 18
    },
    "2021-12-31": {
        "Diluted EPS": 1.2,
        "Total Revenue": NaN,
        "Gross Profit": NaN,
        "Operating Income": 197,
        "EBIT": 346,
        "Net Income": 286
    },
    "2021-09-30": {
        "Diluted EPS": 1.43,
        "Total Revenue": NaN,
        "Gross Profit": NaN,
        "Operating Income": 429,
        "EBIT": 575,
        "Net Income": 344
    },
    "2021-06-30": {
        "Diluted EPS": 1.8,
        "Total Revenue": NaN,
        "Gross Profit": NaN,
        "Operating Income": 552,
        "EBIT": 689,
        "Net Income": 431
    },
    "2021-03-31": {
        "Diluted EPS": 1.58,
        "Total Revenue": NaN,
        "Gross Profit": NaN,
        "Operating Income": 527,
        "EBIT": 656,
        "Net Income": 378
    },
    "2020-12-31": {
        "Diluted EPS": 1.14,
        "Total Revenue": NaN,
        "Gross Profit": NaN,
        "Operating Income": 501,
        "EBIT": 626,
        "Net Income": 272
    },
    "2020-09-30": {
        "Diluted EPS": 1.86,
        "Total Revenue": NaN,
        "Gross Profit": NaN,
        "Operating Income": 599,
        "EBIT": 731,
        "Net Income": 442
    },
    "2020-06-30": {
        "Diluted EPS": 0.43,
        "Total Revenue": NaN,
        "Gross Profit": NaN,
        "Operating Income": 172,
        "EBIT": 295,
        "Net Income": 102
    },
    "2020-03-31": {
        "Diluted EPS": 1.02,
        "Total Revenue": NaN,
        "Gross Profit": NaN,
        "Operating Income": 334,
        "EBIT": 463,
        "Net Income": 243
    },
    "2019-12-31": {
        "Diluted EPS": 1.23,
        "Total Revenue": NaN,
        "Gross Profit": NaN,
        "Operating Income": 423,
        "EBIT": 557,
        "Net Income": 292
    },
    "2019-09-30": {
        "Diluted EPS": 1.54,
        "Total Revenue": NaN,
        "Gross Profit": NaN,
        "Operating Income": 516,
        "EBIT": 649,
        "Net Income": 367
    },
    "2019-06-30": {
        "Diluted EPS": 1.14,
        "Total Revenue": NaN,
        "Gross Profit": NaN,
        "Operating Income": 389,
        "EBIT": 515,
        "Net Income": 272
    },
    "2019-03-31": {
        "Diluted EPS": 1.31,
        "Total Revenue": NaN,
        "Gross Profit": NaN,
        "Operating Income": 442,
        "EBIT": 560,
        "Net Income": 312
    },
    "2018-12-31": {
        "Diluted EPS": 1.08,
        "Total Revenue": NaN,
        "Gross Profit": NaN,
        "Operating Income": 375,
        "EBIT": 502,
        "Net Income": 258
    },
    "2018-09-30": {
        "Diluted EPS": 1.55,
        "Total Revenue": NaN,
        "Gross Profit": NaN,
        "Operating Income": 477,
        "EBIT": 599,
        "Net Income": 378
    },
    "2018-06-30": {
        "Diluted EPS": 1.51,
        "Total Revenue": NaN,
        "Gross Profit": NaN,
        "Operating Income": 485,
        "EBIT": 610,
        "Net Income": 371
    },
    "2018-03-31": {
        "Diluted EPS": 1.33,
        "Total Revenue": NaN,
        "Gross Profit": NaN,
        "Operating Income": 459,
        "EBIT": 582,
        "Net Income": 334
    },
    "2017-12-31": {
        "Diluted EPS": 0.6,
        "Total Revenue": NaN,
        "Gross Profit": NaN,
        "Operating Income": 417,
        "EBIT": 537,
        "Net Income": 151
    },
    "2017-09-30": {
        "Diluted EPS": 2.36,
        "Total Revenue": NaN,
        "Gross Profit": NaN,
        "Operating Income": 547,
        "EBIT": 664,
        "Net Income": 610
    },
    "2017-06-30": {
        "Diluted EPS": 1.92,
        "Total Revenue": NaN,
        "Gross Profit": NaN,
        "Operating Income": 620,
        "EBIT": 733,
        "Net Income": 496
    },
    "2017-03-31": {
        "Diluted EPS": 1.3,
        "Total Revenue": NaN,
        "Gross Profit": NaN,
        "Operating Income": 490,
        "EBIT": 600,
        "Net Income": 337
    },
    "2016-12-31": {
        "Diluted EPS": 1.3,
        "Total Revenue": NaN,
        "Gross Profit": NaN,
        "Operating Income": 278,
        "EBIT": 387,
        "Net Income": 340
    },
    "2016-09-30": {
        "Diluted EPS": -0.69,
        "Total Revenue": NaN,
        "Gross Profit": NaN,
        "Operating Income": 561,
        "EBIT": 674,
        "Net Income": -184
    },
    "2016-06-30": {
        "Diluted EPS": 1.37,
        "Total Revenue": NaN,
        "Gross Profit": NaN,
        "Operating Income": 640,
        "EBIT": 743,
        "Net Income": 370
    },
    "2016-03-31": {
        "Diluted EPS": 1.29,
        "Total Revenue": NaN,
        "Gross Profit": NaN,
        "Operating Income": 487,
        "EBIT": 602,
        "Net Income": 347
    },
    "2015-12-31": {
        "Diluted EPS": 1.15,
        "Total Revenue": NaN,
        "Gross Profit": NaN,
        "Operating Income": 340,
        "EBIT": 434,
        "Net Income": 314
    },
    "2015-09-30": {
        "Diluted EPS": 1.59,
        "Total Revenue": NaN,
        "Gross Profit": NaN,
        "Operating Income": 564,
        "EBIT": 671,
        "Net Income": 433
    },
    "2015-06-30": {
        "Diluted EPS": 1.23,
        "Total Revenue": NaN,
        "Gross Profit": NaN,
        "Operating Income": 475,
        "EBIT": 600,
        "Net Income": 337
    },
    "2015-03-31": {
        "Diluted EPS": 1.17,
        "Total Revenue": NaN,
        "Gross Profit": NaN,
        "Operating Income": 444,
        "EBIT": 564,
        "Net Income": 322
    },
    "2014-12-31": {
        "Diluted EPS": 0.33,
        "Total Revenue": NaN,
        "Gross Profit": NaN,
        "Operating Income": 332,
        "EBIT": 429,
        "Net Income": 83
    },
    "2014-09-30": {
        "Diluted EPS": 1.33,
        "Total Revenue": NaN,
        "Gross Profit": NaN,
        "Operating Income": 526,
        "EBIT": 645,
        "Net Income": 371
    },
    "2014-06-30": {
        "Diluted EPS": 1.38,
        "Total Revenue": NaN,
        "Gross Profit": NaN,
        "Operating Income": 550,
        "EBIT": 665,
        "Net Income": 386
    },
    "2014-03-31": {
        "Diluted EPS": 4.49,
        "Total Revenue": NaN,
        "Gross Profit": NaN,
        "Operating Income": 406,
        "EBIT": 525,
        "Net Income": NaN
    },
    "2013-12-31": {
        "Diluted EPS": 1.02,
        "Total Revenue": NaN,
        "Gross Profit": NaN,
        "Operating Income": 329,
        "EBIT": 448,
        "Net Income": 254
    },
    "2013-09-30": {
        "Diluted EPS": 0.78,
        "Total Revenue": NaN,
        "Gross Profit": NaN,
        "Operating Income": 375,
        "EBIT": 488,
        "Net Income": 226
    },
    "2013-06-30": {
        "Diluted EPS": 1.18,
        "Total Revenue": NaN,
        "Gross Profit": NaN,
        "Operating Income": 458,
        "EBIT": 577,
        "Net Income": 341
    },
    "2013-03-31": {
        "Diluted EPS": 8.16,
        "Total Revenue": NaN,
        "Gross Profit": NaN,
        "Operating Income": 290,
        "EBIT": 391,
        "Net Income": NaN
    },
    "2012-12-31": {
        "Diluted EPS": 0.73,
        "Total Revenue": NaN,
        "Gross Profit": 813,
        "Operating Income": 73,
        "EBIT": 157,
        "Net Income": 227
    },
    "2012-09-30": {
        "Diluted EPS": 1.09,
        "Total Revenue": NaN,
        "Gross Profit": NaN,
        "Operating Income": 429,
        "EBIT": 533,
        "Net Income": 339
    },
    "2012-06-30": {
        "Diluted EPS": 1.17,
        "Total Revenue": NaN,
        "Gross Profit": NaN,
        "Operating Income": 455,
        "EBIT": 558,
        "Net Income": 362
    },
    "2012-03-31": {
        "Diluted EPS": 0.04,
        "Total Revenue": NaN,
        "Gross Profit": NaN,
        "Operating Income": 138,
        "EBIT": 246,
        "Net Income": 13
    },
    "2011-12-31": {
        "Diluted EPS": 0.7,
        "Total Revenue": NaN,
        "Gross Profit": NaN,
        "Operating Income": 307,
        "EBIT": 380,
        "Net Income": 216
    },
    "2011-09-30": {
        "Diluted EPS": 0.98,
        "Total Revenue": NaN,
        "Gross Profit": NaN,
        "Operating Income": 466,
        "EBIT": 582,
        "Net Income": 311
    },
    "2011-06-30": {
        "Diluted EPS": 1.06,
        "Total Revenue": NaN,
        "Gross Profit": NaN,
        "Operating Income": 511,
        "EBIT": 630,
        "Net Income": 340
    },
    "2011-03-31": {
        "Diluted EPS": 0.7,
        "Total Revenue": NaN,
        "Gross Profit": NaN,
        "Operating Income": 389,
        "EBIT": 506,
        "Net Income": 228
    },
    "2010-12-31": {
        "Diluted EPS": 0.62,
        "Total Revenue": NaN,
        "Gross Profit": NaN,
        "Operating Income": 304,
        "EBIT": 422,
        "Net Income": 205
    },
    "2010-09-30": {
        "Diluted EPS": 0.79,
        "Total Revenue": NaN,
        "Gross Profit": NaN,
        "Operating Income": 400,
        "EBIT": 516,
        "Net Income": 262
    },
    "2010-06-30": {
        "Diluted EPS": 0.82,
        "Total Revenue": NaN,
        "Gross Profit": NaN,
        "Operating Income": 425,
        "EBIT": 540,
        "Net Income": 272
    },
    "2010-03-31": {
        "Diluted EPS": 0.09,
        "Total Revenue": NaN,
        "Gross Profit": NaN,
        "Operating Income": 238,
        "EBIT": 359,
        "Net Income": 30
    },
    "2009-12-31": {
        "Diluted EPS": 0.43,
        "Total Revenue": NaN,
        "Gross Profit": NaN,
        "Operating Income": 200,
        "EBIT": 200,
        "Net Income": 142
    },
    "2009-09-30": {
        "Diluted EPS": 0.48,
        "Total Revenue": NaN,
        "Gross Profit": NaN,
        "Operating Income": 289,
        "EBIT": 289,
        "Net Income": 159
    },
    "2009-06-30": {
        "Diluted EPS": 0.45,
        "Total Revenue": NaN,
        "Gross Profit": NaN,
        "Operating Income": 270,
        "EBIT": 270,
        "Net Income": 146
    },
    "2009-03-31": {
        "Diluted EPS": -0.34,
        "Total Revenue": NaN,
        "Gross Profit": NaN,
        "Operating Income": -49,
        "EBIT": -49,
        "Net Income": -111
    },
    "2023-09-30": {
        "Tax Effect Of Unusual Items": 0.0,
        "Tax Rate For Calcs": 0.217235,
        "Normalized EBITDA": 763000000.0,
        "Total Unusual Items": 0.0,
        "Total Unusual Items Excluding Goodwill": 0.0,
        "Net Income From Continuing Operation Net Minority Interest": 426000000.0,
        "Reconciled Depreciation": 142000000.0,
        "Reconciled Cost Of Revenue": 2752000000.0,
        "EBITDA": 763000000.0,
        "EBIT": 621000000.0,
        "Net Interest Income": -25000000.0,
        "Interest Expense": 64000000.0,
        "Interest Income": 39000000.0,
        "Normalized Income": 426000000.0,
        "Net Income From Continuing And Discontinued Operation": 426000000.0,
        "Total Expenses": 4049000000.0,
        "Diluted Average Shares": 237500000.0,
        "Basic Average Shares": 236200000.0,
        "Diluted EPS": 1.79,
        "Basic EPS": 1.8,
        "Diluted NI Availto Com Stockholders": 426000000.0,
        "Net Income Common Stockholders": 426000000.0,
        "Net Income": 426000000.0,
        "Minority Interests": -10000000.0,
        "Net Income Including Noncontrolling Interests": 436000000.0,
        "Net Income Discontinuous Operations": 0.0,
        "Net Income Continuous Operations": 436000000.0,
        "Tax Provision": 121000000.0,
        "Pretax Income": 557000000.0,
        "Other Income Expense": -13000000.0,
        "Other Non Operating Income Expenses": -13000000.0,
        "Special Income Charges": 0.0,
        "Gain On Sale Of Ppe": NaN,
        "Write Off": 0.0,
        "Restructuring And Mergern Acquisition": NaN,
        "Earnings From Equity Interest": NaN,
        "Net Non Operating Interest Income Expense": -25000000.0,
        "Interest Expense Non Operating": 64000000.0,
        "Interest Income Non Operating": 39000000.0,
        "Operating Income": 595000000.0,
        "Operating Expense": 1297000000.0,
        "Depreciation Amortization Depletion Income Statement": 142000000.0,
        "Depreciation And Amortization In Income Statement": 142000000.0,
        "Amortization": 40000000.0,
        "Amortization Of Intangibles Income Statement": 40000000.0,
        "Depreciation Income Statement": 102000000.0,
        "Research And Development": 108000000.0,
        "Selling General And Administration": 1047000000.0,
        "General And Administrative Expense": 1047000000.0,
        "Other Gand A": 1047000000.0,
        "Salaries And Wages": 0.0,
        "Gross Profit": 1892000000.0,
        "Cost Of Revenue": 2752000000.0,
        "Total Revenue": 4644000000.0,
        "Operating Revenue": 4644000000.0
    }
}