{
    "2023-03-31": {
        "Tax Effect Of Unusual Items": 1302197.802198,
        "Tax Rate For Calcs": 0.217033,
        "Normalized EBITDA": 852000000.0,
        "Total Unusual Items": 6000000.0,
        "Total Unusual Items Excluding Goodwill": 6000000.0,
        "Net Income From Continuing Operation Net Minority Interest": 285000000.0,
        "Reconciled Depreciation": 330000000.0,
        "Reconciled Cost Of Revenue": 1477000000.0,
        "EBITDA": 858000000.0,
        "EBIT": 528000000.0,
        "Net Interest Income": -155000000.0,
        "Interest Expense": 164000000.0,
        "Interest Income": 9000000.0,
        "Normalized Income": 280302197.802198,
        "Net Income From Continuing And Discontinued Operation": 285000000.0,
        "Total Expenses": 1900000000.0,
        "Total Operating Income As Reported": 498000000.0,
        "Diluted Average Shares": 737698000.0,
        "Basic Average Shares": 736829000.0,
        "Diluted EPS": 0.39,
        "Basic EPS": 0.39,
        "Diluted NI Availto Com Stockholders": 285000000.0,
        "Net Income Common Stockholders": 285000000.0,
        "Net Income": 285000000.0,
        "Net Income Including Noncontrolling Interests": 285000000.0,
        "Net Income Discontinuous Operations": NaN,
        "Net Income Continuous Operations": 285000000.0,
        "Tax Provision": 79000000.0,
        "Pretax Income": 364000000.0,
        "Other Income Expense": 4000000.0,
        "Other Non Operating Income Expenses": -2000000.0,
        "Special Income Charges": 6000000.0,
        "Other Special Charges": -6000000.0,
        "Net Non Operating Interest Income Expense": -155000000.0,
        "Interest Expense Non Operating": 164000000.0,
        "Interest Income Non Operating": 9000000.0,
        "Operating Income": 515000000.0,
        "Operating Expense": 406000000.0,
        "Other Taxes": 110000000.0,
        "Depreciation Amortization Depletion Income Statement": 313000000.0,
        "Depreciation And Amortization In Income Statement": 313000000.0,
        "Depreciation Income Statement": 313000000.0,
        "Selling General And Administration": -17000000.0,
        "General And Administrative Expense": -17000000.0,
        "Salaries And Wages": -17000000.0,
        "Gross Profit": 921000000.0,
        "Cost Of Revenue": 1494000000.0,
        "Total Revenue": 2415000000.0,
        "Operating Revenue": 2415000000.0
    },
    "2022-12-31": {
        "Tax Effect Of Unusual Items": NaN,
        "Tax Rate For Calcs": NaN,
        "Normalized EBITDA": NaN,
        "Total Unusual Items": NaN,
        "Total Unusual Items Excluding Goodwill": NaN,
        "Net Income From Continuing Operation Net Minority Interest": NaN,
        "Reconciled Depreciation": NaN,
        "Reconciled Cost Of Revenue": NaN,
        "EBITDA": NaN,
        "EBIT": NaN,
        "Net Interest Income": NaN,
        "Interest Expense": NaN,
        "Interest Income": NaN,
        "Normalized Income": NaN,
        "Net Income From Continuing And Discontinued Operation": NaN,
        "Total Expenses": NaN,
        "Total Operating Income As Reported": NaN,
        "Diluted Average Shares": NaN,
        "Basic Average Shares": NaN,
        "Diluted EPS": NaN,
        "Basic EPS": NaN,
        "Diluted NI Availto Com Stockholders": NaN,
        "Net Income Common Stockholders": NaN,
        "Net Income": NaN,
        "Net Income Including Noncontrolling Interests": NaN,
        "Net Income Discontinuous Operations": 42000000.0,
        "Net Income Continuous Operations": NaN,
        "Tax Provision": NaN,
        "Pretax Income": NaN,
        "Other Income Expense": NaN,
        "Other Non Operating Income Expenses": NaN,
        "Special Income Charges": NaN,
        "Other Special Charges": NaN,
        "Net Non Operating Interest Income Expense": NaN,
        "Interest Expense Non Operating": NaN,
        "Interest Income Non Operating": NaN,
        "Operating Income": NaN,
        "Operating Expense": NaN,
        "Other Taxes": NaN,
        "Depreciation Amortization Depletion Income Statement": NaN,
        "Depreciation And Amortization In Income Statement": NaN,
        "Depreciation Income Statement": NaN,
        "Selling General And Administration": NaN,
        "General And Administrative Expense": NaN,
        "Salaries And Wages": NaN,
        "Gross Profit": NaN,
        "Cost Of Revenue": NaN,
        "Total Revenue": NaN,
        "Operating Revenue": NaN
    },
    "2022-09-30": {
        "Tax Effect Of Unusual Items": NaN,
        "Tax Rate For Calcs": NaN,
        "Normalized EBITDA": NaN,
        "Total Unusual Items": NaN,
        "Total Unusual Items Excluding Goodwill": NaN,
        "Net Income From Continuing Operation Net Minority Interest": NaN,
        "Reconciled Depreciation": NaN,
        "Reconciled Cost Of Revenue": NaN,
        "EBITDA": NaN,
        "EBIT": NaN,
        "Net Interest Income": NaN,
        "Interest Expense": NaN,
        "Interest Income": NaN,
        "Normalized Income": NaN,
        "Net Income From Continuing And Discontinued Operation": NaN,
        "Total Expenses": NaN,
        "Total Operating Income As Reported": NaN,
        "Diluted Average Shares": NaN,
        "Basic Average Shares": NaN,
        "Diluted EPS": NaN,
        "Basic EPS": NaN,
        "Diluted NI Availto Com Stockholders": NaN,
        "Net Income Common Stockholders": NaN,
        "Net Income": NaN,
        "Net Income Including Noncontrolling Interests": NaN,
        "Net Income Discontinuous Operations": 0.0,
        "Net Income Continuous Operations": NaN,
        "Tax Provision": NaN,
        "Pretax Income": NaN,
        "Other Income Expense": NaN,
        "Other Non Operating Income Expenses": NaN,
        "Special Income Charges": NaN,
        "Other Special Charges": NaN,
        "Net Non Operating Interest Income Expense": NaN,
        "Interest Expense Non Operating": NaN,
        "Interest Income Non Operating": NaN,
        "Operating Income": NaN,
        "Operating Expense": NaN,
        "Other Taxes": NaN,
        "Depreciation Amortization Depletion Income Statement": NaN,
        "Depreciation And Amortization In Income Statement": NaN,
        "Depreciation Income Statement": NaN,
        "Selling General And Administration": NaN,
        "General And Administrative Expense": NaN,
        "Salaries And Wages": NaN,
        "Gross Profit": NaN,
        "Cost Of Revenue": NaN,
        "Total Revenue": NaN,
        "Operating Revenue": NaN
    },
    "2022-06-30": {
        "Tax Effect Of Unusual Items": 1059602.649007,
        "Tax Rate For Calcs": 0.211921,
        "Normalized EBITDA": 562000000.0,
        "Total Unusual Items": 5000000.0,
        "Total Unusual Items Excluding Goodwill": 5000000.0,
        "Net Income From Continuing Operation Net Minority Interest": 119000000.0,
        "Reconciled Depreciation": 297000000.0,
        "Reconciled Cost Of Revenue": 1086000000.0,
        "EBITDA": 567000000.0,
        "EBIT": 270000000.0,
        "Net Interest Income": -119000000.0,
        "Interest Expense": 119000000.0,
        "Interest Income": NaN,
        "Normalized Income": 115059602.649007,
        "Net Income From Continuing And Discontinued Operation": 119000000.0,
        "Total Expenses": 1453000000.0,
        "Total Operating Income As Reported": 243000000.0,
        "Diluted Average Shares": 736769000.0,
        "Basic Average Shares": 735977000.0,
        "Diluted EPS": 0.16,
        "Basic EPS": 0.16,
        "Diluted NI Availto Com Stockholders": 119000000.0,
        "Net Income Common Stockholders": 119000000.0,
        "Net Income": 119000000.0,
        "Net Income Including Noncontrolling Interests": 119000000.0,
        "Net Income Discontinuous Operations": 0.0,
        "Net Income Continuous Operations": 119000000.0,
        "Tax Provision": 32000000.0,
        "Pretax Income": 151000000.0,
        "Other Income Expense": 27000000.0,
        "Other Non Operating Income Expenses": 22000000.0,
        "Special Income Charges": 5000000.0,
        "Other Special Charges": -5000000.0,
        "Net Non Operating Interest Income Expense": -119000000.0,
        "Interest Expense Non Operating": 119000000.0,
        "Interest Income Non Operating": NaN,
        "Operating Income": 243000000.0,
        "Operating Expense": 359000000.0,
        "Other Taxes": 70000000.0,
        "Depreciation Amortization Depletion Income Statement": 289000000.0,
        "Depreciation And Amortization In Income Statement": 289000000.0,
        "Depreciation Income Statement": 289000000.0,
        "Gross Profit": 602000000.0,
        "Cost Of Revenue": 1094000000.0,
        "Total Revenue": 1696000000.0,
        "Operating Revenue": 1696000000.0
    },
    "2022-03-31": {
        "Diluted EPS": 0.37,
        "Total Revenue": NaN,
        "Gross Profit": NaN,
        "Operating Income": 454,
        "EBIT": 732,
        "Net Income": 273
    },
    "2021-12-31": {
        "Diluted EPS": 0.16,
        "Total Revenue": NaN,
        "Gross Profit": NaN,
        "Operating Income": 308,
        "EBIT": 589,
        "Net Income": 134
    },
    "2021-09-30": {
        "Diluted EPS": 0.27,
        "Total Revenue": NaN,
        "Gross Profit": NaN,
        "Operating Income": 431,
        "EBIT": 695,
        "Net Income": 207
    },
    "2021-06-30": {
        "Diluted EPS": 0.03,
        "Total Revenue": NaN,
        "Gross Profit": 992,
        "Operating Income": 270,
        "EBIT": 568,
        "Net Income": 19
    },
    "2021-03-31": {
        "Diluted EPS": -2.39,
        "Total Revenue": NaN,
        "Gross Profit": NaN,
        "Operating Income": 415,
        "EBIT": 693,
        "Net Income": NaN
    },
    "2020-12-31": {
        "Diluted EPS": 0.37,
        "Total Revenue": NaN,
        "Gross Profit": NaN,
        "Operating Income": 378,
        "EBIT": 656,
        "Net Income": 290
    },
    "2020-09-30": {
        "Diluted EPS": 0.37,
        "Total Revenue": NaN,
        "Gross Profit": NaN,
        "Operating Income": 437,
        "EBIT": 712,
        "Net Income": 281
    },
    "2020-06-30": {
        "Diluted EPS": 0.45,
        "Total Revenue": NaN,
        "Gross Profit": 992,
        "Operating Income": 347,
        "EBIT": 615,
        "Net Income": 344
    },
    "2020-03-31": {
        "Diluted EPS": 0.72,
        "Total Revenue": NaN,
        "Gross Profit": NaN,
        "Operating Income": 424,
        "EBIT": 683,
        "Net Income": 554
    },
    "2019-12-31": {
        "Diluted EPS": 0.48,
        "Total Revenue": -213,
        "Gross Profit": -551,
        "Operating Income": -621,
        "EBIT": -564,
        "Net Income": 364
    },
    "2019-09-30": {
        "Diluted EPS": 0.65,
        "Total Revenue": NaN,
        "Gross Profit": NaN,
        "Operating Income": 726,
        "EBIT": NaN,
        "Net Income": 475
    },
    "2019-06-30": {
        "Diluted EPS": 0.6,
        "Total Revenue": NaN,
        "Gross Profit": NaN,
        "Operating Income": 640,
        "EBIT": 949,
        "Net Income": 441
    },
    "2019-03-31": {
        "Diluted EPS": 0.64,
        "Total Revenue": NaN,
        "Gross Profit": NaN,
        "Operating Income": 781,
        "EBIT": NaN,
        "Net Income": 466
    },
    "2018-12-31": {
        "Diluted EPS": 0.58,
        "Total Revenue": NaN,
        "Gross Profit": NaN,
        "Operating Income": 657,
        "EBIT": 956,
        "Net Income": 415
    },
    "2018-09-30": {
        "Diluted EPS": 0.62,
        "Total Revenue": NaN,
        "Gross Profit": NaN,
        "Operating Income": 686,
        "EBIT": 983,
        "Net Income": 445
    },
    "2018-06-30": {
        "Diluted EPS": 0.73,
        "Total Revenue": NaN,
        "Gross Profit": NaN,
        "Operating Income": 658,
        "EBIT": 944,
        "Net Income": 515
    },
    "2018-03-31": {
        "Diluted EPS": 0.65,
        "Total Revenue": NaN,
        "Gross Profit": NaN,
        "Operating Income": 851,
        "EBIT": NaN,
        "Net Income": 452
    },
    "2017-12-31": {
        "Diluted EPS": 0.11,
        "Total Revenue": NaN,
        "Gross Profit": NaN,
        "Operating Income": 749,
        "EBIT": NaN,
        "Net Income": 78
    },
    "2017-09-30": {
        "Diluted EPS": 0.51,
        "Total Revenue": NaN,
        "Gross Profit": NaN,
        "Operating Income": 736,
        "EBIT": NaN,
        "Net Income": 355
    },
    "2017-06-30": {
        "Diluted EPS": 0.43,
        "Total Revenue": NaN,
        "Gross Profit": NaN,
        "Operating Income": 658,
        "EBIT": 926,
        "Net Income": 292
    },
    "2017-03-31": {
        "Diluted EPS": 0.59,
        "Total Revenue": NaN,
        "Gross Profit": NaN,
        "Operating Income": 758,
        "EBIT": NaN,
        "Net Income": 403
    },
    "2016-12-31": {
        "Diluted EPS": 0.68,
        "Total Revenue": NaN,
        "Gross Profit": NaN,
        "Operating Income": 602,
        "EBIT": 862,
        "Net Income": 465
    },
    "2016-09-30": {
        "Diluted EPS": 0.69,
        "Total Revenue": NaN,
        "Gross Profit": NaN,
        "Operating Income": 786,
        "EBIT": NaN,
        "Net Income": 473
    },
    "2016-06-30": {
        "Diluted EPS": 0.71,
        "Total Revenue": NaN,
        "Gross Profit": NaN,
        "Operating Income": 725,
        "EBIT": 975,
        "Net Income": 483
    },
    "2016-03-31": {
        "Diluted EPS": 0.71,
        "Total Revenue": NaN,
        "Gross Profit": NaN,
        "Operating Income": 823,
        "EBIT": NaN,
        "Net Income": 481
    },
    "2015-12-31": {
        "Diluted EPS": 0.6,
        "Total Revenue": NaN,
        "Gross Profit": NaN,
        "Operating Income": 617,
        "EBIT": 855,
        "Net Income": 399
    },
    "2015-09-30": {
        "Diluted EPS": 0.58,
        "Total Revenue": NaN,
        "Gross Profit": NaN,
        "Operating Income": 686,
        "EBIT": 931,
        "Net Income": 393
    },
    "2015-06-30": {
        "Diluted EPS": -1.13,
        "Total Revenue": NaN,
        "Gross Profit": NaN,
        "Operating Income": 638,
        "EBIT": 870,
        "Net Income": -757
    },
    "2015-03-31": {
        "Diluted EPS": 0.96,
        "Total Revenue": NaN,
        "Gross Profit": NaN,
        "Operating Income": 890,
        "EBIT": NaN,
        "Net Income": 647
    },
    "2014-12-31": {
        "Diluted EPS": 1.04,
        "Total Revenue": NaN,
        "Gross Profit": NaN,
        "Operating Income": 778,
        "EBIT": NaN,
        "Net Income": 686
    },
    "2014-09-30": {
        "Diluted EPS": 0.74,
        "Total Revenue": NaN,
        "Gross Profit": NaN,
        "Operating Income": 688,
        "EBIT": 937,
        "Net Income": 497
    },
    "2014-06-30": {
        "Diluted EPS": 0.34,
        "Total Revenue": NaN,
        "Gross Profit": NaN,
        "Operating Income": 678,
        "EBIT": 803,
        "Net Income": 229
    },
    "2014-03-31": {
        "Diluted EPS": 0.49,
        "Total Revenue": NaN,
        "Gross Profit": NaN,
        "Operating Income": 723,
        "EBIT": NaN,
        "Net Income": 316
    },
    "2013-12-31": {
        "Diluted EPS": -0.14,
        "Total Revenue": NaN,
        "Gross Profit": -342,
        "Operating Income": 264,
        "EBIT": 150,
        "Net Income": -104
    },
    "2013-09-30": {
        "Diluted EPS": 0.62,
        "Total Revenue": NaN,
        "Gross Profit": NaN,
        "Operating Income": 846,
        "EBIT": NaN,
        "Net Income": 410
    },
    "2013-06-30": {
        "Diluted EPS": 0.63,
        "Total Revenue": NaN,
        "Gross Profit": NaN,
        "Operating Income": 758,
        "EBIT": NaN,
        "Net Income": 405
    },
    "2013-03-31": {
        "Diluted EPS": 0.65,
        "Total Revenue": NaN,
        "Gross Profit": NaN,
        "Operating Income": 693,
        "EBIT": NaN,
        "Net Income": 413
    },
    "2012-12-31": {
        "Diluted EPS": 0.6,
        "Total Revenue": NaN,
        "Gross Profit": NaN,
        "Operating Income": 739,
        "EBIT": NaN,
        "Net Income": 348
    },
    "2012-09-30": {
        "Diluted EPS": 0.61,
        "Total Revenue": NaN,
        "Gross Profit": NaN,
        "Operating Income": 664,
        "EBIT": 998,
        "Net Income": 355
    },
    "2012-06-30": {
        "Diluted EPS": 0.46,
        "Total Revenue": NaN,
        "Gross Profit": NaN,
        "Operating Income": 572,
        "EBIT": 876,
        "Net Income": 271
    },
    "2012-03-31": {
        "Diluted EPS": 0.93,
        "Total Revenue": NaN,
        "Gross Profit": NaN,
        "Operating Income": NaN,
        "EBIT": NaN,
        "Net Income": 538
    },
    "2011-12-31": {
        "Diluted EPS": 0.77,
        "Total Revenue": NaN,
        "Gross Profit": NaN,
        "Operating Income": 934,
        "EBIT": NaN,
        "Net Income": 454
    },
    "2011-09-30": {
        "Diluted EPS": 0.76,
        "Total Revenue": NaN,
        "Gross Profit": NaN,
        "Operating Income": 767,
        "EBIT": NaN,
        "Net Income": 444
    },
    "2011-06-30": {
        "Diluted EPS": 0.35,
        "Total Revenue": NaN,
        "Gross Profit": NaN,
        "Operating Income": 595,
        "EBIT": 912,
        "Net Income": 196
    },
    "2011-03-31": {
        "Diluted EPS": 0.82,
        "Total Revenue": NaN,
        "Gross Profit": NaN,
        "Operating Income": 805,
        "EBIT": NaN,
        "Net Income": 401
    },
    "2010-12-31": {
        "Diluted EPS": 0.78,
        "Total Revenue": NaN,
        "Gross Profit": NaN,
        "Operating Income": 642,
        "EBIT": 879,
        "Net Income": 351
    },
    "2010-09-30": {
        "Diluted EPS": 0.51,
        "Total Revenue": NaN,
        "Gross Profit": NaN,
        "Operating Income": 522,
        "EBIT": 720,
        "Net Income": 248
    },
    "2010-06-30": {
        "Diluted EPS": 0.22,
        "Total Revenue": NaN,
        "Gross Profit": 923,
        "Operating Income": 226,
        "EBIT": 410,
        "Net Income": 85
    },
    "2010-03-31": {
        "Diluted EPS": 0.66,
        "Total Revenue": NaN,
        "Gross Profit": NaN,
        "Operating Income": 476,
        "EBIT": 637,
        "Net Income": 250
    },
    "2009-12-31": {
        "Diluted EPS": 0.41,
        "Total Revenue": NaN,
        "Gross Profit": 948,
        "Operating Income": 209,
        "EBIT": 438,
        "Net Income": 153
    },
    "2009-09-30": {
        "Diluted EPS": 0.05,
        "Total Revenue": NaN,
        "Gross Profit": 854,
        "Operating Income": 171,
        "EBIT": 395,
        "Net Income": 20
    },
    "2009-06-30": {
        "Diluted EPS": -0.02,
        "Total Revenue": NaN,
        "Gross Profit": 807,
        "Operating Income": 104,
        "EBIT": 308,
        "Net Income": -7
    },
    "2009-03-31": {
        "Diluted EPS": 0.64,
        "Total Revenue": NaN,
        "Gross Profit": NaN,
        "Operating Income": 412,
        "EBIT": 615,
        "Net Income": 241
    },
    "2023-06-30": {
        "Tax Effect Of Unusual Items": 1820689.655172,
        "Tax Rate For Calcs": 0.227586,
        "Normalized EBITDA": 637000000.0,
        "Total Unusual Items": 8000000.0,
        "Total Unusual Items Excluding Goodwill": 8000000.0,
        "Net Income From Continuing Operation Net Minority Interest": 112000000.0,
        "Reconciled Depreciation": 335000000.0,
        "Reconciled Cost Of Revenue": 1094000000.0,
        "EBITDA": 645000000.0,
        "EBIT": 310000000.0,
        "Net Interest Income": -157000000.0,
        "Interest Expense": 165000000.0,
        "Interest Income": 8000000.0,
        "Normalized Income": 105820689.655172,
        "Net Income From Continuing And Discontinued Operation": 112000000.0,
        "Total Expenses": 1519000000.0,
        "Total Operating Income As Reported": 305000000.0,
        "Diluted Average Shares": 738177000.0,
        "Basic Average Shares": 737075000.0,
        "Diluted EPS": 0.15,
        "Basic EPS": 0.15,
        "Diluted NI Availto Com Stockholders": 112000000.0,
        "Net Income Common Stockholders": 112000000.0,
        "Net Income": 112000000.0,
        "Net Income Including Noncontrolling Interests": 112000000.0,
        "Net Income Discontinuous Operations": NaN,
        "Net Income Continuous Operations": 112000000.0,
        "Tax Provision": 33000000.0,
        "Pretax Income": 145000000.0,
        "Other Income Expense": -2000000.0,
        "Other Non Operating Income Expenses": -10000000.0,
        "Special Income Charges": 8000000.0,
        "Other Special Charges": -8000000.0,
        "Net Non Operating Interest Income Expense": -157000000.0,
        "Interest Expense Non Operating": 165000000.0,
        "Interest Income Non Operating": 8000000.0,
        "Operating Income": 304000000.0,
        "Operating Expense": 403000000.0,
        "Other Taxes": 89000000.0,
        "Depreciation Amortization Depletion Income Statement": 313000000.0,
        "Depreciation And Amortization In Income Statement": 313000000.0,
        "Depreciation Income Statement": 313000000.0,
        "Selling General And Administration": 1000000.0,
        "General And Administrative Expense": 1000000.0,
        "Salaries And Wages": 1000000.0,
        "Gross Profit": 707000000.0,
        "Cost Of Revenue": 1116000000.0,
        "Total Revenue": 1823000000.0,
        "Operating Revenue": 1823000000.0
    },
    "2023-09-30": {
        "Tax Effect Of Unusual Items": 1409722.222222,
        "Tax Rate For Calcs": 0.201389,
        "Normalized EBITDA": 782000000.0,
        "Total Unusual Items": 7000000.0,
        "Total Unusual Items Excluding Goodwill": 7000000.0,
        "Net Income From Continuing Operation Net Minority Interest": 230000000.0,
        "Reconciled Depreciation": 336000000.0,
        "Reconciled Cost Of Revenue": 1170000000.0,
        "EBITDA": 789000000.0,
        "EBIT": 453000000.0,
        "Net Interest Income": -161000000.0,
        "Interest Expense": 165000000.0,
        "Interest Income": 4000000.0,
        "Normalized Income": 224409722.222222,
        "Net Income From Continuing And Discontinued Operation": 230000000.0,
        "Total Expenses": 1593000000.0,
        "Total Operating Income As Reported": 437000000.0,
        "Diluted Average Shares": 738184000.0,
        "Basic Average Shares": 737107000.0,
        "Diluted EPS": 0.31,
        "Basic EPS": 0.31,
        "Diluted NI Availto Com Stockholders": 230000000.0,
        "Net Income Common Stockholders": 230000000.0,
        "Net Income": 230000000.0,
        "Net Income Including Noncontrolling Interests": 230000000.0,
        "Net Income Discontinuous Operations": NaN,
        "Net Income Continuous Operations": 230000000.0,
        "Tax Provision": 58000000.0,
        "Pretax Income": 288000000.0,
        "Other Income Expense": -1000000.0,
        "Other Non Operating Income Expenses": -8000000.0,
        "Special Income Charges": 7000000.0,
        "Other Special Charges": -7000000.0,
        "Net Non Operating Interest Income Expense": -161000000.0,
        "Interest Expense Non Operating": 165000000.0,
        "Interest Income Non Operating": 4000000.0,
        "Operating Income": 450000000.0,
        "Operating Expense": 401000000.0,
        "Other Taxes": 100000000.0,
        "Depreciation Amortization Depletion Income Statement": 314000000.0,
        "Depreciation And Amortization In Income Statement": 314000000.0,
        "Depreciation Income Statement": 314000000.0,
        "Selling General And Administration": -13000000.0,
        "General And Administrative Expense": -13000000.0,
        "Salaries And Wages": -13000000.0,
        "Gross Profit": 851000000.0,
        "Cost Of Revenue": 1192000000.0,
        "Total Revenue": 2043000000.0,
        "Operating Revenue": 2043000000.0
    },
    "2023-12-31": {
        "Tax Effect Of Unusual Items": -12677165.354331,
        "Tax Rate For Calcs": 0.110236,
        "Normalized EBITDA": 748000000.0,
        "Total Unusual Items": -115000000.0,
        "Total Unusual Items Excluding Goodwill": -115000000.0,
        "Net Income From Continuing Operation Net Minority Interest": 113000000.0,
        "Reconciled Depreciation": 334000000.0,
        "Reconciled Cost Of Revenue": 1214000000.0,
        "EBITDA": 633000000.0,
        "EBIT": 299000000.0,
        "Net Interest Income": -162000000.0,
        "Interest Expense": 172000000.0,
        "Interest Income": 10000000.0,
        "Normalized Income": 215322834.645669,
        "Net Income From Continuing And Discontinued Operation": 113000000.0,
        "Total Expenses": 1631000000.0,
        "Total Operating Income As Reported": 390000000.0,
        "Diluted Average Shares": 738600000.0,
        "Basic Average Shares": 737128000.0,
        "Diluted EPS": 0.15,
        "Basic EPS": 0.15,
        "Diluted NI Availto Com Stockholders": 113000000.0,
        "Net Income Common Stockholders": 113000000.0,
        "Net Income": 113000000.0,
        "Net Income Including Noncontrolling Interests": 113000000.0,
        "Net Income Discontinuous Operations": NaN,
        "Net Income Continuous Operations": 113000000.0,
        "Tax Provision": 14000000.0,
        "Pretax Income": 127000000.0,
        "Other Income Expense": -111000000.0,
        "Other Non Operating Income Expenses": 4000000.0,
        "Special Income Charges": -115000000.0,
        "Other Special Charges": 115000000.0,
        "Net Non Operating Interest Income Expense": -162000000.0,
        "Interest Expense Non Operating": 172000000.0,
        "Interest Income Non Operating": 10000000.0,
        "Operating Income": 400000000.0,
        "Operating Expense": 397000000.0,
        "Other Taxes": 93000000.0,
        "Depreciation Amortization Depletion Income Statement": 314000000.0,
        "Depreciation And Amortization In Income Statement": 314000000.0,
        "Depreciation Income Statement": 314000000.0,
        "Selling General And Administration": -10000000.0,
        "General And Administrative Expense": -10000000.0,
        "Salaries And Wages": -10000000.0,
        "Gross Profit": 797000000.0,
        "Cost Of Revenue": 1234000000.0,
        "Total Revenue": 2031000000.0,
        "Operating Revenue": 2031000000.0
    },
    "2024-03-31": {
        "Tax Effect Of Unusual Items": 1878865.979381,
        "Tax Rate For Calcs": 0.208763,
        "Normalized EBITDA": 898000000.0,
        "Total Unusual Items": 9000000.0,
        "Total Unusual Items Excluding Goodwill": 9000000.0,
        "Net Income From Continuing Operation Net Minority Interest": 307000000.0,
        "Reconciled Depreciation": 340000000.0,
        "Reconciled Cost Of Revenue": 1331000000.0,
        "EBITDA": 907000000.0,
        "EBIT": 567000000.0,
        "Net Interest Income": -170000000.0,
        "Interest Expense": 179000000.0,
        "Interest Income": 9000000.0,
        "Normalized Income": 299878865.979381,
        "Net Income From Continuing And Discontinued Operation": 307000000.0,
        "Total Expenses": 1751000000.0,
        "Total Operating Income As Reported": 545000000.0,
        "Diluted Average Shares": 738820000.0,
        "Basic Average Shares": 737512000.0,
        "Diluted EPS": 0.42,
        "Basic EPS": 0.42,
        "Diluted NI Availto Com Stockholders": 307000000.0,
        "Net Income Common Stockholders": 307000000.0,
        "Net Income": 307000000.0,
        "Net Income Including Noncontrolling Interests": 307000000.0,
        "Net Income Discontinuous Operations": NaN,
        "Net Income Continuous Operations": 307000000.0,
        "Tax Provision": 81000000.0,
        "Pretax Income": 388000000.0,
        "Other Income Expense": 5000000.0,
        "Other Non Operating Income Expenses": -4000000.0,
        "Special Income Charges": 9000000.0,
        "Other Special Charges": -9000000.0,
        "Net Non Operating Interest Income Expense": -170000000.0,
        "Interest Expense Non Operating": 179000000.0,
        "Interest Income Non Operating": 9000000.0,
        "Operating Income": 553000000.0,
        "Operating Expense": 396000000.0,
        "Other Taxes": 88000000.0,
        "Depreciation Amortization Depletion Income Statement": 316000000.0,
        "Depreciation And Amortization In Income Statement": 316000000.0,
        "Depreciation Income Statement": 316000000.0,
        "Selling General And Administration": -8000000.0,
        "General And Administrative Expense": -8000000.0,
        "Salaries And Wages": -8000000.0,
        "Gross Profit": 949000000.0,
        "Cost Of Revenue": 1355000000.0,
        "Total Revenue": 2304000000.0,
        "Operating Revenue": 2304000000.0
    }
}