{
    "2023-03-31": {
        "Tax Effect Of Unusual Items": NaN,
        "Tax Rate For Calcs": NaN,
        "Normalized EBITDA": NaN,
        "Total Unusual Items": 1044.0,
        "Total Unusual Items Excluding Goodwill": 1044.0,
        "Net Income From Continuing Operation Net Minority Interest": NaN,
        "Reconciled Depreciation": NaN,
        "Reconciled Cost Of Revenue": NaN,
        "EBITDA": NaN,
        "EBIT": NaN,
        "Net Interest Income": NaN,
        "Interest Expense": NaN,
        "Interest Income": NaN,
        "Normalized Income": NaN,
        "Net Income From Continuing And Discontinued Operation": NaN,
        "Total Expenses": NaN,
        "Total Operating Income As Reported": NaN,
        "Diluted Average Shares": 63018308.0,
        "Basic Average Shares": 63018308.0,
        "Diluted EPS": -0.07,
        "Basic EPS": -0.07,
        "Diluted NI Availto Com Stockholders": NaN,
        "Net Income Common Stockholders": NaN,
        "Net Income": NaN,
        "Net Income Including Noncontrolling Interests": NaN,
        "Net Income Continuous Operations": NaN,
        "Pretax Income": NaN,
        "Other Income Expense": NaN,
        "Other Non Operating Income Expenses": 1044.0,
        "Special Income Charges": NaN,
        "Gain On Sale Of Ppe": NaN,
        "Other Special Charges": NaN,
        "Gain On Sale Of Security": 1044.0,
        "Net Non Operating Interest Income Expense": NaN,
        "Interest Expense Non Operating": NaN,
        "Interest Income Non Operating": NaN,
        "Operating Income": NaN,
        "Operating Expense": NaN,
        "Other Operating Expenses": NaN,
        "Selling General And Administration": NaN,
        "General And Administrative Expense": NaN,
        "Other Gand A": NaN,
        "Salaries And Wages": NaN,
        "Gross Profit": NaN,
        "Cost Of Revenue": NaN,
        "Total Revenue": NaN,
        "Operating Revenue": NaN
    },
    "2022-12-31": {
        "Tax Effect Of Unusual Items": NaN,
        "Tax Rate For Calcs": NaN,
        "Normalized EBITDA": NaN,
        "Total Unusual Items": NaN,
        "Total Unusual Items Excluding Goodwill": NaN,
        "Net Income From Continuing Operation Net Minority Interest": NaN,
        "Reconciled Depreciation": NaN,
        "Reconciled Cost Of Revenue": NaN,
        "EBITDA": NaN,
        "EBIT": NaN,
        "Net Interest Income": NaN,
        "Interest Expense": 0.0,
        "Interest Income": NaN,
        "Normalized Income": NaN,
        "Net Income From Continuing And Discontinued Operation": NaN,
        "Total Expenses": NaN,
        "Total Operating Income As Reported": NaN,
        "Diluted Average Shares": NaN,
        "Basic Average Shares": NaN,
        "Diluted EPS": NaN,
        "Basic EPS": NaN,
        "Diluted NI Availto Com Stockholders": NaN,
        "Net Income Common Stockholders": NaN,
        "Net Income": NaN,
        "Net Income Including Noncontrolling Interests": NaN,
        "Net Income Continuous Operations": NaN,
        "Pretax Income": NaN,
        "Other Income Expense": NaN,
        "Other Non Operating Income Expenses": NaN,
        "Special Income Charges": -8958.0,
        "Gain On Sale Of Ppe": -8958.0,
        "Other Special Charges": NaN,
        "Gain On Sale Of Security": -16697.0,
        "Net Non Operating Interest Income Expense": NaN,
        "Interest Expense Non Operating": 0.0,
        "Interest Income Non Operating": NaN,
        "Operating Income": NaN,
        "Operating Expense": NaN,
        "Other Operating Expenses": NaN,
        "Selling General And Administration": NaN,
        "General And Administrative Expense": NaN,
        "Other Gand A": NaN,
        "Salaries And Wages": NaN,
        "Gross Profit": NaN,
        "Cost Of Revenue": NaN,
        "Total Revenue": NaN,
        "Operating Revenue": NaN
    },
    "2022-09-30": {
        "Tax Effect Of Unusual Items": NaN,
        "Tax Rate For Calcs": NaN,
        "Normalized EBITDA": NaN,
        "Total Unusual Items": NaN,
        "Total Unusual Items Excluding Goodwill": NaN,
        "Net Income From Continuing Operation Net Minority Interest": NaN,
        "Reconciled Depreciation": NaN,
        "Reconciled Cost Of Revenue": NaN,
        "EBITDA": NaN,
        "EBIT": NaN,
        "Net Interest Income": NaN,
        "Interest Expense": 0.0,
        "Interest Income": NaN,
        "Normalized Income": NaN,
        "Net Income From Continuing And Discontinued Operation": NaN,
        "Total Expenses": NaN,
        "Total Operating Income As Reported": NaN,
        "Diluted Average Shares": 62987859.0,
        "Basic Average Shares": 62987859.0,
        "Diluted EPS": -0.09,
        "Basic EPS": -0.09,
        "Diluted NI Availto Com Stockholders": NaN,
        "Net Income Common Stockholders": NaN,
        "Net Income": NaN,
        "Net Income Including Noncontrolling Interests": NaN,
        "Net Income Continuous Operations": NaN,
        "Pretax Income": NaN,
        "Other Income Expense": NaN,
        "Other Non Operating Income Expenses": NaN,
        "Special Income Charges": 0.0,
        "Gain On Sale Of Ppe": 4410.0,
        "Other Special Charges": NaN,
        "Gain On Sale Of Security": NaN,
        "Net Non Operating Interest Income Expense": NaN,
        "Interest Expense Non Operating": 0.0,
        "Interest Income Non Operating": NaN,
        "Operating Income": NaN,
        "Operating Expense": NaN,
        "Other Operating Expenses": NaN,
        "Selling General And Administration": NaN,
        "General And Administrative Expense": NaN,
        "Other Gand A": NaN,
        "Salaries And Wages": NaN,
        "Gross Profit": NaN,
        "Cost Of Revenue": NaN,
        "Total Revenue": NaN,
        "Operating Revenue": NaN
    },
    "2022-06-30": {
        "Tax Effect Of Unusual Items": 0.0,
        "Tax Rate For Calcs": 0.0,
        "Normalized EBITDA": -6364166.0,
        "Total Unusual Items": 121665.0,
        "Total Unusual Items Excluding Goodwill": 121665.0,
        "Net Income From Continuing Operation Net Minority Interest": -6257371.0,
        "Reconciled Depreciation": 14870.0,
        "Reconciled Cost Of Revenue": 14870.0,
        "EBITDA": -6242501.0,
        "EBIT": -6257371.0,
        "Net Interest Income": 52583.0,
        "Interest Expense": 0.0,
        "Interest Income": 52583.0,
        "Normalized Income": -6379036.0,
        "Net Income From Continuing And Discontinued Operation": -6257371.0,
        "Total Expenses": 6431619.0,
        "Total Operating Income As Reported": -6386856.0,
        "Diluted Average Shares": 62987859.0,
        "Basic Average Shares": 62987859.0,
        "Diluted EPS": -0.1,
        "Basic EPS": -0.1,
        "Diluted NI Availto Com Stockholders": -6257371.0,
        "Net Income Common Stockholders": -6257371.0,
        "Net Income": -6257371.0,
        "Net Income Including Noncontrolling Interests": -6257371.0,
        "Net Income Continuous Operations": -6257371.0,
        "Pretax Income": -6257371.0,
        "Other Income Expense": 121665.0,
        "Special Income Charges": 44763.0,
        "Gain On Sale Of Ppe": 44763.0,
        "Other Special Charges": NaN,
        "Gain On Sale Of Security": 76902.0,
        "Net Non Operating Interest Income Expense": 52583.0,
        "Interest Expense Non Operating": 0.0,
        "Interest Income Non Operating": 52583.0,
        "Operating Income": -6431619.0,
        "Operating Expense": 6416749.0,
        "Other Operating Expenses": 4306285.0,
        "Selling General And Administration": 2110464.0,
        "General And Administrative Expense": 2110464.0,
        "Other Gand A": 1496062.0,
        "Salaries And Wages": 614402.0,
        "Gross Profit": -14870.0,
        "Cost Of Revenue": 14870.0,
        "Total Revenue": 0.0,
        "Operating Revenue": 0.0
    },
    "2022-03-31": {
        "Diluted EPS": -0.1,
        "Total Revenue": NaN,
        "Gross Profit": NaN,
        "Operating Income": -6,
        "EBIT": -6,
        "Net Income": -6
    },
    "2021-12-31": {
        "Diluted EPS": -0.17,
        "Total Revenue": NaN,
        "Gross Profit": NaN,
        "Operating Income": -10,
        "EBIT": -10,
        "Net Income": -10
    },
    "2021-09-30": {
        "Diluted EPS": -0.11,
        "Total Revenue": NaN,
        "Gross Profit": NaN,
        "Operating Income": -7,
        "EBIT": -7,
        "Net Income": -7
    },
    "2021-06-30": {
        "Diluted EPS": -0.28,
        "Total Revenue": NaN,
        "Gross Profit": NaN,
        "Operating Income": -8,
        "EBIT": -8,
        "Net Income": -14
    },
    "2021-03-31": {
        "Diluted EPS": -0.1,
        "Total Revenue": NaN,
        "Gross Profit": NaN,
        "Operating Income": -16,
        "EBIT": -16,
        "Net Income": -5
    },
    "2020-12-31": {
        "Diluted EPS": -0.1,
        "Total Revenue": NaN,
        "Gross Profit": NaN,
        "Operating Income": -7,
        "EBIT": -7,
        "Net Income": -5
    },
    "2020-09-30": {
        "Diluted EPS": -4.9,
        "Total Revenue": NaN,
        "Gross Profit": NaN,
        "Operating Income": -8,
        "EBIT": -8,
        "Net Income": -171
    },
    "2020-06-30": {
        "Diluted EPS": -1.62,
        "Total Revenue": NaN,
        "Gross Profit": NaN,
        "Operating Income": -8,
        "EBIT": -8,
        "Net Income": -44
    },
    "2020-03-31": {
        "Diluted EPS": 0.0,
        "Total Revenue": NaN,
        "Gross Profit": NaN,
        "Operating Income": -7,
        "EBIT": -6,
        "Net Income": -1
    },
    "2019-12-31": {
        "Diluted EPS": 0.0,
        "Total Revenue": NaN,
        "Gross Profit": NaN,
        "Operating Income": NaN,
        "EBIT": NaN,
        "Net Income": NaN
    },
    "2023-06-30": {
        "Tax Effect Of Unusual Items": 0.0,
        "Tax Rate For Calcs": 0.0,
        "Normalized EBITDA": 2184343.0,
        "Total Unusual Items": -5000000.0,
        "Total Unusual Items Excluding Goodwill": -5000000.0,
        "Net Income From Continuing Operation Net Minority Interest": -7672752.0,
        "Reconciled Depreciation": 18748.0,
        "Reconciled Cost Of Revenue": 18748.0,
        "EBITDA": -2815657.0,
        "EBIT": -2834405.0,
        "Net Interest Income": 163587.0,
        "Interest Expense": NaN,
        "Interest Income": 163587.0,
        "Normalized Income": -2672752.0,
        "Net Income From Continuing And Discontinued Operation": -7672752.0,
        "Total Expenses": 2834405.0,
        "Total Operating Income As Reported": 11920151.0,
        "Diluted Average Shares": 63164231.0,
        "Basic Average Shares": 63164231.0,
        "Diluted EPS": -0.12,
        "Basic EPS": -0.12,
        "Diluted NI Availto Com Stockholders": -7672752.0,
        "Net Income Common Stockholders": -7672752.0,
        "Net Income": -7672752.0,
        "Net Income Including Noncontrolling Interests": -7672752.0,
        "Net Income Continuous Operations": -7672752.0,
        "Pretax Income": -7672752.0,
        "Other Income Expense": -5001934.0,
        "Other Non Operating Income Expenses": -1934.0,
        "Special Income Charges": -5000000.0,
        "Gain On Sale Of Ppe": NaN,
        "Other Special Charges": 5000000.0,
        "Gain On Sale Of Security": -1934.0,
        "Net Non Operating Interest Income Expense": 163587.0,
        "Interest Expense Non Operating": NaN,
        "Interest Income Non Operating": 163587.0,
        "Operating Income": -2834405.0,
        "Operating Expense": 2815657.0,
        "Other Operating Expenses": 1836232.0,
        "Selling General And Administration": 979425.0,
        "General And Administrative Expense": 979425.0,
        "Other Gand A": 499392.0,
        "Salaries And Wages": 480033.0,
        "Gross Profit": -18748.0,
        "Cost Of Revenue": 18748.0,
        "Total Revenue": 0.0,
        "Operating Revenue": 0.0
    },
    "2023-09-30": {
        "Tax Effect Of Unusual Items": 0.0,
        "Tax Rate For Calcs": 0.0,
        "Normalized EBITDA": -2673726.0,
        "Total Unusual Items": -12571.0,
        "Total Unusual Items Excluding Goodwill": -12571.0,
        "Net Income From Continuing Operation Net Minority Interest": -2630094.0,
        "Reconciled Depreciation": 23846.0,
        "Reconciled Cost Of Revenue": 23846.0,
        "EBITDA": -2686297.0,
        "EBIT": -2710143.0,
        "Net Interest Income": 92620.0,
        "Interest Expense": NaN,
        "Interest Income": 92620.0,
        "Normalized Income": -2617523.0,
        "Net Income From Continuing And Discontinued Operation": -2630094.0,
        "Total Expenses": 2710143.0,
        "Total Operating Income As Reported": 9615834.0,
        "Diluted Average Shares": 63176063.0,
        "Basic Average Shares": 63176063.0,
        "Diluted EPS": -0.04,
        "Basic EPS": -0.04,
        "Diluted NI Availto Com Stockholders": -2630094.0,
        "Net Income Common Stockholders": -2630094.0,
        "Net Income": -2630094.0,
        "Net Income Including Noncontrolling Interests": -2630094.0,
        "Net Income Continuous Operations": -2630094.0,
        "Pretax Income": -2630094.0,
        "Other Income Expense": -12571.0,
        "Other Non Operating Income Expenses": NaN,
        "Special Income Charges": 0.0,
        "Gain On Sale Of Ppe": NaN,
        "Other Special Charges": NaN,
        "Gain On Sale Of Security": -12571.0,
        "Net Non Operating Interest Income Expense": 92620.0,
        "Interest Expense Non Operating": NaN,
        "Interest Income Non Operating": 92620.0,
        "Operating Income": -2710143.0,
        "Operating Expense": 2686297.0,
        "Other Operating Expenses": 1871976.0,
        "Selling General And Administration": 814321.0,
        "General And Administrative Expense": 814321.0,
        "Other Gand A": 390507.0,
        "Salaries And Wages": 423814.0,
        "Gross Profit": -23846.0,
        "Cost Of Revenue": 23846.0,
        "Total Revenue": 0.0,
        "Operating Revenue": 0.0
    },
    "2023-12-31": {
        "Tax Effect Of Unusual Items": 0.0,
        "Tax Rate For Calcs": 0.0,
        "Normalized EBITDA": -3909649.0,
        "Total Unusual Items": 20664.0,
        "Total Unusual Items Excluding Goodwill": 20664.0,
        "Net Income From Continuing Operation Net Minority Interest": -3868241.0,
        "Reconciled Depreciation": 24193.0,
        "Reconciled Cost Of Revenue": 24193.0,
        "EBITDA": -3888985.0,
        "EBIT": -3913178.0,
        "Net Interest Income": 24273.0,
        "Interest Expense": NaN,
        "Interest Income": 24273.0,
        "Normalized Income": -3888905.0,
        "Net Income From Continuing And Discontinued Operation": -3868241.0,
        "Total Expenses": 3913178.0,
        "Total Operating Income As Reported": -69855504.0,
        "Diluted Average Shares": NaN,
        "Basic Average Shares": NaN,
        "Diluted EPS": NaN,
        "Basic EPS": NaN,
        "Diluted NI Availto Com Stockholders": -3868241.0,
        "Net Income Common Stockholders": -3868241.0,
        "Net Income": -3868241.0,
        "Net Income Including Noncontrolling Interests": -3868241.0,
        "Net Income Continuous Operations": -3868241.0,
        "Pretax Income": -3868241.0,
        "Other Income Expense": 20664.0,
        "Other Non Operating Income Expenses": NaN,
        "Special Income Charges": 25000.0,
        "Gain On Sale Of Ppe": NaN,
        "Other Special Charges": 0.0,
        "Gain On Sale Of Security": -4336.0,
        "Net Non Operating Interest Income Expense": 24273.0,
        "Interest Expense Non Operating": NaN,
        "Interest Income Non Operating": 24273.0,
        "Operating Income": -3913178.0,
        "Operating Expense": 3888985.0,
        "Other Operating Expenses": 2819309.0,
        "Selling General And Administration": 1069676.0,
        "General And Administrative Expense": 1069676.0,
        "Other Gand A": 446275.0,
        "Salaries And Wages": 623401.0,
        "Gross Profit": -24193.0,
        "Cost Of Revenue": 24193.0,
        "Total Revenue": 0.0,
        "Operating Revenue": 0.0
    },
    "2024-03-31": {
        "Tax Effect Of Unusual Items": 0.0,
        "Tax Rate For Calcs": 0.0,
        "Normalized EBITDA": -2929236.0,
        "Total Unusual Items": NaN,
        "Total Unusual Items Excluding Goodwill": NaN,
        "Net Income From Continuing Operation Net Minority Interest": -2944525.0,
        "Reconciled Depreciation": 26361.0,
        "Reconciled Cost Of Revenue": 26361.0,
        "EBITDA": -2929236.0,
        "EBIT": -2955597.0,
        "Net Interest Income": 16537.0,
        "Interest Expense": NaN,
        "Interest Income": 16537.0,
        "Normalized Income": -2944525.0,
        "Net Income From Continuing And Discontinued Operation": -2944525.0,
        "Total Expenses": 2955597.0,
        "Total Operating Income As Reported": -8125335.0,
        "Diluted Average Shares": 64123456.0,
        "Basic Average Shares": 64123456.0,
        "Diluted EPS": -0.05,
        "Basic EPS": -0.05,
        "Diluted NI Availto Com Stockholders": -2944525.0,
        "Net Income Common Stockholders": -2944525.0,
        "Net Income": -2944525.0,
        "Net Income Including Noncontrolling Interests": -2944525.0,
        "Net Income Continuous Operations": -2944525.0,
        "Pretax Income": -2944525.0,
        "Other Income Expense": -5465.0,
        "Other Non Operating Income Expenses": -5465.0,
        "Special Income Charges": NaN,
        "Gain On Sale Of Ppe": NaN,
        "Other Special Charges": NaN,
        "Gain On Sale Of Security": NaN,
        "Net Non Operating Interest Income Expense": 16537.0,
        "Interest Expense Non Operating": NaN,
        "Interest Income Non Operating": 16537.0,
        "Operating Income": -2955597.0,
        "Operating Expense": 2929236.0,
        "Other Operating Expenses": 1650593.0,
        "Selling General And Administration": 1278643.0,
        "General And Administrative Expense": 1278643.0,
        "Other Gand A": 549263.0,
        "Salaries And Wages": 729380.0,
        "Gross Profit": -26361.0,
        "Cost Of Revenue": 26361.0,
        "Total Revenue": 0.0,
        "Operating Revenue": 0.0
    },
    "2024-06-30": {
        "Tax Effect Of Unusual Items": 0.0,
        "Tax Rate For Calcs": 0.0,
        "Normalized EBITDA": -3682683.0,
        "Total Unusual Items": 0.0,
        "Total Unusual Items Excluding Goodwill": 0.0,
        "Net Income From Continuing Operation Net Minority Interest": -3673715.0,
        "Reconciled Depreciation": 31392.0,
        "Reconciled Cost Of Revenue": 31392.0,
        "EBITDA": -3682683.0,
        "EBIT": -3714075.0,
        "Net Interest Income": 42821.0,
        "Interest Expense": NaN,
        "Interest Income": 42821.0,
        "Normalized Income": -3673715.0,
        "Net Income From Continuing And Discontinued Operation": -3673715.0,
        "Total Expenses": 3714075.0,
        "Total Operating Income As Reported": 12189718.0,
        "Diluted Average Shares": 64514387.0,
        "Basic Average Shares": 64514387.0,
        "Diluted EPS": -0.06,
        "Basic EPS": -0.06,
        "Diluted NI Availto Com Stockholders": -3673715.0,
        "Net Income Common Stockholders": -3673715.0,
        "Net Income": -3673715.0,
        "Net Income Including Noncontrolling Interests": -3673715.0,
        "Net Income Continuous Operations": -3673715.0,
        "Pretax Income": -3673715.0,
        "Other Income Expense": -2461.0,
        "Other Non Operating Income Expenses": -2461.0,
        "Special Income Charges": 0.0,
        "Gain On Sale Of Ppe": NaN,
        "Other Special Charges": NaN,
        "Gain On Sale Of Security": NaN,
        "Net Non Operating Interest Income Expense": 42821.0,
        "Interest Expense Non Operating": NaN,
        "Interest Income Non Operating": 42821.0,
        "Operating Income": -3714075.0,
        "Operating Expense": 3682683.0,
        "Other Operating Expenses": 2541914.0,
        "Selling General And Administration": 1140769.0,
        "General And Administrative Expense": 1140769.0,
        "Other Gand A": 506889.0,
        "Salaries And Wages": 633880.0,
        "Gross Profit": -31392.0,
        "Cost Of Revenue": 31392.0,
        "Total Revenue": 0.0,
        "Operating Revenue": 0.0
    }
}