{
    "2023-03-31": {
        "Tax Effect Of Unusual Items": NaN,
        "Tax Rate For Calcs": NaN,
        "Normalized EBITDA": NaN,
        "Total Unusual Items": NaN,
        "Total Unusual Items Excluding Goodwill": NaN,
        "Net Income From Continuing Operation Net Minority Interest": NaN,
        "Reconciled Depreciation": NaN,
        "Reconciled Cost Of Revenue": NaN,
        "EBITDA": NaN,
        "EBIT": NaN,
        "Net Interest Income": NaN,
        "Interest Expense": NaN,
        "Normalized Income": NaN,
        "Net Income From Continuing And Discontinued Operation": NaN,
        "Total Expenses": NaN,
        "Total Operating Income As Reported": NaN,
        "Diluted Average Shares": NaN,
        "Basic Average Shares": NaN,
        "Diluted EPS": NaN,
        "Basic EPS": NaN,
        "Diluted NI Availto Com Stockholders": NaN,
        "Net Income Common Stockholders": NaN,
        "Otherunder Preferred Stock Dividend": -1375000.0,
        "Net Income": NaN,
        "Minority Interests": NaN,
        "Net Income Including Noncontrolling Interests": NaN,
        "Net Income Continuous Operations": NaN,
        "Tax Provision": NaN,
        "Pretax Income": NaN,
        "Other Income Expense": NaN,
        "Other Non Operating Income Expenses": NaN,
        "Special Income Charges": NaN,
        "Gain On Sale Of Ppe": NaN,
        "Other Special Charges": NaN,
        "Impairment Of Capital Assets": NaN,
        "Restructuring And Mergern Acquisition": NaN,
        "Gain On Sale Of Security": NaN,
        "Net Non Operating Interest Income Expense": NaN,
        "Total Other Finance Cost": NaN,
        "Interest Expense Non Operating": NaN,
        "Operating Income": NaN,
        "Operating Expense": NaN,
        "Other Operating Expenses": NaN,
        "Other Taxes": 48509000.0,
        "Selling General And Administration": NaN,
        "General And Administrative Expense": NaN,
        "Other Gand A": NaN,
        "Salaries And Wages": NaN,
        "Gross Profit": NaN,
        "Cost Of Revenue": NaN,
        "Total Revenue": NaN,
        "Operating Revenue": NaN
    },
    "2022-12-31": {
        "Tax Effect Of Unusual Items": NaN,
        "Tax Rate For Calcs": NaN,
        "Normalized EBITDA": NaN,
        "Total Unusual Items": NaN,
        "Total Unusual Items Excluding Goodwill": NaN,
        "Net Income From Continuing Operation Net Minority Interest": NaN,
        "Reconciled Depreciation": NaN,
        "Reconciled Cost Of Revenue": NaN,
        "EBITDA": NaN,
        "EBIT": NaN,
        "Net Interest Income": NaN,
        "Interest Expense": NaN,
        "Normalized Income": NaN,
        "Net Income From Continuing And Discontinued Operation": NaN,
        "Total Expenses": NaN,
        "Total Operating Income As Reported": NaN,
        "Diluted Average Shares": NaN,
        "Basic Average Shares": NaN,
        "Diluted EPS": NaN,
        "Basic EPS": NaN,
        "Diluted NI Availto Com Stockholders": NaN,
        "Net Income Common Stockholders": NaN,
        "Otherunder Preferred Stock Dividend": NaN,
        "Net Income": NaN,
        "Minority Interests": NaN,
        "Net Income Including Noncontrolling Interests": NaN,
        "Net Income Continuous Operations": NaN,
        "Tax Provision": NaN,
        "Pretax Income": NaN,
        "Other Income Expense": NaN,
        "Other Non Operating Income Expenses": NaN,
        "Special Income Charges": NaN,
        "Gain On Sale Of Ppe": NaN,
        "Other Special Charges": NaN,
        "Impairment Of Capital Assets": NaN,
        "Restructuring And Mergern Acquisition": NaN,
        "Gain On Sale Of Security": NaN,
        "Net Non Operating Interest Income Expense": NaN,
        "Total Other Finance Cost": NaN,
        "Interest Expense Non Operating": NaN,
        "Operating Income": NaN,
        "Operating Expense": NaN,
        "Other Operating Expenses": NaN,
        "Other Taxes": 54233000.0,
        "Selling General And Administration": NaN,
        "General And Administrative Expense": NaN,
        "Other Gand A": NaN,
        "Salaries And Wages": NaN,
        "Gross Profit": NaN,
        "Cost Of Revenue": NaN,
        "Total Revenue": NaN,
        "Operating Revenue": NaN
    },
    "2022-09-30": {
        "Tax Effect Of Unusual Items": NaN,
        "Tax Rate For Calcs": NaN,
        "Normalized EBITDA": NaN,
        "Total Unusual Items": NaN,
        "Total Unusual Items Excluding Goodwill": NaN,
        "Net Income From Continuing Operation Net Minority Interest": NaN,
        "Reconciled Depreciation": NaN,
        "Reconciled Cost Of Revenue": NaN,
        "EBITDA": NaN,
        "EBIT": NaN,
        "Net Interest Income": NaN,
        "Interest Expense": NaN,
        "Normalized Income": NaN,
        "Net Income From Continuing And Discontinued Operation": NaN,
        "Total Expenses": NaN,
        "Total Operating Income As Reported": NaN,
        "Diluted Average Shares": NaN,
        "Basic Average Shares": NaN,
        "Diluted EPS": NaN,
        "Basic EPS": NaN,
        "Diluted NI Availto Com Stockholders": NaN,
        "Net Income Common Stockholders": NaN,
        "Otherunder Preferred Stock Dividend": NaN,
        "Net Income": NaN,
        "Minority Interests": NaN,
        "Net Income Including Noncontrolling Interests": NaN,
        "Net Income Continuous Operations": NaN,
        "Tax Provision": NaN,
        "Pretax Income": NaN,
        "Other Income Expense": NaN,
        "Other Non Operating Income Expenses": NaN,
        "Special Income Charges": NaN,
        "Gain On Sale Of Ppe": NaN,
        "Impairment Of Capital Assets": NaN,
        "Restructuring And Mergern Acquisition": NaN,
        "Gain On Sale Of Security": NaN,
        "Net Non Operating Interest Income Expense": NaN,
        "Total Other Finance Cost": NaN,
        "Interest Expense Non Operating": NaN,
        "Operating Income": NaN,
        "Operating Expense": NaN,
        "Other Operating Expenses": NaN,
        "Other Taxes": 41745000.0,
        "Selling General And Administration": NaN,
        "General And Administrative Expense": NaN,
        "Other Gand A": NaN,
        "Salaries And Wages": NaN,
        "Gross Profit": NaN,
        "Cost Of Revenue": NaN,
        "Total Revenue": NaN,
        "Operating Revenue": NaN
    },
    "2022-06-30": {
        "Tax Effect Of Unusual Items": -7420478.057374,
        "Tax Rate For Calcs": 0.177817,
        "Normalized EBITDA": 289370000.0,
        "Total Unusual Items": -41731000.0,
        "Total Unusual Items Excluding Goodwill": -41731000.0,
        "Net Income From Continuing Operation Net Minority Interest": 191826000.0,
        "Reconciled Depreciation": 82117000.0,
        "Reconciled Cost Of Revenue": 136773000.0,
        "EBITDA": 247639000.0,
        "EBIT": 247639000.0,
        "Net Interest Income": -14326000.0,
        "Interest Expense": 14326000.0,
        "Normalized Income": 226136521.942626,
        "Net Income From Continuing And Discontinued Operation": 191826000.0,
        "Total Expenses": 183369000.0,
        "Total Operating Income As Reported": 281688000.0,
        "Diluted Average Shares": 320104000.0,
        "Basic Average Shares": 284992000.0,
        "Diluted EPS": 0.6,
        "Basic EPS": 0.67,
        "Diluted NI Availto Com Stockholders": 191826000.0,
        "Net Income Common Stockholders": 191826000.0,
        "Otherunder Preferred Stock Dividend": NaN,
        "Net Income": 191826000.0,
        "Minority Interests": NaN,
        "Net Income Including Noncontrolling Interests": 191826000.0,
        "Net Income Continuous Operations": 191826000.0,
        "Tax Provision": 41487000.0,
        "Pretax Income": 233313000.0,
        "Other Income Expense": -41646000.0,
        "Other Non Operating Income Expenses": 85000.0,
        "Special Income Charges": -7597000.0,
        "Gain On Sale Of Ppe": -1406000.0,
        "Impairment Of Capital Assets": 506000.0,
        "Restructuring And Mergern Acquisition": 5685000.0,
        "Gain On Sale Of Security": -34134000.0,
        "Net Non Operating Interest Income Expense": -14326000.0,
        "Total Other Finance Cost": 2734000.0,
        "Interest Expense Non Operating": 14326000.0,
        "Operating Income": 289285000.0,
        "Operating Expense": 46596000.0,
        "Other Operating Expenses": 1954000.0,
        "Other Taxes": 34695000.0,
        "Selling General And Administration": 9947000.0,
        "General And Administrative Expense": 9947000.0,
        "Other Gand A": 9947000.0,
        "Salaries And Wages": -1936000.0,
        "Gross Profit": 335881000.0,
        "Cost Of Revenue": 136773000.0,
        "Total Revenue": 472654000.0,
        "Operating Revenue": 472654000.0
    },
    "2023-06-30": {
        "Tax Effect Of Unusual Items": NaN,
        "Tax Rate For Calcs": NaN,
        "Normalized EBITDA": NaN,
        "Total Unusual Items": NaN,
        "Total Unusual Items Excluding Goodwill": NaN,
        "Net Income From Continuing Operation Net Minority Interest": NaN,
        "Reconciled Depreciation": NaN,
        "Reconciled Cost Of Revenue": NaN,
        "EBITDA": NaN,
        "EBIT": NaN,
        "Net Interest Income": NaN,
        "Interest Expense": NaN,
        "Normalized Income": NaN,
        "Net Income From Continuing And Discontinued Operation": NaN,
        "Total Expenses": NaN,
        "Total Operating Income As Reported": NaN,
        "Diluted Average Shares": NaN,
        "Basic Average Shares": NaN,
        "Diluted EPS": NaN,
        "Basic EPS": NaN,
        "Diluted NI Availto Com Stockholders": NaN,
        "Net Income Common Stockholders": NaN,
        "Otherunder Preferred Stock Dividend": -1376000.0,
        "Net Income": NaN,
        "Minority Interests": NaN,
        "Net Income Including Noncontrolling Interests": NaN,
        "Net Income Continuous Operations": NaN,
        "Tax Provision": NaN,
        "Pretax Income": NaN,
        "Other Income Expense": NaN,
        "Other Non Operating Income Expenses": NaN,
        "Special Income Charges": NaN,
        "Gain On Sale Of Ppe": NaN,
        "Other Special Charges": NaN,
        "Impairment Of Capital Assets": NaN,
        "Restructuring And Mergern Acquisition": NaN,
        "Gain On Sale Of Security": NaN,
        "Net Non Operating Interest Income Expense": NaN,
        "Total Other Finance Cost": NaN,
        "Interest Expense Non Operating": NaN,
        "Operating Income": NaN,
        "Operating Expense": NaN,
        "Other Operating Expenses": NaN,
        "Other Taxes": 48927000.0,
        "Selling General And Administration": NaN,
        "General And Administrative Expense": NaN,
        "Other Gand A": NaN,
        "Salaries And Wages": NaN,
        "Gross Profit": NaN,
        "Cost Of Revenue": NaN,
        "Total Revenue": NaN,
        "Operating Revenue": NaN
    },
    "2023-09-30": {
        "Tax Effect Of Unusual Items": -31396010.385485,
        "Tax Rate For Calcs": 0.141854,
        "Normalized EBITDA": 607116000.0,
        "Total Unusual Items": -221327000.0,
        "Total Unusual Items Excluding Goodwill": -221327000.0,
        "Net Income From Continuing Operation Net Minority Interest": 45433000.0,
        "Reconciled Depreciation": 236204000.0,
        "Reconciled Cost Of Revenue": 342745000.0,
        "EBITDA": 385789000.0,
        "EBIT": 149585000.0,
        "Net Interest Income": -40582000.0,
        "Interest Expense": 35002000.0,
        "Normalized Income": 235363989.614515,
        "Net Income From Continuing And Discontinued Operation": 45433000.0,
        "Total Expenses": 382295000.0,
        "Total Operating Income As Reported": 306700000.0,
        "Diluted Average Shares": 366174000.0,
        "Basic Average Shares": 324650000.0,
        "Diluted EPS": 0.13,
        "Basic EPS": 0.14,
        "Diluted NI Availto Com Stockholders": 45433000.0,
        "Net Income Common Stockholders": 45433000.0,
        "Otherunder Preferred Stock Dividend": -1374000.0,
        "Net Income": 45433000.0,
        "Minority Interests": -52896000.0,
        "Net Income Including Noncontrolling Interests": 98329000.0,
        "Net Income Continuous Operations": 98329000.0,
        "Tax Provision": 16254000.0,
        "Pretax Income": 114583000.0,
        "Other Income Expense": -221081000.0,
        "Other Non Operating Income Expenses": 246000.0,
        "Special Income Charges": -69546000.0,
        "Gain On Sale Of Ppe": 63000.0,
        "Other Special Charges": NaN,
        "Impairment Of Capital Assets": 245000.0,
        "Restructuring And Mergern Acquisition": 69364000.0,
        "Gain On Sale Of Security": -151781000.0,
        "Net Non Operating Interest Income Expense": -40582000.0,
        "Total Other Finance Cost": 5580000.0,
        "Interest Expense Non Operating": 35002000.0,
        "Operating Income": 376246000.0,
        "Operating Expense": 39550000.0,
        "Other Operating Expenses": 5031000.0,
        "Other Taxes": 58942000.0,
        "Selling General And Administration": 34519000.0,
        "General And Administrative Expense": 34519000.0,
        "Other Gand A": 18886000.0,
        "Salaries And Wages": 15633000.0,
        "Gross Profit": 415796000.0,
        "Cost Of Revenue": 342745000.0,
        "Total Revenue": 758541000.0,
        "Operating Revenue": 758541000.0
    },
    "2023-12-31": {
        "Tax Effect Of Unusual Items": 509600.199793,
        "Tax Rate For Calcs": 0.160504,
        "Normalized EBITDA": 914564000.0,
        "Total Unusual Items": 3175000.0,
        "Total Unusual Items Excluding Goodwill": 3175000.0,
        "Net Income From Continuing Operation Net Minority Interest": 255354000.0,
        "Reconciled Depreciation": 367427000.0,
        "Reconciled Cost Of Revenue": 529182000.0,
        "EBITDA": 917739000.0,
        "EBIT": 550312000.0,
        "Net Interest Income": -63024000.0,
        "Interest Expense": 58804000.0,
        "Normalized Income": 252688600.199793,
        "Net Income From Continuing And Discontinued Operation": 255354000.0,
        "Total Expenses": 572977000.0,
        "Total Operating Income As Reported": 362200000.0,
        "Diluted Average Shares": 500919000.0,
        "Basic Average Shares": 459593000.0,
        "Diluted EPS": 0.51,
        "Basic EPS": 0.56,
        "Diluted NI Availto Com Stockholders": 256671000.0,
        "Net Income Common Stockholders": 256671000.0,
        "Otherunder Preferred Stock Dividend": -1317000.0,
        "Net Income": 255354000.0,
        "Minority Interests": -157265000.0,
        "Net Income Including Noncontrolling Interests": 412619000.0,
        "Net Income Continuous Operations": 412619000.0,
        "Tax Provision": 78889000.0,
        "Pretax Income": 491508000.0,
        "Other Income Expense": 4823000.0,
        "Other Non Operating Income Expenses": 1648000.0,
        "Special Income Charges": -187509000.0,
        "Gain On Sale Of Ppe": 82000.0,
        "Other Special Charges": NaN,
        "Impairment Of Capital Assets": 5947000.0,
        "Restructuring And Mergern Acquisition": 181644000.0,
        "Gain On Sale Of Security": 190684000.0,
        "Net Non Operating Interest Income Expense": -63024000.0,
        "Total Other Finance Cost": 4220000.0,
        "Interest Expense Non Operating": 58804000.0,
        "Operating Income": 549709000.0,
        "Operating Expense": 43795000.0,
        "Other Operating Expenses": 6872000.0,
        "Other Taxes": NaN,
        "Selling General And Administration": 36923000.0,
        "General And Administrative Expense": 36923000.0,
        "Other Gand A": 30631000.0,
        "Salaries And Wages": 6292000.0,
        "Gross Profit": 593504000.0,
        "Cost Of Revenue": 529182000.0,
        "Total Revenue": 1122686000.0,
        "Operating Revenue": 1122686000.0
    },
    "2024-03-31": {
        "Tax Effect Of Unusual Items": -40129512.557799,
        "Tax Rate For Calcs": 0.175755,
        "Normalized EBITDA": 988113000.0,
        "Total Unusual Items": -228326000.0,
        "Total Unusual Items Excluding Goodwill": -228326000.0,
        "Net Income From Continuing Operation Net Minority Interest": 146575000.0,
        "Reconciled Depreciation": 410179000.0,
        "Reconciled Cost Of Revenue": 617905000.0,
        "EBITDA": 759787000.0,
        "EBIT": 349608000.0,
        "Net Interest Income": -72587000.0,
        "Interest Expense": 71056000.0,
        "Normalized Income": 334771487.442201,
        "Net Income From Continuing And Discontinued Operation": 146575000.0,
        "Total Expenses": 666766000.0,
        "Total Operating Income As Reported": 469036000.0,
        "Diluted Average Shares": 595352000.0,
        "Basic Average Shares": 552472000.0,
        "Diluted EPS": 0.25,
        "Basic EPS": 0.27,
        "Diluted NI Availto Com Stockholders": 147897000.0,
        "Net Income Common Stockholders": 147897000.0,
        "Otherunder Preferred Stock Dividend": -1322000.0,
        "Net Income": 146575000.0,
        "Minority Interests": -83020000.0,
        "Net Income Including Noncontrolling Interests": 229595000.0,
        "Net Income Continuous Operations": 229595000.0,
        "Tax Provision": 48957000.0,
        "Pretax Income": 278552000.0,
        "Other Income Expense": -225094000.0,
        "Other Non Operating Income Expenses": 3232000.0,
        "Special Income Charges": -107197000.0,
        "Gain On Sale Of Ppe": 112000.0,
        "Other Special Charges": NaN,
        "Impairment Of Capital Assets": 20000.0,
        "Restructuring And Mergern Acquisition": 107289000.0,
        "Gain On Sale Of Security": -121129000.0,
        "Net Non Operating Interest Income Expense": -72587000.0,
        "Total Other Finance Cost": 1531000.0,
        "Interest Expense Non Operating": 71056000.0,
        "Operating Income": 576233000.0,
        "Operating Expense": 48861000.0,
        "Other Operating Expenses": 10951000.0,
        "Other Taxes": NaN,
        "Selling General And Administration": 37910000.0,
        "General And Administrative Expense": 37910000.0,
        "Other Gand A": 28279000.0,
        "Salaries And Wages": 9631000.0,
        "Gross Profit": 625094000.0,
        "Cost Of Revenue": 617905000.0,
        "Total Revenue": 1242999000.0,
        "Operating Revenue": 1242999000.0
    },
    "2024-06-30": {
        "Tax Effect Of Unusual Items": -20100464.195511,
        "Tax Rate For Calcs": 0.210318,
        "Normalized EBITDA": 983688000.0,
        "Total Unusual Items": -95572000.0,
        "Total Unusual Items Excluding Goodwill": -95572000.0,
        "Net Income From Continuing Operation Net Minority Interest": 235100000.0,
        "Reconciled Depreciation": 426428000.0,
        "Reconciled Cost Of Revenue": 629844000.0,
        "EBITDA": 888116000.0,
        "EBIT": 461688000.0,
        "Net Interest Income": -71977000.0,
        "Interest Expense": 70508000.0,
        "Normalized Income": 310571535.804489,
        "Net Income From Continuing And Discontinued Operation": 235100000.0,
        "Total Expenses": 684551000.0,
        "Total Operating Income As Reported": 455137000.0,
        "Diluted Average Shares": 656372000.0,
        "Basic Average Shares": 612248000.0,
        "Diluted EPS": 0.36,
        "Basic EPS": 0.38,
        "Diluted NI Availto Com Stockholders": 235100000.0,
        "Net Income Common Stockholders": 235100000.0,
        "Otherunder Preferred Stock Dividend": NaN,
        "Net Income": 235100000.0,
        "Minority Interests": -73808000.0,
        "Net Income Including Noncontrolling Interests": 308908000.0,
        "Net Income Continuous Operations": 308908000.0,
        "Tax Provision": 82272000.0,
        "Pretax Income": 391180000.0,
        "Other Income Expense": -98375000.0,
        "Other Non Operating Income Expenses": -2803000.0,
        "Special Income Charges": -109870000.0,
        "Gain On Sale Of Ppe": 0.0,
        "Other Special Charges": 3475000.0,
        "Impairment Of Capital Assets": 6384000.0,
        "Restructuring And Mergern Acquisition": 100011000.0,
        "Gain On Sale Of Security": 14298000.0,
        "Net Non Operating Interest Income Expense": -71977000.0,
        "Total Other Finance Cost": 1469000.0,
        "Interest Expense Non Operating": 70508000.0,
        "Operating Income": 561532000.0,
        "Operating Expense": 54707000.0,
        "Other Operating Expenses": 5978000.0,
        "Other Taxes": NaN,
        "Selling General And Administration": 48729000.0,
        "General And Administrative Expense": 48729000.0,
        "Other Gand A": 26266000.0,
        "Salaries And Wages": 22463000.0,
        "Gross Profit": 616239000.0,
        "Cost Of Revenue": 629844000.0,
        "Total Revenue": 1246083000.0,
        "Operating Revenue": 1246083000.0
    },
    "2024-09-30": {
        "Tax Effect Of Unusual Items": 26631230.529578,
        "Tax Rate For Calcs": 0.18911,
        "Normalized EBITDA": 948846000.0,
        "Total Unusual Items": 140824000.0,
        "Total Unusual Items Excluding Goodwill": 140824000.0,
        "Net Income From Continuing Operation Net Minority Interest": 386376000.0,
        "Reconciled Depreciation": 453603000.0,
        "Reconciled Cost Of Revenue": 677078000.0,
        "EBITDA": 1089670000.0,
        "EBIT": 636067000.0,
        "Net Interest Income": -74824000.0,
        "Interest Expense": 73072000.0,
        "Normalized Income": 272183230.529578,
        "Net Income From Continuing And Discontinued Operation": 386376000.0,
        "Total Expenses": 727823000.0,
        "Total Operating Income As Reported": 395149000.0,
        "Diluted Average Shares": 736239000.0,
        "Basic Average Shares": 693692000.0,
        "Diluted EPS": 0.53,
        "Basic EPS": 0.56,
        "Diluted NI Availto Com Stockholders": 386376000.0,
        "Net Income Common Stockholders": 386376000.0,
        "Otherunder Preferred Stock Dividend": NaN,
        "Net Income": 386376000.0,
        "Minority Interests": -70151000.0,
        "Net Income Including Noncontrolling Interests": 456527000.0,
        "Net Income Continuous Operations": 456527000.0,
        "Tax Provision": 106468000.0,
        "Pretax Income": 562995000.0,
        "Other Income Expense": 150071000.0,
        "Other Non Operating Income Expenses": 9247000.0,
        "Special Income Charges": -97709000.0,
        "Gain On Sale Of Ppe": 329000.0,
        "Other Special Charges": 5110000.0,
        "Impairment Of Capital Assets": 1380000.0,
        "Restructuring And Mergern Acquisition": 91548000.0,
        "Gain On Sale Of Security": 238533000.0,
        "Net Non Operating Interest Income Expense": -74824000.0,
        "Total Other Finance Cost": 1752000.0,
        "Interest Expense Non Operating": 73072000.0,
        "Operating Income": 487748000.0,
        "Operating Expense": 50745000.0,
        "Other Operating Expenses": 6962000.0,
        "Other Taxes": NaN,
        "Selling General And Administration": 43783000.0,
        "General And Administrative Expense": 43783000.0,
        "Other Gand A": 30246000.0,
        "Salaries And Wages": 13537000.0,
        "Gross Profit": 538493000.0,
        "Cost Of Revenue": 677078000.0,
        "Total Revenue": 1215571000.0,
        "Operating Revenue": 1215571000.0
    }
}