{
    "2023-03-31": {
        "Tax Effect Of Unusual Items": NaN,
        "Tax Rate For Calcs": NaN,
        "Normalized EBITDA": NaN,
        "Total Unusual Items": NaN,
        "Total Unusual Items Excluding Goodwill": NaN,
        "Net Income From Continuing Operation Net Minority Interest": NaN,
        "Reconciled Cost Of Revenue": NaN,
        "EBITDA": NaN,
        "EBIT": NaN,
        "Net Interest Income": NaN,
        "Interest Expense": NaN,
        "Normalized Income": NaN,
        "Net Income From Continuing And Discontinued Operation": NaN,
        "Total Expenses": NaN,
        "Total Operating Income As Reported": NaN,
        "Diluted Average Shares": NaN,
        "Basic Average Shares": NaN,
        "Diluted EPS": NaN,
        "Basic EPS": NaN,
        "Diluted NI Availto Com Stockholders": NaN,
        "Net Income Common Stockholders": NaN,
        "Net Income": NaN,
        "Minority Interests": NaN,
        "Net Income Including Noncontrolling Interests": NaN,
        "Net Income Discontinuous Operations": NaN,
        "Net Income Continuous Operations": NaN,
        "Tax Provision": NaN,
        "Pretax Income": NaN,
        "Other Income Expense": NaN,
        "Other Non Operating Income Expenses": NaN,
        "Special Income Charges": 0.0,
        "Impairment Of Capital Assets": 0.0,
        "Restructuring And Mergern Acquisition": 0.0,
        "Earnings From Equity Interest": NaN,
        "Gain On Sale Of Security": NaN,
        "Net Non Operating Interest Income Expense": NaN,
        "Total Other Finance Cost": NaN,
        "Interest Expense Non Operating": NaN,
        "Operating Income": NaN,
        "Operating Expense": NaN,
        "Research And Development": NaN,
        "Selling General And Administration": NaN,
        "Selling And Marketing Expense": NaN,
        "General And Administrative Expense": NaN,
        "Other Gand A": NaN,
        "Salaries And Wages": NaN,
        "Gross Profit": NaN,
        "Cost Of Revenue": NaN,
        "Total Revenue": NaN,
        "Operating Revenue": NaN
    },
    "2022-12-31": {
        "Tax Effect Of Unusual Items": NaN,
        "Tax Rate For Calcs": NaN,
        "Normalized EBITDA": NaN,
        "Total Unusual Items": NaN,
        "Total Unusual Items Excluding Goodwill": NaN,
        "Net Income From Continuing Operation Net Minority Interest": NaN,
        "Reconciled Cost Of Revenue": NaN,
        "EBITDA": NaN,
        "EBIT": NaN,
        "Net Interest Income": NaN,
        "Interest Expense": -3636729.0,
        "Normalized Income": NaN,
        "Net Income From Continuing And Discontinued Operation": NaN,
        "Total Expenses": NaN,
        "Total Operating Income As Reported": NaN,
        "Diluted Average Shares": NaN,
        "Basic Average Shares": NaN,
        "Diluted EPS": NaN,
        "Basic EPS": NaN,
        "Diluted NI Availto Com Stockholders": NaN,
        "Net Income Common Stockholders": NaN,
        "Net Income": NaN,
        "Minority Interests": NaN,
        "Net Income Including Noncontrolling Interests": NaN,
        "Net Income Discontinuous Operations": NaN,
        "Net Income Continuous Operations": NaN,
        "Tax Provision": NaN,
        "Pretax Income": NaN,
        "Other Income Expense": NaN,
        "Other Non Operating Income Expenses": NaN,
        "Special Income Charges": -2709143.0,
        "Write Off": -3549298.0,
        "Impairment Of Capital Assets": NaN,
        "Restructuring And Mergern Acquisition": 30378741.0,
        "Earnings From Equity Interest": NaN,
        "Gain On Sale Of Security": NaN,
        "Net Non Operating Interest Income Expense": NaN,
        "Total Other Finance Cost": NaN,
        "Interest Expense Non Operating": -3636729.0,
        "Operating Income": NaN,
        "Operating Expense": NaN,
        "Research And Development": NaN,
        "Selling General And Administration": NaN,
        "Selling And Marketing Expense": NaN,
        "General And Administrative Expense": NaN,
        "Other Gand A": NaN,
        "Salaries And Wages": NaN,
        "Gross Profit": NaN,
        "Cost Of Revenue": NaN,
        "Total Revenue": NaN,
        "Operating Revenue": NaN
    },
    "2022-09-30": {
        "Tax Effect Of Unusual Items": NaN,
        "Tax Rate For Calcs": NaN,
        "Normalized EBITDA": NaN,
        "Total Unusual Items": NaN,
        "Total Unusual Items Excluding Goodwill": NaN,
        "Net Income From Continuing Operation Net Minority Interest": NaN,
        "Reconciled Cost Of Revenue": NaN,
        "EBITDA": NaN,
        "EBIT": NaN,
        "Net Interest Income": NaN,
        "Interest Expense": NaN,
        "Normalized Income": NaN,
        "Net Income From Continuing And Discontinued Operation": NaN,
        "Total Expenses": NaN,
        "Total Operating Income As Reported": NaN,
        "Diluted Average Shares": NaN,
        "Basic Average Shares": NaN,
        "Diluted EPS": NaN,
        "Basic EPS": NaN,
        "Diluted NI Availto Com Stockholders": NaN,
        "Net Income Common Stockholders": NaN,
        "Net Income": NaN,
        "Minority Interests": NaN,
        "Net Income Including Noncontrolling Interests": NaN,
        "Net Income Discontinuous Operations": NaN,
        "Net Income Continuous Operations": NaN,
        "Tax Provision": NaN,
        "Pretax Income": NaN,
        "Other Income Expense": NaN,
        "Other Non Operating Income Expenses": NaN,
        "Special Income Charges": NaN,
        "Write Off": 3549298.0,
        "Impairment Of Capital Assets": 1429429.0,
        "Restructuring And Mergern Acquisition": 0.0,
        "Earnings From Equity Interest": NaN,
        "Gain On Sale Of Security": NaN,
        "Net Non Operating Interest Income Expense": NaN,
        "Total Other Finance Cost": NaN,
        "Interest Expense Non Operating": NaN,
        "Operating Income": NaN,
        "Operating Expense": NaN,
        "Research And Development": NaN,
        "Selling General And Administration": NaN,
        "Selling And Marketing Expense": NaN,
        "General And Administrative Expense": NaN,
        "Other Gand A": NaN,
        "Salaries And Wages": NaN,
        "Gross Profit": NaN,
        "Cost Of Revenue": NaN,
        "Total Revenue": NaN,
        "Operating Revenue": NaN
    },
    "2022-06-30": {
        "Tax Effect Of Unusual Items": -1279568.0,
        "Tax Rate For Calcs": 0.4,
        "Normalized EBITDA": -139259560.0,
        "Total Unusual Items": -3198920.0,
        "Total Unusual Items Excluding Goodwill": -3198920.0,
        "Net Income From Continuing Operation Net Minority Interest": -144177194.0,
        "Reconciled Cost Of Revenue": 30021343.0,
        "EBITDA": -142458480.0,
        "EBIT": -142458480.0,
        "Net Interest Income": -1447778.0,
        "Interest Expense": 1447778.0,
        "Normalized Income": -142257842.0,
        "Net Income From Continuing And Discontinued Operation": -144177194.0,
        "Total Expenses": 158604148.0,
        "Total Operating Income As Reported": -17897607.0,
        "Diluted Average Shares": 49616648.0,
        "Basic Average Shares": 49616648.0,
        "Diluted EPS": -2.91,
        "Basic EPS": -2.91,
        "Diluted NI Availto Com Stockholders": -144177194.0,
        "Net Income Common Stockholders": -144177194.0,
        "Net Income": -144177194.0,
        "Minority Interests": 1.0,
        "Net Income Including Noncontrolling Interests": -144177195.0,
        "Net Income Discontinuous Operations": NaN,
        "Net Income Continuous Operations": -144177195.0,
        "Tax Provision": 270937.0,
        "Pretax Income": -143906258.0,
        "Other Income Expense": -35570600.0,
        "Other Non Operating Income Expenses": -32371680.0,
        "Special Income Charges": NaN,
        "Gain On Sale Of Business": NaN,
        "Write Off": NaN,
        "Impairment Of Capital Assets": NaN,
        "Restructuring And Mergern Acquisition": NaN,
        "Earnings From Equity Interest": NaN,
        "Gain On Sale Of Security": -3198920.0,
        "Net Non Operating Interest Income Expense": -1447778.0,
        "Total Other Finance Cost": NaN,
        "Interest Expense Non Operating": 1447778.0,
        "Operating Income": -106887880.0,
        "Operating Expense": 128582805.0,
        "Other Operating Expenses": NaN,
        "Research And Development": 4843244.0,
        "Selling General And Administration": 123739561.0,
        "Selling And Marketing Expense": 3119276.0,
        "General And Administrative Expense": 120620285.0,
        "Other Gand A": 31073684.0,
        "Salaries And Wages": 89546601.0,
        "Gross Profit": 21694925.0,
        "Cost Of Revenue": 30021343.0,
        "Total Revenue": 51716268.0,
        "Operating Revenue": 51716268.0
    },
    "2022-03-31": {
        "Diluted EPS": -1.06,
        "Total Revenue": 92,
        "Gross Profit": 36,
        "Operating Income": -1,
        "EBIT": -1,
        "Net Income": -33
    },
    "2021-12-31": {
        "Diluted EPS": 0.0,
        "Total Revenue": NaN,
        "Gross Profit": NaN,
        "Operating Income": NaN,
        "EBIT": NaN,
        "Net Income": NaN
    },
    "2021-09-30": {
        "Diluted EPS": -2.65,
        "Total Revenue": 75,
        "Gross Profit": 26,
        "Operating Income": -5,
        "EBIT": -5,
        "Net Income": -80
    },
    "2021-06-30": {
        "Diluted EPS": -0.32,
        "Total Revenue": 79,
        "Gross Profit": 35,
        "Operating Income": 15,
        "EBIT": 15,
        "Net Income": -10
    },
    "2023-06-30": {
        "Tax Effect Of Unusual Items": NaN,
        "Tax Rate For Calcs": NaN,
        "Normalized EBITDA": NaN,
        "Total Unusual Items": NaN,
        "Total Unusual Items Excluding Goodwill": NaN,
        "Net Income From Continuing Operation Net Minority Interest": NaN,
        "Reconciled Cost Of Revenue": NaN,
        "EBITDA": NaN,
        "EBIT": NaN,
        "Net Interest Income": NaN,
        "Interest Expense": NaN,
        "Normalized Income": NaN,
        "Net Income From Continuing And Discontinued Operation": NaN,
        "Total Expenses": NaN,
        "Total Operating Income As Reported": NaN,
        "Diluted Average Shares": NaN,
        "Basic Average Shares": NaN,
        "Diluted EPS": NaN,
        "Basic EPS": NaN,
        "Diluted NI Availto Com Stockholders": NaN,
        "Net Income Common Stockholders": NaN,
        "Net Income": NaN,
        "Minority Interests": NaN,
        "Net Income Including Noncontrolling Interests": NaN,
        "Net Income Discontinuous Operations": NaN,
        "Net Income Continuous Operations": NaN,
        "Tax Provision": NaN,
        "Pretax Income": NaN,
        "Other Income Expense": NaN,
        "Other Non Operating Income Expenses": NaN,
        "Special Income Charges": NaN,
        "Impairment Of Capital Assets": NaN,
        "Restructuring And Mergern Acquisition": NaN,
        "Earnings From Equity Interest": NaN,
        "Gain On Sale Of Security": NaN,
        "Net Non Operating Interest Income Expense": NaN,
        "Total Other Finance Cost": 51464.0,
        "Interest Expense Non Operating": NaN,
        "Operating Income": NaN,
        "Operating Expense": NaN,
        "Research And Development": NaN,
        "Selling General And Administration": NaN,
        "Selling And Marketing Expense": NaN,
        "General And Administrative Expense": NaN,
        "Other Gand A": NaN,
        "Salaries And Wages": 0.0,
        "Gross Profit": NaN,
        "Cost Of Revenue": NaN,
        "Total Revenue": NaN,
        "Operating Revenue": NaN
    },
    "2023-09-30": {
        "Tax Effect Of Unusual Items": 891.6939,
        "Tax Rate For Calcs": 0.000962,
        "Normalized EBITDA": -12888946.0,
        "Total Unusual Items": 926739.0,
        "Total Unusual Items Excluding Goodwill": 926739.0,
        "Net Income From Continuing Operation Net Minority Interest": -11476157.0,
        "Reconciled Cost Of Revenue": 3224316.0,
        "EBITDA": -11962207.0,
        "EBIT": -11962207.0,
        "Net Interest Income": -35492.0,
        "Interest Expense": 35492.0,
        "Normalized Income": -12402004.3061,
        "Net Income From Continuing And Discontinued Operation": -13570455.0,
        "Total Expenses": 19450046.0,
        "Total Operating Income As Reported": -12943513.0,
        "Diluted Average Shares": 11743434.0,
        "Basic Average Shares": 11743434.0,
        "Diluted EPS": -1.16,
        "Basic EPS": -1.16,
        "Diluted NI Availto Com Stockholders": -13570455.0,
        "Net Income Common Stockholders": -13570455.0,
        "Net Income": -13570455.0,
        "Minority Interests": 509998.0,
        "Net Income Including Noncontrolling Interests": -14080453.0,
        "Net Income Discontinuous Operations": -2094298.0,
        "Net Income Continuous Operations": -11986155.0,
        "Tax Provision": -11544.0,
        "Pretax Income": -11997699.0,
        "Other Income Expense": 2608898.0,
        "Other Non Operating Income Expenses": 1627592.0,
        "Special Income Charges": 0.0,
        "Impairment Of Capital Assets": 0.0,
        "Restructuring And Mergern Acquisition": NaN,
        "Earnings From Equity Interest": 54567.0,
        "Gain On Sale Of Security": 926739.0,
        "Net Non Operating Interest Income Expense": -35492.0,
        "Total Other Finance Cost": NaN,
        "Interest Expense Non Operating": 35492.0,
        "Operating Income": -14571105.0,
        "Operating Expense": 16225730.0,
        "Research And Development": 4004476.0,
        "Selling General And Administration": 12221254.0,
        "Selling And Marketing Expense": 1662029.0,
        "General And Administrative Expense": 10559225.0,
        "Other Gand A": 10559225.0,
        "Salaries And Wages": NaN,
        "Gross Profit": 1654625.0,
        "Cost Of Revenue": 3224316.0,
        "Total Revenue": 4878941.0,
        "Operating Revenue": 4878941.0
    },
    "2023-12-31": {
        "Tax Effect Of Unusual Items": -1004669.16,
        "Tax Rate For Calcs": 0.165,
        "Normalized EBITDA": -8581432.0,
        "Total Unusual Items": -6088904.0,
        "Total Unusual Items Excluding Goodwill": -6088904.0,
        "Net Income From Continuing Operation Net Minority Interest": -14081128.0,
        "Reconciled Cost Of Revenue": 2681851.0,
        "EBITDA": -14670336.0,
        "EBIT": -14670336.0,
        "Net Interest Income": 3954889.0,
        "Interest Expense": -31610.0,
        "Normalized Income": -8996893.16,
        "Net Income From Continuing And Discontinued Operation": -16947413.0,
        "Total Expenses": 13513141.0,
        "Total Operating Income As Reported": -11463324.0,
        "Diluted Average Shares": 12114922.0,
        "Basic Average Shares": 12114922.0,
        "Diluted EPS": -1.57,
        "Basic EPS": -1.57,
        "Diluted NI Availto Com Stockholders": -16947413.0,
        "Net Income Common Stockholders": -16947413.0,
        "Net Income": -16947413.0,
        "Minority Interests": 568276.0,
        "Net Income Including Noncontrolling Interests": -17515689.0,
        "Net Income Discontinuous Operations": -2866285.0,
        "Net Income Continuous Operations": -14649404.0,
        "Tax Provision": 10678.0,
        "Pretax Income": -14638726.0,
        "Other Income Expense": -10357308.0,
        "Other Non Operating Income Expenses": -3580221.0,
        "Special Income Charges": -3900268.0,
        "Impairment Of Capital Assets": 3900268.0,
        "Restructuring And Mergern Acquisition": NaN,
        "Earnings From Equity Interest": -688183.0,
        "Gain On Sale Of Security": -2188636.0,
        "Net Non Operating Interest Income Expense": 3954889.0,
        "Total Other Finance Cost": NaN,
        "Interest Expense Non Operating": -31610.0,
        "Operating Income": -8236307.0,
        "Operating Expense": 10831290.0,
        "Research And Development": 1503548.0,
        "Selling General And Administration": 9435990.0,
        "Selling And Marketing Expense": 1908415.0,
        "General And Administrative Expense": 7527575.0,
        "Other Gand A": 7527575.0,
        "Salaries And Wages": NaN,
        "Gross Profit": 2594983.0,
        "Cost Of Revenue": 2681851.0,
        "Total Revenue": 5276834.0,
        "Operating Revenue": 5276834.0
    },
    "2024-03-31": {
        "Tax Effect Of Unusual Items": 2474.794864,
        "Tax Rate For Calcs": 0.03071,
        "Normalized EBITDA": -9375160.0,
        "Total Unusual Items": 80586.0,
        "Total Unusual Items Excluding Goodwill": 80586.0,
        "Net Income From Continuing Operation Net Minority Interest": -8541480.0,
        "Reconciled Cost Of Revenue": 2630751.0,
        "EBITDA": -9294574.0,
        "EBIT": -9294574.0,
        "Net Interest Income": -16339.0,
        "Interest Expense": 16339.0,
        "Normalized Income": -8619591.205136,
        "Net Income From Continuing And Discontinued Operation": -8568095.0,
        "Total Expenses": 16320203.0,
        "Total Operating Income As Reported": -9158915.0,
        "Diluted Average Shares": 12215904.0,
        "Basic Average Shares": 12215904.0,
        "Diluted EPS": -0.7,
        "Basic EPS": -0.7,
        "Diluted NI Availto Com Stockholders": -8568095.0,
        "Net Income Common Stockholders": -8568095.0,
        "Net Income": -8568095.0,
        "Minority Interests": 483495.0,
        "Net Income Including Noncontrolling Interests": -9051590.0,
        "Net Income Discontinuous Operations": -26615.0,
        "Net Income Continuous Operations": -9024975.0,
        "Tax Provision": -285938.0,
        "Pretax Income": -9310913.0,
        "Other Income Expense": 612232.0,
        "Other Non Operating Income Expenses": 747891.0,
        "Special Income Charges": 0.0,
        "Impairment Of Capital Assets": 0.0,
        "Restructuring And Mergern Acquisition": NaN,
        "Earnings From Equity Interest": -216245.0,
        "Gain On Sale Of Security": 80586.0,
        "Net Non Operating Interest Income Expense": -16339.0,
        "Total Other Finance Cost": NaN,
        "Interest Expense Non Operating": 16339.0,
        "Operating Income": -9906806.0,
        "Operating Expense": 13689452.0,
        "Research And Development": 2731050.0,
        "Selling General And Administration": 10958402.0,
        "Selling And Marketing Expense": 1898473.0,
        "General And Administrative Expense": 9059929.0,
        "Other Gand A": 9059929.0,
        "Salaries And Wages": NaN,
        "Gross Profit": 3782646.0,
        "Cost Of Revenue": 2630751.0,
        "Total Revenue": 6413397.0,
        "Operating Revenue": 6413397.0
    },
    "2024-06-30": {
        "Tax Effect Of Unusual Items": -2438.098082,
        "Tax Rate For Calcs": 0.00789,
        "Normalized EBITDA": -10972658.0,
        "Total Unusual Items": -308994.0,
        "Total Unusual Items Excluding Goodwill": -308994.0,
        "Net Income From Continuing Operation Net Minority Interest": -10796114.0,
        "Reconciled Cost Of Revenue": 2173260.0,
        "EBITDA": -11281652.0,
        "EBIT": -11281652.0,
        "Net Interest Income": -27479.0,
        "Interest Expense": 27479.0,
        "Normalized Income": -10489558.098082,
        "Net Income From Continuing And Discontinued Operation": -10721954.0,
        "Total Expenses": 17302610.0,
        "Total Operating Income As Reported": -10608960.0,
        "Diluted Average Shares": 12222337.0,
        "Basic Average Shares": 12222337.0,
        "Diluted EPS": -0.88,
        "Basic EPS": -0.88,
        "Diluted NI Availto Com Stockholders": -10721954.0,
        "Net Income Common Stockholders": -10721954.0,
        "Net Income": -10721954.0,
        "Minority Interests": 423783.0,
        "Net Income Including Noncontrolling Interests": -11145737.0,
        "Net Income Discontinuous Operations": 74160.0,
        "Net Income Continuous Operations": -11219897.0,
        "Tax Provision": -89234.0,
        "Pretax Income": -11309131.0,
        "Other Income Expense": 79426.0,
        "Other Non Operating Income Expenses": 752118.0,
        "Special Income Charges": NaN,
        "Impairment Of Capital Assets": NaN,
        "Restructuring And Mergern Acquisition": NaN,
        "Earnings From Equity Interest": -363698.0,
        "Gain On Sale Of Security": -308994.0,
        "Net Non Operating Interest Income Expense": -27479.0,
        "Total Other Finance Cost": NaN,
        "Interest Expense Non Operating": 27479.0,
        "Operating Income": -11361078.0,
        "Operating Expense": 15129350.0,
        "Research And Development": 3025458.0,
        "Selling General And Administration": 12103892.0,
        "Selling And Marketing Expense": 2416438.0,
        "General And Administrative Expense": 9687454.0,
        "Other Gand A": 9687454.0,
        "Salaries And Wages": NaN,
        "Gross Profit": 3768272.0,
        "Cost Of Revenue": 2173260.0,
        "Total Revenue": 5941532.0,
        "Operating Revenue": 5941532.0
    },
    "2024-09-30": {
        "Tax Effect Of Unusual Items": 654.085335,
        "Tax Rate For Calcs": 0.006217,
        "Normalized EBITDA": -12137832.0,
        "Total Unusual Items": 105210.0,
        "Total Unusual Items Excluding Goodwill": 105210.0,
        "Net Income From Continuing Operation Net Minority Interest": -10643273.0,
        "Reconciled Cost Of Revenue": 3830506.0,
        "EBITDA": -12032622.0,
        "EBIT": -12032622.0,
        "Net Interest Income": -80552.0,
        "Interest Expense": 80552.0,
        "Normalized Income": -10747828.914665,
        "Net Income From Continuing And Discontinued Operation": -10672236.0,
        "Total Expenses": 19537668.0,
        "Total Operating Income As Reported": -11808320.0,
        "Diluted Average Shares": 12722810.0,
        "Basic Average Shares": 12722810.0,
        "Diluted EPS": -0.84,
        "Basic EPS": -0.84,
        "Diluted NI Availto Com Stockholders": -10672236.0,
        "Net Income Common Stockholders": -10672236.0,
        "Net Income": -10672236.0,
        "Minority Interests": 1394594.0,
        "Net Income Including Noncontrolling Interests": -12066830.0,
        "Net Income Discontinuous Operations": -28963.0,
        "Net Income Continuous Operations": -12037867.0,
        "Tax Provision": -75307.0,
        "Pretax Income": -12113174.0,
        "Other Income Expense": -272927.0,
        "Other Non Operating Income Expenses": -48625.0,
        "Special Income Charges": NaN,
        "Impairment Of Capital Assets": NaN,
        "Restructuring And Mergern Acquisition": NaN,
        "Earnings From Equity Interest": -329512.0,
        "Gain On Sale Of Security": 105210.0,
        "Net Non Operating Interest Income Expense": -80552.0,
        "Total Other Finance Cost": NaN,
        "Interest Expense Non Operating": 80552.0,
        "Operating Income": -11759695.0,
        "Operating Expense": 15707162.0,
        "Research And Development": 2588117.0,
        "Selling General And Administration": 13119045.0,
        "Selling And Marketing Expense": 1915373.0,
        "General And Administrative Expense": 11203672.0,
        "Other Gand A": 11203672.0,
        "Salaries And Wages": NaN,
        "Gross Profit": 3947467.0,
        "Cost Of Revenue": 3830506.0,
        "Total Revenue": 7777973.0,
        "Operating Revenue": 7777973.0
    }
}