{
    "2023-09-30": {
        "Tax Effect Of Unusual Items": 35690.658085,
        "Tax Rate For Calcs": 0.256767,
        "Normalized EBITDA": 242324000.0,
        "Total Unusual Items": 139000.0,
        "Total Unusual Items Excluding Goodwill": 139000.0,
        "Net Income From Continuing Operation Net Minority Interest": 123555000.0,
        "Reconciled Depreciation": 39171000.0,
        "Reconciled Cost Of Revenue": 40431000.0,
        "EBITDA": 242463000.0,
        "EBIT": 203292000.0,
        "Net Interest Income": -37052000.0,
        "Interest Expense": 37052000.0,
        "Normalized Income": 123451690.658085,
        "Net Income From Continuing And Discontinued Operation": 123555000.0,
        "Total Expenses": 345115000.0,
        "Total Operating Income As Reported": 203271000.0,
        "Diluted Average Shares": 64319000.0,
        "Basic Average Shares": 63954000.0,
        "Diluted EPS": 1.92,
        "Basic EPS": 1.93,
        "Diluted NI Availto Com Stockholders": 123555000.0,
        "Net Income Common Stockholders": 123555000.0,
        "Net Income": 123555000.0,
        "Net Income Including Noncontrolling Interests": 123555000.0,
        "Net Income Continuous Operations": 123555000.0,
        "Tax Provision": 42685000.0,
        "Pretax Income": 166240000.0,
        "Other Income Expense": 160000.0,
        "Other Non Operating Income Expenses": 21000.0,
        "Special Income Charges": 139000.0,
        "Other Special Charges": NaN,
        "Restructuring And Mergern Acquisition": -139000.0,
        "Net Non Operating Interest Income Expense": -37052000.0,
        "Interest Expense Non Operating": 37052000.0,
        "Operating Income": 203132000.0,
        "Operating Expense": 304684000.0,
        "Other Operating Expenses": 205808000.0,
        "Depreciation Amortization Depletion Income Statement": 39171000.0,
        "Depreciation And Amortization In Income Statement": 39171000.0,
        "Selling General And Administration": 59705000.0,
        "Gross Profit": 507816000.0,
        "Cost Of Revenue": 40431000.0,
        "Total Revenue": 548247000.0,
        "Operating Revenue": 548247000.0
    },
    "2023-06-30": {
        "Tax Effect Of Unusual Items": NaN,
        "Tax Rate For Calcs": NaN,
        "Normalized EBITDA": NaN,
        "Total Unusual Items": NaN,
        "Total Unusual Items Excluding Goodwill": NaN,
        "Net Income From Continuing Operation Net Minority Interest": NaN,
        "Reconciled Depreciation": NaN,
        "Reconciled Cost Of Revenue": NaN,
        "EBITDA": NaN,
        "EBIT": NaN,
        "Net Interest Income": NaN,
        "Interest Expense": NaN,
        "Normalized Income": NaN,
        "Net Income From Continuing And Discontinued Operation": NaN,
        "Total Expenses": NaN,
        "Total Operating Income As Reported": NaN,
        "Diluted Average Shares": 64352000.0,
        "Basic Average Shares": 63932000.0,
        "Diluted EPS": 1.35,
        "Basic EPS": 1.36,
        "Diluted NI Availto Com Stockholders": NaN,
        "Net Income Common Stockholders": NaN,
        "Net Income": NaN,
        "Net Income Including Noncontrolling Interests": NaN,
        "Net Income Continuous Operations": NaN,
        "Tax Provision": NaN,
        "Pretax Income": NaN,
        "Other Income Expense": NaN,
        "Other Non Operating Income Expenses": NaN,
        "Special Income Charges": NaN,
        "Other Special Charges": NaN,
        "Restructuring And Mergern Acquisition": NaN,
        "Net Non Operating Interest Income Expense": NaN,
        "Interest Expense Non Operating": NaN,
        "Operating Income": NaN,
        "Operating Expense": NaN,
        "Other Operating Expenses": NaN,
        "Depreciation Amortization Depletion Income Statement": NaN,
        "Depreciation And Amortization In Income Statement": NaN,
        "Selling General And Administration": NaN,
        "Gross Profit": NaN,
        "Cost Of Revenue": NaN,
        "Total Revenue": NaN,
        "Operating Revenue": NaN
    },
    "2023-03-31": {
        "Tax Effect Of Unusual Items": NaN,
        "Tax Rate For Calcs": NaN,
        "Normalized EBITDA": NaN,
        "Total Unusual Items": NaN,
        "Total Unusual Items Excluding Goodwill": NaN,
        "Net Income From Continuing Operation Net Minority Interest": NaN,
        "Reconciled Depreciation": NaN,
        "Reconciled Cost Of Revenue": NaN,
        "EBITDA": NaN,
        "EBIT": NaN,
        "Net Interest Income": NaN,
        "Interest Expense": NaN,
        "Normalized Income": NaN,
        "Net Income From Continuing And Discontinued Operation": NaN,
        "Total Expenses": NaN,
        "Total Operating Income As Reported": NaN,
        "Diluted Average Shares": 63978000.0,
        "Basic Average Shares": 63978000.0,
        "Diluted EPS": -0.26,
        "Basic EPS": -0.26,
        "Diluted NI Availto Com Stockholders": NaN,
        "Net Income Common Stockholders": NaN,
        "Net Income": NaN,
        "Net Income Including Noncontrolling Interests": NaN,
        "Net Income Continuous Operations": NaN,
        "Tax Provision": NaN,
        "Pretax Income": NaN,
        "Other Income Expense": NaN,
        "Other Non Operating Income Expenses": NaN,
        "Special Income Charges": NaN,
        "Other Special Charges": NaN,
        "Restructuring And Mergern Acquisition": NaN,
        "Net Non Operating Interest Income Expense": NaN,
        "Interest Expense Non Operating": NaN,
        "Operating Income": NaN,
        "Operating Expense": NaN,
        "Other Operating Expenses": NaN,
        "Depreciation Amortization Depletion Income Statement": NaN,
        "Depreciation And Amortization In Income Statement": NaN,
        "Selling General And Administration": NaN,
        "Gross Profit": NaN,
        "Cost Of Revenue": NaN,
        "Total Revenue": NaN,
        "Operating Revenue": NaN
    },
    "2022-12-31": {
        "Tax Effect Of Unusual Items": NaN,
        "Tax Rate For Calcs": NaN,
        "Normalized EBITDA": NaN,
        "Total Unusual Items": NaN,
        "Total Unusual Items Excluding Goodwill": NaN,
        "Net Income From Continuing Operation Net Minority Interest": NaN,
        "Reconciled Depreciation": NaN,
        "Reconciled Cost Of Revenue": NaN,
        "EBITDA": NaN,
        "EBIT": NaN,
        "Net Interest Income": NaN,
        "Interest Expense": NaN,
        "Normalized Income": NaN,
        "Net Income From Continuing And Discontinued Operation": NaN,
        "Total Expenses": NaN,
        "Total Operating Income As Reported": NaN,
        "Diluted Average Shares": 64789000.0,
        "Basic Average Shares": 64136000.0,
        "Diluted EPS": 0.76,
        "Basic EPS": 0.76,
        "Diluted NI Availto Com Stockholders": NaN,
        "Net Income Common Stockholders": NaN,
        "Net Income": NaN,
        "Net Income Including Noncontrolling Interests": NaN,
        "Net Income Continuous Operations": NaN,
        "Tax Provision": NaN,
        "Pretax Income": NaN,
        "Other Income Expense": NaN,
        "Other Non Operating Income Expenses": NaN,
        "Special Income Charges": NaN,
        "Restructuring And Mergern Acquisition": NaN,
        "Net Non Operating Interest Income Expense": NaN,
        "Interest Expense Non Operating": NaN,
        "Operating Income": NaN,
        "Operating Expense": NaN,
        "Other Operating Expenses": NaN,
        "Depreciation Amortization Depletion Income Statement": NaN,
        "Depreciation And Amortization In Income Statement": NaN,
        "Selling General And Administration": NaN,
        "Gross Profit": NaN,
        "Cost Of Revenue": NaN,
        "Total Revenue": NaN,
        "Operating Revenue": NaN
    },
    "2023-12-31": {
        "Tax Effect Of Unusual Items": -72286.204362,
        "Tax Rate For Calcs": 0.245038,
        "Normalized EBITDA": 129419000.0,
        "Total Unusual Items": -295000.0,
        "Total Unusual Items Excluding Goodwill": -295000.0,
        "Net Income From Continuing Operation Net Minority Interest": 40053000.0,
        "Reconciled Depreciation": 39812000.0,
        "Reconciled Cost Of Revenue": 29835000.0,
        "EBITDA": 129124000.0,
        "EBIT": 89312000.0,
        "Net Interest Income": -36259000.0,
        "Interest Expense": 36259000.0,
        "Normalized Income": 40275713.795638,
        "Net Income From Continuing And Discontinued Operation": 40053000.0,
        "Total Expenses": 299396000.0,
        "Total Operating Income As Reported": 89274000.0,
        "Diluted Average Shares": NaN,
        "Basic Average Shares": NaN,
        "Diluted EPS": NaN,
        "Basic EPS": NaN,
        "Diluted NI Availto Com Stockholders": 40053000.0,
        "Net Income Common Stockholders": 40053000.0,
        "Net Income": 40053000.0,
        "Net Income Including Noncontrolling Interests": 40053000.0,
        "Net Income Continuous Operations": 40053000.0,
        "Tax Provision": 13000000.0,
        "Pretax Income": 53053000.0,
        "Other Income Expense": -257000.0,
        "Other Non Operating Income Expenses": 38000.0,
        "Special Income Charges": -295000.0,
        "Other Special Charges": NaN,
        "Restructuring And Mergern Acquisition": 295000.0,
        "Net Non Operating Interest Income Expense": -36259000.0,
        "Interest Expense Non Operating": 36259000.0,
        "Operating Income": 89569000.0,
        "Operating Expense": 269561000.0,
        "Other Operating Expenses": 184664000.0,
        "Depreciation Amortization Depletion Income Statement": 39812000.0,
        "Depreciation And Amortization In Income Statement": 39812000.0,
        "Selling General And Administration": 45085000.0,
        "Gross Profit": 359130000.0,
        "Cost Of Revenue": 29835000.0,
        "Total Revenue": 388965000.0,
        "Operating Revenue": 388965000.0
    },
    "2024-03-31": {
        "Tax Effect Of Unusual Items": -97862.0,
        "Tax Rate For Calcs": 0.334,
        "Normalized EBITDA": 61436000.0,
        "Total Unusual Items": -293000.0,
        "Total Unusual Items Excluding Goodwill": -293000.0,
        "Net Income From Continuing Operation Net Minority Interest": -11201000.0,
        "Reconciled Depreciation": 39182000.0,
        "Reconciled Cost Of Revenue": 23047000.0,
        "EBITDA": 61143000.0,
        "EBIT": 21961000.0,
        "Net Interest Income": -38777000.0,
        "Interest Expense": 38777000.0,
        "Normalized Income": -11005862.0,
        "Net Income From Continuing And Discontinued Operation": -11201000.0,
        "Total Expenses": 274989000.0,
        "Total Operating Income As Reported": 22141000.0,
        "Diluted Average Shares": 64016000.0,
        "Basic Average Shares": 64016000.0,
        "Diluted EPS": -0.17,
        "Basic EPS": -0.17,
        "Diluted NI Availto Com Stockholders": -11201000.0,
        "Net Income Common Stockholders": -11201000.0,
        "Net Income": -11201000.0,
        "Net Income Including Noncontrolling Interests": -11201000.0,
        "Net Income Continuous Operations": -11201000.0,
        "Tax Provision": -5615000.0,
        "Pretax Income": -16816000.0,
        "Other Income Expense": -473000.0,
        "Other Non Operating Income Expenses": -180000.0,
        "Special Income Charges": -293000.0,
        "Other Special Charges": NaN,
        "Restructuring And Mergern Acquisition": 293000.0,
        "Net Non Operating Interest Income Expense": -38777000.0,
        "Interest Expense Non Operating": 38777000.0,
        "Operating Income": 22434000.0,
        "Operating Expense": 251942000.0,
        "Other Operating Expenses": 164883000.0,
        "Depreciation Amortization Depletion Income Statement": 39182000.0,
        "Depreciation And Amortization In Income Statement": 39182000.0,
        "Selling General And Administration": 47877000.0,
        "Gross Profit": 274376000.0,
        "Cost Of Revenue": 23047000.0,
        "Total Revenue": 297423000.0,
        "Operating Revenue": 297423000.0
    },
    "2024-06-30": {
        "Tax Effect Of Unusual Items": -706236.0,
        "Tax Rate For Calcs": 0.257,
        "Normalized EBITDA": 205108000.0,
        "Total Unusual Items": -2748000.0,
        "Total Unusual Items Excluding Goodwill": -2748000.0,
        "Net Income From Continuing Operation Net Minority Interest": 91124000.0,
        "Reconciled Depreciation": 40281000.0,
        "Reconciled Cost Of Revenue": 38645000.0,
        "EBITDA": 202360000.0,
        "EBIT": 162079000.0,
        "Net Interest Income": -39386000.0,
        "Interest Expense": 39386000.0,
        "Normalized Income": 93165764.0,
        "Net Income From Continuing And Discontinued Operation": 91124000.0,
        "Total Expenses": 332913000.0,
        "Total Operating Income As Reported": 164384000.0,
        "Diluted Average Shares": 62268000.0,
        "Basic Average Shares": 61890000.0,
        "Diluted EPS": 1.46,
        "Basic EPS": 1.47,
        "Diluted NI Availto Com Stockholders": 91124000.0,
        "Net Income Common Stockholders": 91124000.0,
        "Net Income": 91124000.0,
        "Net Income Including Noncontrolling Interests": 91124000.0,
        "Net Income Continuous Operations": 91124000.0,
        "Tax Provision": 31569000.0,
        "Pretax Income": 122693000.0,
        "Other Income Expense": -2601000.0,
        "Other Non Operating Income Expenses": 147000.0,
        "Special Income Charges": -2748000.0,
        "Other Special Charges": 2452000.0,
        "Restructuring And Mergern Acquisition": 296000.0,
        "Net Non Operating Interest Income Expense": -39386000.0,
        "Interest Expense Non Operating": 39386000.0,
        "Operating Income": 164680000.0,
        "Operating Expense": 294268000.0,
        "Other Operating Expenses": 190199000.0,
        "Depreciation Amortization Depletion Income Statement": 40281000.0,
        "Depreciation And Amortization In Income Statement": 40281000.0,
        "Selling General And Administration": 63788000.0,
        "Gross Profit": 458948000.0,
        "Cost Of Revenue": 38645000.0,
        "Total Revenue": 497593000.0,
        "Operating Revenue": 497593000.0
    },
    "2024-09-30": {
        "Tax Effect Of Unusual Items": 3095.130027,
        "Tax Rate For Calcs": 0.257928,
        "Normalized EBITDA": 242521000.0,
        "Total Unusual Items": 12000.0,
        "Total Unusual Items Excluding Goodwill": 12000.0,
        "Net Income From Continuing Operation Net Minority Interest": 119677000.0,
        "Reconciled Depreciation": 41577000.0,
        "Reconciled Cost Of Revenue": 40629000.0,
        "EBITDA": 242533000.0,
        "EBIT": 200956000.0,
        "Net Interest Income": -39682000.0,
        "Interest Expense": 39682000.0,
        "Normalized Income": 119668095.130027,
        "Net Income From Continuing And Discontinued Operation": 119677000.0,
        "Total Expenses": 344903000.0,
        "Total Operating Income As Reported": 201010000.0,
        "Diluted Average Shares": 57663000.0,
        "Basic Average Shares": 57292000.0,
        "Diluted EPS": 2.08,
        "Basic EPS": 2.09,
        "Diluted NI Availto Com Stockholders": 119677000.0,
        "Net Income Common Stockholders": 119677000.0,
        "Net Income": 119677000.0,
        "Net Income Including Noncontrolling Interests": 119677000.0,
        "Net Income Continuous Operations": 119677000.0,
        "Tax Provision": 41597000.0,
        "Pretax Income": 161274000.0,
        "Other Income Expense": -42000.0,
        "Other Non Operating Income Expenses": -54000.0,
        "Special Income Charges": 12000.0,
        "Other Special Charges": NaN,
        "Restructuring And Mergern Acquisition": -12000.0,
        "Net Non Operating Interest Income Expense": -39682000.0,
        "Interest Expense Non Operating": 39682000.0,
        "Operating Income": 200998000.0,
        "Operating Expense": 304274000.0,
        "Other Operating Expenses": 207336000.0,
        "Depreciation Amortization Depletion Income Statement": 41577000.0,
        "Depreciation And Amortization In Income Statement": 41577000.0,
        "Selling General And Administration": 55361000.0,
        "Gross Profit": 505272000.0,
        "Cost Of Revenue": 40629000.0,
        "Total Revenue": 545901000.0,
        "Operating Revenue": 545901000.0
    }
}