{
    "2023-03-31": {
        "Tax Effect Of Unusual Items": NaN,
        "Tax Rate For Calcs": NaN,
        "Normalized EBITDA": NaN,
        "Total Unusual Items": NaN,
        "Total Unusual Items Excluding Goodwill": NaN,
        "Net Income From Continuing Operation Net Minority Interest": NaN,
        "Reconciled Depreciation": NaN,
        "EBITDA": NaN,
        "EBIT": NaN,
        "Net Interest Income": NaN,
        "Interest Income": NaN,
        "Normalized Income": NaN,
        "Net Income From Continuing And Discontinued Operation": NaN,
        "Total Expenses": NaN,
        "Total Operating Income As Reported": NaN,
        "Diluted Average Shares": 89064895.0,
        "Basic Average Shares": 89064895.0,
        "Diluted EPS": -0.44,
        "Basic EPS": -0.44,
        "Diluted NI Availto Com Stockholders": NaN,
        "Net Income Common Stockholders": NaN,
        "Otherunder Preferred Stock Dividend": NaN,
        "Preferred Stock Dividends": NaN,
        "Net Income": NaN,
        "Net Income Including Noncontrolling Interests": NaN,
        "Net Income Continuous Operations": NaN,
        "Tax Provision": NaN,
        "Pretax Income": NaN,
        "Other Income Expense": NaN,
        "Other Non Operating Income Expenses": NaN,
        "Securities Amortization": NaN,
        "Gain On Sale Of Security": NaN,
        "Net Non Operating Interest Income Expense": NaN,
        "Interest Income Non Operating": NaN,
        "Operating Income": NaN,
        "Operating Expense": NaN,
        "Research And Development": NaN,
        "Selling General And Administration": NaN,
        "General And Administrative Expense": NaN,
        "Other Gand A": NaN,
        "Salaries And Wages": NaN,
        "Total Revenue": NaN,
        "Operating Revenue": NaN
    },
    "2022-12-31": {
        "Tax Effect Of Unusual Items": NaN,
        "Tax Rate For Calcs": NaN,
        "Normalized EBITDA": NaN,
        "Total Unusual Items": NaN,
        "Total Unusual Items Excluding Goodwill": NaN,
        "Net Income From Continuing Operation Net Minority Interest": NaN,
        "Reconciled Depreciation": NaN,
        "EBITDA": NaN,
        "EBIT": NaN,
        "Net Interest Income": NaN,
        "Interest Income": NaN,
        "Normalized Income": NaN,
        "Net Income From Continuing And Discontinued Operation": NaN,
        "Total Expenses": NaN,
        "Total Operating Income As Reported": NaN,
        "Diluted Average Shares": NaN,
        "Basic Average Shares": NaN,
        "Diluted EPS": NaN,
        "Basic EPS": NaN,
        "Diluted NI Availto Com Stockholders": NaN,
        "Net Income Common Stockholders": NaN,
        "Otherunder Preferred Stock Dividend": 0.0,
        "Preferred Stock Dividends": 1314000.0,
        "Net Income": NaN,
        "Net Income Including Noncontrolling Interests": NaN,
        "Net Income Continuous Operations": NaN,
        "Tax Provision": NaN,
        "Pretax Income": NaN,
        "Other Income Expense": NaN,
        "Other Non Operating Income Expenses": NaN,
        "Securities Amortization": NaN,
        "Gain On Sale Of Security": NaN,
        "Net Non Operating Interest Income Expense": NaN,
        "Interest Income Non Operating": NaN,
        "Operating Income": NaN,
        "Operating Expense": NaN,
        "Research And Development": NaN,
        "Selling General And Administration": NaN,
        "General And Administrative Expense": NaN,
        "Other Gand A": NaN,
        "Salaries And Wages": NaN,
        "Total Revenue": NaN,
        "Operating Revenue": NaN
    },
    "2022-09-30": {
        "Tax Effect Of Unusual Items": NaN,
        "Tax Rate For Calcs": NaN,
        "Normalized EBITDA": NaN,
        "Total Unusual Items": NaN,
        "Total Unusual Items Excluding Goodwill": NaN,
        "Net Income From Continuing Operation Net Minority Interest": NaN,
        "Reconciled Depreciation": NaN,
        "EBITDA": NaN,
        "EBIT": NaN,
        "Normalized Income": NaN,
        "Net Income From Continuing And Discontinued Operation": NaN,
        "Total Expenses": NaN,
        "Total Operating Income As Reported": NaN,
        "Diluted Average Shares": NaN,
        "Basic Average Shares": NaN,
        "Diluted EPS": NaN,
        "Basic EPS": NaN,
        "Diluted NI Availto Com Stockholders": NaN,
        "Net Income Common Stockholders": NaN,
        "Otherunder Preferred Stock Dividend": 0.0,
        "Preferred Stock Dividends": 6362000.0,
        "Net Income": NaN,
        "Net Income Including Noncontrolling Interests": NaN,
        "Net Income Continuous Operations": NaN,
        "Tax Provision": NaN,
        "Pretax Income": NaN,
        "Other Income Expense": NaN,
        "Other Non Operating Income Expenses": NaN,
        "Gain On Sale Of Security": NaN,
        "Operating Income": NaN,
        "Operating Expense": NaN,
        "Research And Development": NaN,
        "Selling General And Administration": NaN,
        "General And Administrative Expense": NaN,
        "Other Gand A": NaN,
        "Salaries And Wages": NaN,
        "Total Revenue": NaN,
        "Operating Revenue": NaN
    },
    "2022-06-30": {
        "Tax Effect Of Unusual Items": -55238.872105,
        "Tax Rate For Calcs": 0.014837,
        "Normalized EBITDA": -22152000.0,
        "Total Unusual Items": -3723000.0,
        "Total Unusual Items Excluding Goodwill": -3723000.0,
        "Net Income From Continuing Operation Net Minority Interest": -29348000.0,
        "Reconciled Depreciation": 430000.0,
        "EBITDA": -25875000.0,
        "EBIT": -26305000.0,
        "Normalized Income": -25680238.872105,
        "Net Income From Continuing And Discontinued Operation": -29348000.0,
        "Total Expenses": 26305000.0,
        "Total Operating Income As Reported": -26305000.0,
        "Diluted Average Shares": 71795514.0,
        "Basic Average Shares": 71795514.0,
        "Diluted EPS": -0.496424,
        "Basic EPS": -0.496424,
        "Diluted NI Availto Com Stockholders": -23124000.0,
        "Net Income Common Stockholders": -23124000.0,
        "Otherunder Preferred Stock Dividend": NaN,
        "Preferred Stock Dividends": 6293000.0,
        "Net Income": -29348000.0,
        "Net Income Including Noncontrolling Interests": -29348000.0,
        "Net Income Continuous Operations": -29348000.0,
        "Tax Provision": -442000.0,
        "Pretax Income": -29790000.0,
        "Other Income Expense": -3485000.0,
        "Other Non Operating Income Expenses": 238000.0,
        "Gain On Sale Of Security": -3723000.0,
        "Operating Income": -26305000.0,
        "Operating Expense": 26305000.0,
        "Research And Development": 18940000.0,
        "Selling General And Administration": 7365000.0,
        "General And Administrative Expense": 7365000.0,
        "Other Gand A": 4345000.0,
        "Salaries And Wages": 3020000.0,
        "Total Revenue": 0.0,
        "Operating Revenue": 0.0
    },
    "2022-03-31": {
        "Diluted EPS": -1.58,
        "Total Revenue": NaN,
        "Gross Profit": NaN,
        "Operating Income": -20,
        "EBIT": -19,
        "Net Income": -30
    },
    "2021-12-31": {
        "Diluted EPS": 0.0,
        "Total Revenue": NaN,
        "Gross Profit": NaN,
        "Operating Income": NaN,
        "EBIT": NaN,
        "Net Income": NaN
    },
    "2021-09-30": {
        "Diluted EPS": -1.52,
        "Total Revenue": NaN,
        "Gross Profit": NaN,
        "Operating Income": -10,
        "EBIT": -10,
        "Net Income": -23
    },
    "2020-12-31": {
        "Diluted EPS": 0.0,
        "Total Revenue": NaN,
        "Gross Profit": NaN,
        "Operating Income": NaN,
        "EBIT": NaN,
        "Net Income": NaN
    },
    "2023-06-30": {
        "Tax Effect Of Unusual Items": 55230.0,
        "Tax Rate For Calcs": 0.21,
        "Normalized EBITDA": -44402000.0,
        "Total Unusual Items": 263000.0,
        "Total Unusual Items Excluding Goodwill": 263000.0,
        "Net Income From Continuing Operation Net Minority Interest": -42385000.0,
        "Reconciled Depreciation": 1118000.0,
        "EBITDA": -44139000.0,
        "EBIT": -45257000.0,
        "Net Interest Income": 635000.0,
        "Interest Income": 635000.0,
        "Normalized Income": -42592770.0,
        "Net Income From Continuing And Discontinued Operation": -42385000.0,
        "Total Expenses": 45257000.0,
        "Total Operating Income As Reported": -45257000.0,
        "Diluted Average Shares": 90467298.0,
        "Basic Average Shares": 90467298.0,
        "Diluted EPS": -0.47,
        "Basic EPS": -0.47,
        "Diluted NI Availto Com Stockholders": -42385000.0,
        "Net Income Common Stockholders": -42385000.0,
        "Otherunder Preferred Stock Dividend": NaN,
        "Preferred Stock Dividends": NaN,
        "Net Income": -42385000.0,
        "Net Income Including Noncontrolling Interests": -42385000.0,
        "Net Income Continuous Operations": -42385000.0,
        "Tax Provision": 31000.0,
        "Pretax Income": -42354000.0,
        "Other Income Expense": 2903000.0,
        "Other Non Operating Income Expenses": 2640000.0,
        "Securities Amortization": -1964000.0,
        "Gain On Sale Of Security": 263000.0,
        "Net Non Operating Interest Income Expense": 635000.0,
        "Interest Income Non Operating": 635000.0,
        "Operating Income": -45257000.0,
        "Operating Expense": 45257000.0,
        "Research And Development": 34599000.0,
        "Selling General And Administration": 10658000.0,
        "General And Administrative Expense": 10658000.0,
        "Other Gand A": 10658000.0,
        "Salaries And Wages": 4144000.0,
        "Total Revenue": 0.0,
        "Operating Revenue": 0.0
    },
    "2023-09-30": {
        "Tax Effect Of Unusual Items": -3355.872166,
        "Tax Rate For Calcs": 0.002125,
        "Normalized EBITDA": -48644000.0,
        "Total Unusual Items": -1579000.0,
        "Total Unusual Items Excluding Goodwill": -1579000.0,
        "Net Income From Continuing Operation Net Minority Interest": -50708000.0,
        "Reconciled Depreciation": 1236000.0,
        "EBITDA": -50223000.0,
        "EBIT": -51459000.0,
        "Net Interest Income": NaN,
        "Interest Income": NaN,
        "Normalized Income": -49132355.872166,
        "Net Income From Continuing And Discontinued Operation": -50708000.0,
        "Total Expenses": 51459000.0,
        "Total Operating Income As Reported": -51459000.0,
        "Diluted Average Shares": 91846835.0,
        "Basic Average Shares": 91846835.0,
        "Diluted EPS": -0.55,
        "Basic EPS": -0.55,
        "Diluted NI Availto Com Stockholders": -50708000.0,
        "Net Income Common Stockholders": -50708000.0,
        "Otherunder Preferred Stock Dividend": NaN,
        "Preferred Stock Dividends": NaN,
        "Net Income": -50708000.0,
        "Net Income Including Noncontrolling Interests": -50708000.0,
        "Net Income Continuous Operations": -50708000.0,
        "Tax Provision": -108000.0,
        "Pretax Income": -50816000.0,
        "Other Income Expense": 643000.0,
        "Other Non Operating Income Expenses": 2222000.0,
        "Securities Amortization": NaN,
        "Gain On Sale Of Security": -1579000.0,
        "Net Non Operating Interest Income Expense": NaN,
        "Interest Income Non Operating": NaN,
        "Operating Income": -51459000.0,
        "Operating Expense": 51459000.0,
        "Research And Development": 40967000.0,
        "Selling General And Administration": 10492000.0,
        "General And Administrative Expense": 10492000.0,
        "Other Gand A": 5584000.0,
        "Salaries And Wages": 4908000.0,
        "Total Revenue": 0.0,
        "Operating Revenue": 0.0
    },
    "2023-12-31": {
        "Tax Effect Of Unusual Items": 0.0,
        "Tax Rate For Calcs": 0.0,
        "Normalized EBITDA": -40431000.0,
        "Total Unusual Items": -12865000.0,
        "Total Unusual Items Excluding Goodwill": -12865000.0,
        "Net Income From Continuing Operation Net Minority Interest": -65643000.0,
        "Reconciled Depreciation": 1247000.0,
        "EBITDA": -53296000.0,
        "EBIT": -54543000.0,
        "Net Interest Income": NaN,
        "Interest Income": NaN,
        "Normalized Income": -52778000.0,
        "Net Income From Continuing And Discontinued Operation": -65643000.0,
        "Total Expenses": 54543000.0,
        "Total Operating Income As Reported": -68043000.0,
        "Diluted Average Shares": NaN,
        "Basic Average Shares": NaN,
        "Diluted EPS": NaN,
        "Basic EPS": NaN,
        "Diluted NI Availto Com Stockholders": -65643000.0,
        "Net Income Common Stockholders": -65643000.0,
        "Otherunder Preferred Stock Dividend": NaN,
        "Preferred Stock Dividends": NaN,
        "Net Income": -65643000.0,
        "Net Income Including Noncontrolling Interests": -65643000.0,
        "Net Income Continuous Operations": -65643000.0,
        "Tax Provision": 0.0,
        "Pretax Income": -65643000.0,
        "Other Income Expense": -11100000.0,
        "Other Non Operating Income Expenses": 1765000.0,
        "Securities Amortization": NaN,
        "Gain On Sale Of Security": 635000.0,
        "Net Non Operating Interest Income Expense": NaN,
        "Interest Income Non Operating": NaN,
        "Operating Income": -54543000.0,
        "Operating Expense": 54543000.0,
        "Research And Development": 41459000.0,
        "Selling General And Administration": 13084000.0,
        "General And Administrative Expense": 13084000.0,
        "Other Gand A": 8125000.0,
        "Salaries And Wages": 4959000.0,
        "Total Revenue": 0.0,
        "Operating Revenue": 0.0
    },
    "2024-03-31": {
        "Tax Effect Of Unusual Items": 466400.0,
        "Tax Rate For Calcs": 0.4,
        "Normalized EBITDA": -48192000.0,
        "Total Unusual Items": 1166000.0,
        "Total Unusual Items Excluding Goodwill": 1166000.0,
        "Net Income From Continuing Operation Net Minority Interest": -45761000.0,
        "Reconciled Depreciation": 1315000.0,
        "EBITDA": -47026000.0,
        "EBIT": -48341000.0,
        "Net Interest Income": NaN,
        "Interest Income": NaN,
        "Normalized Income": -46460600.0,
        "Net Income From Continuing And Discontinued Operation": -45761000.0,
        "Total Expenses": 48932000.0,
        "Total Operating Income As Reported": -48341000.0,
        "Diluted Average Shares": 104466178.0,
        "Basic Average Shares": 104466178.0,
        "Diluted EPS": -0.44,
        "Basic EPS": -0.44,
        "Diluted NI Availto Com Stockholders": -45761000.0,
        "Net Income Common Stockholders": -45761000.0,
        "Otherunder Preferred Stock Dividend": NaN,
        "Preferred Stock Dividends": NaN,
        "Net Income": -45761000.0,
        "Net Income Including Noncontrolling Interests": -45761000.0,
        "Net Income Continuous Operations": -45761000.0,
        "Tax Provision": 134000.0,
        "Pretax Income": -45627000.0,
        "Other Income Expense": 2714000.0,
        "Other Non Operating Income Expenses": 1548000.0,
        "Securities Amortization": NaN,
        "Gain On Sale Of Security": 1166000.0,
        "Net Non Operating Interest Income Expense": NaN,
        "Interest Income Non Operating": NaN,
        "Operating Income": -48341000.0,
        "Operating Expense": 48932000.0,
        "Research And Development": 37774000.0,
        "Selling General And Administration": 11158000.0,
        "General And Administrative Expense": 11158000.0,
        "Other Gand A": 5274000.0,
        "Salaries And Wages": 5884000.0,
        "Total Revenue": 591000.0,
        "Operating Revenue": 591000.0
    },
    "2024-06-30": {
        "Tax Effect Of Unusual Items": -4651.016029,
        "Tax Rate For Calcs": 0.002416,
        "Normalized EBITDA": -52209000.0,
        "Total Unusual Items": -1925000.0,
        "Total Unusual Items Excluding Goodwill": -1925000.0,
        "Net Income From Continuing Operation Net Minority Interest": -55327000.0,
        "Reconciled Depreciation": 1538000.0,
        "EBITDA": -54134000.0,
        "EBIT": -55672000.0,
        "Net Interest Income": 611000.0,
        "Interest Income": 611000.0,
        "Normalized Income": -53406651.016029,
        "Net Income From Continuing And Discontinued Operation": -55327000.0,
        "Total Expenses": 55672000.0,
        "Total Operating Income As Reported": -55672000.0,
        "Diluted Average Shares": 119188866.0,
        "Basic Average Shares": 119188866.0,
        "Diluted EPS": -0.46,
        "Basic EPS": -0.46,
        "Diluted NI Availto Com Stockholders": -55327000.0,
        "Net Income Common Stockholders": -55327000.0,
        "Otherunder Preferred Stock Dividend": NaN,
        "Preferred Stock Dividends": NaN,
        "Net Income": -55327000.0,
        "Net Income Including Noncontrolling Interests": -55327000.0,
        "Net Income Continuous Operations": -55327000.0,
        "Tax Provision": -134000.0,
        "Pretax Income": -55461000.0,
        "Other Income Expense": -400000.0,
        "Other Non Operating Income Expenses": 39000.0,
        "Securities Amortization": -1486000.0,
        "Gain On Sale Of Security": -1925000.0,
        "Net Non Operating Interest Income Expense": 611000.0,
        "Interest Income Non Operating": 611000.0,
        "Operating Income": -55672000.0,
        "Operating Expense": 55672000.0,
        "Research And Development": 43071000.0,
        "Selling General And Administration": 12601000.0,
        "General And Administrative Expense": 12601000.0,
        "Other Gand A": 5645000.0,
        "Salaries And Wages": 6956000.0,
        "Total Revenue": 0.0,
        "Operating Revenue": 0.0
    }
}