{
    "2023-03-31": {
        "Tax Effect Of Unusual Items": 400.0,
        "Tax Rate For Calcs": 0.4,
        "Normalized EBITDA": -6219000.0,
        "Total Unusual Items": 1000.0,
        "Total Unusual Items Excluding Goodwill": 1000.0,
        "Net Income From Continuing Operation Net Minority Interest": -6741000.0,
        "Reconciled Depreciation": 283000.0,
        "Reconciled Cost Of Revenue": 647000.0,
        "EBITDA": -6218000.0,
        "EBIT": -6501000.0,
        "Net Interest Income": 144000.0,
        "Interest Expense": 192000.0,
        "Interest Income": 297000.0,
        "Normalized Income": -6741600.0,
        "Net Income From Continuing And Discontinued Operation": -6741000.0,
        "Total Expenses": 8698000.0,
        "Total Operating Income As Reported": -6838000.0,
        "Diluted NI Availto Com Stockholders": -6741000.0,
        "Net Income Common Stockholders": -6741000.0,
        "Net Income": -6741000.0,
        "Net Income Including Noncontrolling Interests": -6741000.0,
        "Net Income Continuous Operations": -6741000.0,
        "Tax Provision": 48000.0,
        "Pretax Income": -6693000.0,
        "Other Income Expense": 1000.0,
        "Gain On Sale Of Security": 1000.0,
        "Net Non Operating Interest Income Expense": 144000.0,
        "Total Other Finance Cost": -39000.0,
        "Interest Expense Non Operating": 192000.0,
        "Interest Income Non Operating": 297000.0,
        "Operating Income": -6838000.0,
        "Operating Expense": 8051000.0,
        "Research And Development": 3840000.0,
        "Selling General And Administration": 4211000.0,
        "Selling And Marketing Expense": 2105000.0,
        "General And Administrative Expense": 2106000.0,
        "Other Gand A": 2106000.0,
        "Gross Profit": 1213000.0,
        "Cost Of Revenue": 647000.0,
        "Total Revenue": 1860000.0,
        "Operating Revenue": 1860000.0
    },
    "2022-12-31": {
        "Tax Effect Of Unusual Items": -896119.9,
        "Tax Rate For Calcs": 0.2621,
        "Normalized EBITDA": -5518000.0,
        "Total Unusual Items": -3419000.0,
        "Total Unusual Items Excluding Goodwill": -3419000.0,
        "Net Income From Continuing Operation Net Minority Interest": -9527000.0,
        "Reconciled Depreciation": 256000.0,
        "Reconciled Cost Of Revenue": 698000.0,
        "EBITDA": -8937000.0,
        "EBIT": -9193000.0,
        "Net Interest Income": 396000.0,
        "Interest Expense": 128000.0,
        "Interest Income": 234000.0,
        "Normalized Income": -7004119.9,
        "Net Income From Continuing And Discontinued Operation": -9527000.0,
        "Total Expenses": 7555000.0,
        "Total Operating Income As Reported": -8822000.0,
        "Diluted NI Availto Com Stockholders": -9527000.0,
        "Net Income Common Stockholders": -9527000.0,
        "Net Income": -9527000.0,
        "Net Income Including Noncontrolling Interests": -9527000.0,
        "Net Income Continuous Operations": -9527000.0,
        "Tax Provision": 206000.0,
        "Pretax Income": -9321000.0,
        "Other Income Expense": -3419000.0,
        "Gain On Sale Of Security": -895000.0,
        "Net Non Operating Interest Income Expense": 396000.0,
        "Total Other Finance Cost": NaN,
        "Interest Expense Non Operating": 128000.0,
        "Interest Income Non Operating": 234000.0,
        "Operating Income": -6298000.0,
        "Operating Expense": 6857000.0,
        "Research And Development": 3089000.0,
        "Selling General And Administration": 3768000.0,
        "Selling And Marketing Expense": 1674000.0,
        "General And Administrative Expense": 2094000.0,
        "Other Gand A": 2094000.0,
        "Gross Profit": 559000.0,
        "Cost Of Revenue": 698000.0,
        "Total Revenue": 1257000.0,
        "Operating Revenue": 1257000.0
    },
    "2022-09-30": {
        "Tax Effect Of Unusual Items": 1214800.0,
        "Tax Rate For Calcs": 0.4,
        "Normalized EBITDA": -7614000.0,
        "Total Unusual Items": 3037000.0,
        "Total Unusual Items Excluding Goodwill": 3037000.0,
        "Net Income From Continuing Operation Net Minority Interest": -4997000.0,
        "Reconciled Depreciation": 372000.0,
        "Reconciled Cost Of Revenue": 945000.0,
        "EBITDA": -4577000.0,
        "EBIT": -4949000.0,
        "Net Interest Income": 234000.0,
        "Interest Expense": 14000.0,
        "Interest Income": 248000.0,
        "Normalized Income": -6819200.0,
        "Net Income From Continuing And Discontinued Operation": -4997000.0,
        "Total Expenses": 10269000.0,
        "Total Operating Income As Reported": -8234000.0,
        "Diluted Average Shares": 20820833.0,
        "Basic Average Shares": 20820833.0,
        "Diluted EPS": -0.24,
        "Basic EPS": -0.24,
        "Diluted NI Availto Com Stockholders": -4997000.0,
        "Net Income Common Stockholders": -4997000.0,
        "Net Income": -4997000.0,
        "Net Income Including Noncontrolling Interests": -4997000.0,
        "Net Income Continuous Operations": -4997000.0,
        "Tax Provision": 34000.0,
        "Pretax Income": -4963000.0,
        "Other Income Expense": 3037000.0,
        "Gain On Sale Of Security": 3037000.0,
        "Net Non Operating Interest Income Expense": 234000.0,
        "Total Other Finance Cost": NaN,
        "Interest Expense Non Operating": 14000.0,
        "Interest Income Non Operating": 248000.0,
        "Operating Income": -8234000.0,
        "Operating Expense": 9324000.0,
        "Research And Development": 4733000.0,
        "Selling General And Administration": 4591000.0,
        "Selling And Marketing Expense": 2198000.0,
        "General And Administrative Expense": 2393000.0,
        "Other Gand A": 2393000.0,
        "Gross Profit": 1090000.0,
        "Cost Of Revenue": 945000.0,
        "Total Revenue": 2035000.0,
        "Operating Revenue": 2035000.0
    },
    "2022-06-30": {
        "Tax Effect Of Unusual Items": 654800.0,
        "Tax Rate For Calcs": 0.4,
        "Normalized EBITDA": -7038000.0,
        "Total Unusual Items": 1637000.0,
        "Total Unusual Items Excluding Goodwill": 1637000.0,
        "Net Income From Continuing Operation Net Minority Interest": -5930000.0,
        "Reconciled Depreciation": 497000.0,
        "Reconciled Cost Of Revenue": 1089000.0,
        "EBITDA": -5401000.0,
        "EBIT": -5898000.0,
        "Net Interest Income": 227000.0,
        "Interest Expense": 16000.0,
        "Interest Income": 243000.0,
        "Normalized Income": -6912200.0,
        "Net Income From Continuing And Discontinued Operation": -5930000.0,
        "Total Expenses": 9803000.0,
        "Total Operating Income As Reported": 7778000.0,
        "Diluted Average Shares": 21178571.0,
        "Basic Average Shares": 21178571.0,
        "Diluted EPS": -0.28,
        "Basic EPS": -0.28,
        "Diluted NI Availto Com Stockholders": -5930000.0,
        "Net Income Common Stockholders": -5930000.0,
        "Net Income": -5930000.0,
        "Net Income Including Noncontrolling Interests": -5930000.0,
        "Net Income Continuous Operations": -5930000.0,
        "Tax Provision": 16000.0,
        "Pretax Income": -5914000.0,
        "Other Income Expense": 1637000.0,
        "Gain On Sale Of Security": 1637000.0,
        "Net Non Operating Interest Income Expense": 227000.0,
        "Total Other Finance Cost": NaN,
        "Interest Expense Non Operating": 16000.0,
        "Interest Income Non Operating": 243000.0,
        "Operating Income": -7778000.0,
        "Operating Expense": 8714000.0,
        "Research And Development": 3688000.0,
        "Selling General And Administration": 5026000.0,
        "Selling And Marketing Expense": 2394000.0,
        "General And Administrative Expense": 2632000.0,
        "Other Gand A": 2632000.0,
        "Gross Profit": 936000.0,
        "Cost Of Revenue": 1089000.0,
        "Total Revenue": 2025000.0,
        "Operating Revenue": 2025000.0
    },
    "2022-03-31": {
        "Diluted EPS": -0.4,
        "Total Revenue": 1,
        "Gross Profit": 0,
        "Operating Income": -7,
        "EBIT": -7,
        "Net Income": -8
    },
    "2021-12-31": {
        "Diluted EPS": -0.49,
        "Total Revenue": 1,
        "Gross Profit": 0,
        "Operating Income": -10,
        "EBIT": -9,
        "Net Income": -10
    },
    "2021-09-30": {
        "Diluted EPS": -0.29,
        "Total Revenue": 3,
        "Gross Profit": 1,
        "Operating Income": -8,
        "EBIT": -7,
        "Net Income": -6
    },
    "2021-06-30": {
        "Diluted EPS": -0.35,
        "Total Revenue": 3,
        "Gross Profit": 1,
        "Operating Income": -6,
        "EBIT": -6,
        "Net Income": -7
    },
    "2021-03-31": {
        "Diluted EPS": -0.37,
        "Total Revenue": 1,
        "Gross Profit": 0,
        "Operating Income": -7,
        "EBIT": -6,
        "Net Income": -7
    },
    "2020-12-31": {
        "Diluted EPS": -0.41,
        "Total Revenue": 3,
        "Gross Profit": 1,
        "Operating Income": -5,
        "EBIT": -5,
        "Net Income": -8
    },
    "2020-09-30": {
        "Diluted EPS": -0.33,
        "Total Revenue": 2,
        "Gross Profit": 1,
        "Operating Income": -5,
        "EBIT": -5,
        "Net Income": -6
    },
    "2020-06-30": {
        "Diluted EPS": -0.33,
        "Total Revenue": 1,
        "Gross Profit": 0,
        "Operating Income": -4,
        "EBIT": -4,
        "Net Income": -5
    },
    "2020-03-31": {
        "Diluted EPS": -0.18,
        "Total Revenue": 1,
        "Gross Profit": 0,
        "Operating Income": -5,
        "EBIT": -4,
        "Net Income": -3
    },
    "2019-12-31": {
        "Diluted EPS": -0.33,
        "Total Revenue": 2,
        "Gross Profit": 2,
        "Operating Income": 2,
        "EBIT": 2,
        "Net Income": -4
    },
    "2019-09-30": {
        "Diluted EPS": -0.43,
        "Total Revenue": 1,
        "Gross Profit": 1,
        "Operating Income": 1,
        "EBIT": 1,
        "Net Income": -5
    },
    "2019-06-30": {
        "Diluted EPS": -0.04,
        "Total Revenue": 0,
        "Gross Profit": 0,
        "Operating Income": 0,
        "EBIT": 0,
        "Net Income": -4
    },
    "2019-03-31": {
        "Diluted EPS": -0.02,
        "Total Revenue": 1,
        "Gross Profit": 1,
        "Operating Income": 1,
        "EBIT": 1,
        "Net Income": -2
    },
    "2023-06-30": {
        "Tax Effect Of Unusual Items": -474800.0,
        "Tax Rate For Calcs": 0.4,
        "Normalized EBITDA": -5664000.0,
        "Total Unusual Items": -1187000.0,
        "Total Unusual Items Excluding Goodwill": -1187000.0,
        "Net Income From Continuing Operation Net Minority Interest": -7355000.0,
        "Reconciled Depreciation": 277000.0,
        "Reconciled Cost Of Revenue": 552000.0,
        "EBITDA": -6851000.0,
        "EBIT": -7128000.0,
        "Net Interest Income": 303000.0,
        "Interest Expense": 192000.0,
        "Interest Income": 455000.0,
        "Normalized Income": -6642800.0,
        "Net Income From Continuing And Discontinued Operation": -7355000.0,
        "Total Expenses": 8038000.0,
        "Total Operating Income As Reported": 6436000.0,
        "Diluted NI Availto Com Stockholders": -7355000.0,
        "Net Income Common Stockholders": -7355000.0,
        "Net Income": -7355000.0,
        "Net Income Including Noncontrolling Interests": -7355000.0,
        "Net Income Continuous Operations": -7355000.0,
        "Tax Provision": 35000.0,
        "Pretax Income": -7320000.0,
        "Other Income Expense": -1187000.0,
        "Gain On Sale Of Security": -1187000.0,
        "Net Non Operating Interest Income Expense": 303000.0,
        "Total Other Finance Cost": -40000.0,
        "Interest Expense Non Operating": 192000.0,
        "Interest Income Non Operating": 455000.0,
        "Operating Income": -6436000.0,
        "Operating Expense": 7486000.0,
        "Research And Development": 3155000.0,
        "Selling General And Administration": 4331000.0,
        "Selling And Marketing Expense": 2251000.0,
        "General And Administrative Expense": 2080000.0,
        "Other Gand A": 2080000.0,
        "Gross Profit": 1050000.0,
        "Cost Of Revenue": 552000.0,
        "Total Revenue": 1602000.0,
        "Operating Revenue": 1602000.0
    },
    "2023-09-30": {
        "Tax Effect Of Unusual Items": 0.0,
        "Tax Rate For Calcs": 0.4,
        "Normalized EBITDA": -6273000.0,
        "Total Unusual Items": NaN,
        "Total Unusual Items Excluding Goodwill": NaN,
        "Net Income From Continuing Operation Net Minority Interest": -5564000.0,
        "Reconciled Depreciation": 287000.0,
        "Reconciled Cost Of Revenue": 668000.0,
        "EBITDA": -6273000.0,
        "EBIT": -6560000.0,
        "Net Interest Income": 1014000.0,
        "Interest Expense": NaN,
        "Interest Income": 1014000.0,
        "Normalized Income": -5564000.0,
        "Net Income From Continuing And Discontinued Operation": -5564000.0,
        "Total Expenses": 8288000.0,
        "Total Operating Income As Reported": -6560000.0,
        "Diluted NI Availto Com Stockholders": -5564000.0,
        "Net Income Common Stockholders": -5564000.0,
        "Net Income": -5564000.0,
        "Net Income Including Noncontrolling Interests": -5564000.0,
        "Net Income Continuous Operations": -5564000.0,
        "Tax Provision": 18000.0,
        "Pretax Income": -5546000.0,
        "Other Income Expense": NaN,
        "Gain On Sale Of Security": NaN,
        "Net Non Operating Interest Income Expense": 1014000.0,
        "Total Other Finance Cost": NaN,
        "Interest Expense Non Operating": NaN,
        "Interest Income Non Operating": 1014000.0,
        "Operating Income": -6560000.0,
        "Operating Expense": 7620000.0,
        "Research And Development": 3415000.0,
        "Selling General And Administration": 4205000.0,
        "Selling And Marketing Expense": 2181000.0,
        "General And Administrative Expense": 2024000.0,
        "Other Gand A": 2024000.0,
        "Gross Profit": 1060000.0,
        "Cost Of Revenue": 668000.0,
        "Total Revenue": 1728000.0,
        "Operating Revenue": 1728000.0
    }
}