{
    "2023-03-31": {
        "Tax Effect Of Unusual Items": 0.0,
        "Tax Rate For Calcs": 0.024823,
        "Normalized EBITDA": 2156000.0,
        "Total Unusual Items": NaN,
        "Total Unusual Items Excluding Goodwill": NaN,
        "Net Income From Continuing Operation Net Minority Interest": 550000.0,
        "Reconciled Depreciation": 1377000.0,
        "Reconciled Cost Of Revenue": 8783000.0,
        "EBITDA": 2156000.0,
        "EBIT": 779000.0,
        "Net Interest Income": -204000.0,
        "Interest Expense": 215000.0,
        "Interest Income": 11000.0,
        "Normalized Income": 550000.0,
        "Net Income From Continuing And Discontinued Operation": 550000.0,
        "Total Expenses": 18428000.0,
        "Total Operating Income As Reported": 875000.0,
        "Diluted Average Shares": 18061000.0,
        "Basic Average Shares": 16748000.0,
        "Diluted EPS": 0.03,
        "Basic EPS": 0.03,
        "Diluted NI Availto Com Stockholders": 610000.0,
        "Average Dilution Earnings": 60000.0,
        "Net Income Common Stockholders": 550000.0,
        "Net Income": 550000.0,
        "Net Income Including Noncontrolling Interests": 550000.0,
        "Net Income Continuous Operations": 550000.0,
        "Tax Provision": 14000.0,
        "Pretax Income": 564000.0,
        "Other Income Expense": -107000.0,
        "Other Non Operating Income Expenses": -107000.0,
        "Gain On Sale Of Security": NaN,
        "Net Non Operating Interest Income Expense": -204000.0,
        "Interest Expense Non Operating": 215000.0,
        "Interest Income Non Operating": 11000.0,
        "Operating Income": 875000.0,
        "Operating Expense": 9645000.0,
        "Other Operating Expenses": 1203000.0,
        "Research And Development": 144000.0,
        "Selling General And Administration": 8298000.0,
        "General And Administrative Expense": 8298000.0,
        "Other Gand A": 8298000.0,
        "Gross Profit": 10520000.0,
        "Cost Of Revenue": 8783000.0,
        "Total Revenue": 19303000.0,
        "Operating Revenue": 19303000.0
    },
    "2022-12-31": {
        "Tax Effect Of Unusual Items": NaN,
        "Tax Rate For Calcs": NaN,
        "Normalized EBITDA": NaN,
        "Total Unusual Items": 0.0,
        "Total Unusual Items Excluding Goodwill": 0.0,
        "Net Income From Continuing Operation Net Minority Interest": NaN,
        "Reconciled Depreciation": NaN,
        "Reconciled Cost Of Revenue": NaN,
        "EBITDA": NaN,
        "EBIT": NaN,
        "Net Interest Income": NaN,
        "Interest Expense": NaN,
        "Interest Income": NaN,
        "Normalized Income": NaN,
        "Net Income From Continuing And Discontinued Operation": NaN,
        "Total Expenses": NaN,
        "Total Operating Income As Reported": NaN,
        "Diluted Average Shares": NaN,
        "Basic Average Shares": NaN,
        "Diluted EPS": NaN,
        "Basic EPS": NaN,
        "Diluted NI Availto Com Stockholders": NaN,
        "Average Dilution Earnings": -3000.0,
        "Net Income Common Stockholders": NaN,
        "Net Income": NaN,
        "Net Income Including Noncontrolling Interests": NaN,
        "Net Income Continuous Operations": NaN,
        "Tax Provision": NaN,
        "Pretax Income": NaN,
        "Other Income Expense": NaN,
        "Other Non Operating Income Expenses": NaN,
        "Gain On Sale Of Security": 0.0,
        "Net Non Operating Interest Income Expense": NaN,
        "Interest Expense Non Operating": NaN,
        "Interest Income Non Operating": NaN,
        "Operating Income": NaN,
        "Operating Expense": NaN,
        "Other Operating Expenses": 3153000.0,
        "Research And Development": NaN,
        "Selling General And Administration": NaN,
        "General And Administrative Expense": NaN,
        "Other Gand A": NaN,
        "Gross Profit": NaN,
        "Cost Of Revenue": NaN,
        "Total Revenue": NaN,
        "Operating Revenue": NaN
    },
    "2022-09-30": {
        "Tax Effect Of Unusual Items": NaN,
        "Tax Rate For Calcs": NaN,
        "Normalized EBITDA": NaN,
        "Total Unusual Items": NaN,
        "Total Unusual Items Excluding Goodwill": NaN,
        "Net Income From Continuing Operation Net Minority Interest": NaN,
        "Reconciled Depreciation": NaN,
        "Reconciled Cost Of Revenue": NaN,
        "EBITDA": NaN,
        "EBIT": NaN,
        "Net Interest Income": NaN,
        "Interest Expense": NaN,
        "Interest Income": NaN,
        "Normalized Income": NaN,
        "Net Income From Continuing And Discontinued Operation": NaN,
        "Total Expenses": NaN,
        "Total Operating Income As Reported": NaN,
        "Diluted Average Shares": 20248000.0,
        "Basic Average Shares": 15898000.0,
        "Diluted EPS": 0.06,
        "Basic EPS": 0.06,
        "Diluted NI Availto Com Stockholders": NaN,
        "Average Dilution Earnings": 201000.0,
        "Net Income Common Stockholders": NaN,
        "Net Income": NaN,
        "Net Income Including Noncontrolling Interests": NaN,
        "Net Income Continuous Operations": NaN,
        "Tax Provision": NaN,
        "Pretax Income": NaN,
        "Other Income Expense": NaN,
        "Other Non Operating Income Expenses": NaN,
        "Gain On Sale Of Security": NaN,
        "Net Non Operating Interest Income Expense": NaN,
        "Interest Expense Non Operating": NaN,
        "Interest Income Non Operating": NaN,
        "Operating Income": NaN,
        "Operating Expense": NaN,
        "Other Operating Expenses": NaN,
        "Research And Development": NaN,
        "Selling General And Administration": NaN,
        "General And Administrative Expense": NaN,
        "Other Gand A": NaN,
        "Gross Profit": NaN,
        "Cost Of Revenue": NaN,
        "Total Revenue": NaN,
        "Operating Revenue": NaN
    },
    "2022-06-30": {
        "Tax Effect Of Unusual Items": 0.0,
        "Tax Rate For Calcs": 0.284795,
        "Normalized EBITDA": 11964000.0,
        "Total Unusual Items": NaN,
        "Total Unusual Items Excluding Goodwill": NaN,
        "Net Income From Continuing Operation Net Minority Interest": 7446000.0,
        "Reconciled Depreciation": 1352000.0,
        "Reconciled Cost Of Revenue": 10372000.0,
        "EBITDA": 11964000.0,
        "EBIT": 10612000.0,
        "Net Interest Income": -176000.0,
        "Interest Expense": 201000.0,
        "Interest Income": 25000.0,
        "Normalized Income": 7446000.0,
        "Net Income From Continuing And Discontinued Operation": 7446000.0,
        "Total Expenses": 18505000.0,
        "Total Operating Income As Reported": 10587000.0,
        "Diluted Average Shares": 19272000.0,
        "Basic Average Shares": 15576000.0,
        "Diluted EPS": 0.4,
        "Basic EPS": 0.48,
        "Diluted NI Availto Com Stockholders": 7646000.0,
        "Average Dilution Earnings": 200000.0,
        "Net Income Common Stockholders": 7446000.0,
        "Net Income": 7446000.0,
        "Net Income Including Noncontrolling Interests": 7446000.0,
        "Net Income Continuous Operations": 7446000.0,
        "Tax Provision": 2965000.0,
        "Pretax Income": 10411000.0,
        "Other Income Expense": NaN,
        "Other Non Operating Income Expenses": NaN,
        "Gain On Sale Of Security": NaN,
        "Net Non Operating Interest Income Expense": -176000.0,
        "Interest Expense Non Operating": 201000.0,
        "Interest Income Non Operating": 25000.0,
        "Operating Income": 10587000.0,
        "Operating Expense": 8133000.0,
        "Other Operating Expenses": 1799000.0,
        "Research And Development": 28000.0,
        "Selling General And Administration": 8105000.0,
        "General And Administrative Expense": 8105000.0,
        "Other Gand A": 8105000.0,
        "Gross Profit": 18720000.0,
        "Cost Of Revenue": 10372000.0,
        "Total Revenue": 29092000.0,
        "Operating Revenue": 29092000.0
    },
    "2022-03-31": {
        "Diluted EPS": 0.68,
        "Total Revenue": 48,
        "Gross Profit": 29,
        "Operating Income": 16,
        "EBIT": 17,
        "Net Income": 12
    },
    "2021-12-31": {
        "Diluted EPS": 0.69,
        "Total Revenue": 45,
        "Gross Profit": 25,
        "Operating Income": 14,
        "EBIT": 15,
        "Net Income": 11
    },
    "2021-09-30": {
        "Diluted EPS": -0.26,
        "Total Revenue": 9,
        "Gross Profit": 4,
        "Operating Income": -4,
        "EBIT": -3,
        "Net Income": -4
    },
    "2021-06-30": {
        "Diluted EPS": -0.09,
        "Total Revenue": 9,
        "Gross Profit": 4,
        "Operating Income": -1,
        "EBIT": -1,
        "Net Income": -1
    },
    "2021-03-31": {
        "Diluted EPS": 0.06,
        "Total Revenue": 15,
        "Gross Profit": 9,
        "Operating Income": 1,
        "EBIT": 2,
        "Net Income": 1
    },
    "2020-12-31": {
        "Diluted EPS": -0.08,
        "Total Revenue": 5,
        "Gross Profit": 2,
        "Operating Income": -1,
        "EBIT": -1,
        "Net Income": -1
    },
    "2020-09-30": {
        "Diluted EPS": -0.04,
        "Total Revenue": 4,
        "Gross Profit": 1,
        "Operating Income": -1,
        "EBIT": 0,
        "Net Income": 0
    },
    "2020-06-30": {
        "Diluted EPS": 0.01,
        "Total Revenue": 4,
        "Gross Profit": 1,
        "Operating Income": 0,
        "EBIT": 0,
        "Net Income": 0
    },
    "2020-03-31": {
        "Diluted EPS": -0.07,
        "Total Revenue": 2,
        "Gross Profit": 0,
        "Operating Income": -1,
        "EBIT": -1,
        "Net Income": -1
    },
    "2019-12-31": {
        "Diluted EPS": -0.03,
        "Total Revenue": 3,
        "Gross Profit": 1,
        "Operating Income": 0,
        "EBIT": 0,
        "Net Income": 0
    },
    "2019-09-30": {
        "Diluted EPS": -0.04,
        "Total Revenue": 3,
        "Gross Profit": 1,
        "Operating Income": 0,
        "EBIT": 0,
        "Net Income": 0
    },
    "2019-06-30": {
        "Diluted EPS": -0.11,
        "Total Revenue": 2,
        "Gross Profit": 0,
        "Operating Income": -1,
        "EBIT": -1,
        "Net Income": -1
    },
    "2019-03-31": {
        "Diluted EPS": -0.09,
        "Total Revenue": 2,
        "Gross Profit": 1,
        "Operating Income": -1,
        "EBIT": -1,
        "Net Income": -1
    },
    "2018-12-31": {
        "Diluted EPS": -0.04,
        "Total Revenue": 4,
        "Gross Profit": 1,
        "Operating Income": 0,
        "EBIT": 0,
        "Net Income": 0
    },
    "2018-09-30": {
        "Diluted EPS": -0.09,
        "Total Revenue": 2,
        "Gross Profit": 1,
        "Operating Income": -1,
        "EBIT": -1,
        "Net Income": -1
    },
    "2018-06-30": {
        "Diluted EPS": -0.02,
        "Total Revenue": 3,
        "Gross Profit": 1,
        "Operating Income": 0,
        "EBIT": 0,
        "Net Income": 0
    },
    "2018-03-31": {
        "Diluted EPS": 0.0,
        "Total Revenue": 3,
        "Gross Profit": 1,
        "Operating Income": 0,
        "EBIT": 0,
        "Net Income": 0
    },
    "2017-12-31": {
        "Diluted EPS": 0.31,
        "Total Revenue": 4,
        "Gross Profit": 1,
        "Operating Income": 0,
        "EBIT": -1,
        "Net Income": 0
    },
    "2017-09-30": {
        "Diluted EPS": -0.05,
        "Total Revenue": 3,
        "Gross Profit": 0,
        "Operating Income": -1,
        "EBIT": -1,
        "Net Income": -1
    },
    "2017-06-30": {
        "Diluted EPS": -0.14,
        "Total Revenue": 2,
        "Gross Profit": 0,
        "Operating Income": -2,
        "EBIT": -2,
        "Net Income": -2
    },
    "2017-03-31": {
        "Diluted EPS": 2.47,
        "Total Revenue": 1,
        "Gross Profit": 0,
        "Operating Income": -1,
        "EBIT": -1,
        "Net Income": 44
    },
    "2016-12-31": {
        "Diluted EPS": -0.03,
        "Total Revenue": 1,
        "Gross Profit": 0,
        "Operating Income": -1,
        "EBIT": 0,
        "Net Income": -1
    },
    "2016-09-30": {
        "Diluted EPS": 0.01,
        "Total Revenue": 1,
        "Gross Profit": 0,
        "Operating Income": -1,
        "EBIT": -1,
        "Net Income": 0
    },
    "2016-06-30": {
        "Diluted EPS": -0.07,
        "Total Revenue": 1,
        "Gross Profit": 0,
        "Operating Income": -1,
        "EBIT": -1,
        "Net Income": -1
    },
    "2016-03-31": {
        "Diluted EPS": -0.08,
        "Total Revenue": 1,
        "Gross Profit": 0,
        "Operating Income": -1,
        "EBIT": -1,
        "Net Income": -1
    },
    "2015-12-31": {
        "Diluted EPS": -0.07,
        "Total Revenue": -10,
        "Gross Profit": -7,
        "Operating Income": 0,
        "EBIT": 0,
        "Net Income": -1
    },
    "2015-09-30": {
        "Diluted EPS": 0.04,
        "Total Revenue": 4,
        "Gross Profit": 3,
        "Operating Income": 1,
        "EBIT": 1,
        "Net Income": 1
    },
    "2015-06-30": {
        "Diluted EPS": -0.1,
        "Total Revenue": 2,
        "Gross Profit": 1,
        "Operating Income": -2,
        "EBIT": -1,
        "Net Income": -2
    },
    "2015-03-31": {
        "Diluted EPS": -0.09,
        "Total Revenue": 6,
        "Gross Profit": 4,
        "Operating Income": -1,
        "EBIT": -1,
        "Net Income": -1
    },
    "2014-12-31": {
        "Diluted EPS": -0.05,
        "Total Revenue": 9,
        "Gross Profit": 6,
        "Operating Income": -1,
        "EBIT": -1,
        "Net Income": -1
    },
    "2014-09-30": {
        "Diluted EPS": -0.18,
        "Total Revenue": 5,
        "Gross Profit": 4,
        "Operating Income": -3,
        "EBIT": -3,
        "Net Income": -3
    },
    "2014-06-30": {
        "Diluted EPS": -0.19,
        "Total Revenue": 2,
        "Gross Profit": 1,
        "Operating Income": -3,
        "EBIT": -3,
        "Net Income": -3
    },
    "2014-03-31": {
        "Diluted EPS": -0.05,
        "Total Revenue": 6,
        "Gross Profit": 4,
        "Operating Income": -1,
        "EBIT": -1,
        "Net Income": -1
    },
    "2013-12-31": {
        "Diluted EPS": 0.04,
        "Total Revenue": 10,
        "Gross Profit": 7,
        "Operating Income": 1,
        "EBIT": 1,
        "Net Income": 1
    },
    "2013-09-30": {
        "Diluted EPS": 0.08,
        "Total Revenue": 6,
        "Gross Profit": 4,
        "Operating Income": 1,
        "EBIT": 1,
        "Net Income": 1
    },
    "2013-06-30": {
        "Diluted EPS": -0.11,
        "Total Revenue": 2,
        "Gross Profit": 1,
        "Operating Income": -2,
        "EBIT": -2,
        "Net Income": -2
    },
    "2013-03-31": {
        "Diluted EPS": 0.02,
        "Total Revenue": 8,
        "Gross Profit": 5,
        "Operating Income": 0,
        "EBIT": 0,
        "Net Income": 0
    },
    "2012-12-31": {
        "Diluted EPS": 0.04,
        "Total Revenue": 9,
        "Gross Profit": 6,
        "Operating Income": 0,
        "EBIT": 1,
        "Net Income": 0
    },
    "2012-09-30": {
        "Diluted EPS": 0.07,
        "Total Revenue": 5,
        "Gross Profit": 3,
        "Operating Income": 1,
        "EBIT": 1,
        "Net Income": 1
    },
    "2012-06-30": {
        "Diluted EPS": -0.13,
        "Total Revenue": 2,
        "Gross Profit": 1,
        "Operating Income": -2,
        "EBIT": -2,
        "Net Income": -2
    },
    "2012-03-31": {
        "Diluted EPS": -0.05,
        "Total Revenue": 6,
        "Gross Profit": 4,
        "Operating Income": -1,
        "EBIT": -1,
        "Net Income": -1
    },
    "2011-12-31": {
        "Diluted EPS": -0.12,
        "Total Revenue": 7,
        "Gross Profit": 5,
        "Operating Income": -2,
        "EBIT": -2,
        "Net Income": -2
    },
    "2011-09-30": {
        "Diluted EPS": 0.07,
        "Total Revenue": 5,
        "Gross Profit": 4,
        "Operating Income": 1,
        "EBIT": 1,
        "Net Income": 1
    },
    "2011-06-30": {
        "Diluted EPS": -0.06,
        "Total Revenue": 2,
        "Gross Profit": 1,
        "Operating Income": -1,
        "EBIT": -1,
        "Net Income": -1
    },
    "2011-03-31": {
        "Diluted EPS": -0.07,
        "Total Revenue": 3,
        "Gross Profit": 2,
        "Operating Income": -1,
        "EBIT": -1,
        "Net Income": -1
    },
    "2010-12-31": {
        "Diluted EPS": -0.08,
        "Total Revenue": 6,
        "Gross Profit": 4,
        "Operating Income": -1,
        "EBIT": -1,
        "Net Income": -1
    },
    "2010-09-30": {
        "Diluted EPS": 0.06,
        "Total Revenue": 5,
        "Gross Profit": 4,
        "Operating Income": 1,
        "EBIT": 1,
        "Net Income": 1
    },
    "2010-06-30": {
        "Diluted EPS": -0.15,
        "Total Revenue": 1,
        "Gross Profit": 0,
        "Operating Income": -2,
        "EBIT": -2,
        "Net Income": -2
    },
    "2010-03-31": {
        "Diluted EPS": -0.08,
        "Total Revenue": 2,
        "Gross Profit": 1,
        "Operating Income": -1,
        "EBIT": -1,
        "Net Income": -1
    },
    "2009-12-31": {
        "Diluted EPS": 0.14,
        "Total Revenue": 9,
        "Gross Profit": 5,
        "Operating Income": 2,
        "EBIT": 2,
        "Net Income": 2
    },
    "2009-09-30": {
        "Diluted EPS": 0.09,
        "Total Revenue": 5,
        "Gross Profit": 4,
        "Operating Income": 1,
        "EBIT": 1,
        "Net Income": 1
    },
    "2009-06-30": {
        "Diluted EPS": -0.36,
        "Total Revenue": 2,
        "Gross Profit": 0,
        "Operating Income": -5,
        "EBIT": -4,
        "Net Income": -5
    },
    "2009-03-31": {
        "Diluted EPS": -0.17,
        "Total Revenue": 4,
        "Gross Profit": 2,
        "Operating Income": -2,
        "EBIT": -2,
        "Net Income": -2
    },
    "2023-06-30": {
        "Tax Effect Of Unusual Items": 0.0,
        "Tax Rate For Calcs": 0.299959,
        "Normalized EBITDA": -3144000.0,
        "Total Unusual Items": NaN,
        "Total Unusual Items Excluding Goodwill": NaN,
        "Net Income From Continuing Operation Net Minority Interest": -3440000.0,
        "Reconciled Depreciation": 1479000.0,
        "Reconciled Cost Of Revenue": 6769000.0,
        "EBITDA": -3144000.0,
        "EBIT": -4623000.0,
        "Net Interest Income": -264000.0,
        "Interest Expense": 291000.0,
        "Interest Income": 27000.0,
        "Normalized Income": -3440000.0,
        "Net Income From Continuing And Discontinued Operation": -3440000.0,
        "Total Expenses": 17875000.0,
        "Total Operating Income As Reported": -4658000.0,
        "Diluted Average Shares": 16845000.0,
        "Basic Average Shares": 16845000.0,
        "Diluted EPS": -0.2,
        "Basic EPS": -0.2,
        "Diluted NI Availto Com Stockholders": -3440000.0,
        "Average Dilution Earnings": NaN,
        "Net Income Common Stockholders": -3440000.0,
        "Net Income": -3440000.0,
        "Net Income Including Noncontrolling Interests": -3440000.0,
        "Net Income Continuous Operations": -3440000.0,
        "Tax Provision": -1474000.0,
        "Pretax Income": -4914000.0,
        "Other Income Expense": 8000.0,
        "Other Non Operating Income Expenses": 8000.0,
        "Gain On Sale Of Security": NaN,
        "Net Non Operating Interest Income Expense": -264000.0,
        "Interest Expense Non Operating": 291000.0,
        "Interest Income Non Operating": 27000.0,
        "Operating Income": -4658000.0,
        "Operating Expense": 11106000.0,
        "Other Operating Expenses": 597000.0,
        "Research And Development": 572000.0,
        "Selling General And Administration": 9937000.0,
        "General And Administrative Expense": 9937000.0,
        "Other Gand A": 9937000.0,
        "Gross Profit": 6448000.0,
        "Cost Of Revenue": 6769000.0,
        "Total Revenue": 13217000.0,
        "Operating Revenue": 13217000.0
    },
    "2023-09-30": {
        "Tax Effect Of Unusual Items": 0.0,
        "Tax Rate For Calcs": 0.242299,
        "Normalized EBITDA": -4606000.0,
        "Total Unusual Items": NaN,
        "Total Unusual Items Excluding Goodwill": NaN,
        "Net Income From Continuing Operation Net Minority Interest": -5141000.0,
        "Reconciled Depreciation": 1904000.0,
        "Reconciled Cost Of Revenue": 6038000.0,
        "EBITDA": -4606000.0,
        "EBIT": -6510000.0,
        "Net Interest Income": -274000.0,
        "Interest Expense": 275000.0,
        "Interest Income": 1000.0,
        "Normalized Income": -5141000.0,
        "Net Income From Continuing And Discontinued Operation": -5141000.0,
        "Total Expenses": 14843000.0,
        "Total Operating Income As Reported": -6478000.0,
        "Diluted Average Shares": 17175000.0,
        "Basic Average Shares": 17175000.0,
        "Diluted EPS": -0.3,
        "Basic EPS": -0.3,
        "Diluted NI Availto Com Stockholders": -5141000.0,
        "Average Dilution Earnings": NaN,
        "Net Income Common Stockholders": -5141000.0,
        "Net Income": -5141000.0,
        "Net Income Including Noncontrolling Interests": -5141000.0,
        "Net Income Continuous Operations": -5141000.0,
        "Tax Provision": -1644000.0,
        "Pretax Income": -6785000.0,
        "Other Income Expense": -33000.0,
        "Other Non Operating Income Expenses": -33000.0,
        "Gain On Sale Of Security": NaN,
        "Net Non Operating Interest Income Expense": -274000.0,
        "Interest Expense Non Operating": 275000.0,
        "Interest Income Non Operating": 1000.0,
        "Operating Income": -6478000.0,
        "Operating Expense": 8805000.0,
        "Other Operating Expenses": 132000.0,
        "Research And Development": 428000.0,
        "Selling General And Administration": 8245000.0,
        "General And Administrative Expense": 8245000.0,
        "Other Gand A": 8245000.0,
        "Gross Profit": 2327000.0,
        "Cost Of Revenue": 6038000.0,
        "Total Revenue": 8365000.0,
        "Operating Revenue": 8365000.0
    },
    "2023-12-31": {
        "Tax Effect Of Unusual Items": 0.0,
        "Tax Rate For Calcs": 0.249807,
        "Normalized EBITDA": -9233000.0,
        "Total Unusual Items": NaN,
        "Total Unusual Items Excluding Goodwill": NaN,
        "Net Income From Continuing Operation Net Minority Interest": -8751000.0,
        "Reconciled Depreciation": 1938000.0,
        "Reconciled Cost Of Revenue": 6555000.0,
        "EBITDA": -9233000.0,
        "EBIT": -11171000.0,
        "Net Interest Income": -455000.0,
        "Interest Expense": 494000.0,
        "Interest Income": 39000.0,
        "Normalized Income": -8751000.0,
        "Net Income From Continuing And Discontinued Operation": -8751000.0,
        "Total Expenses": 14851000.0,
        "Total Operating Income As Reported": -11352000.0,
        "Diluted Average Shares": NaN,
        "Basic Average Shares": NaN,
        "Diluted EPS": NaN,
        "Basic EPS": NaN,
        "Diluted NI Availto Com Stockholders": -8751000.0,
        "Average Dilution Earnings": NaN,
        "Net Income Common Stockholders": -8751000.0,
        "Net Income": -8751000.0,
        "Net Income Including Noncontrolling Interests": -8751000.0,
        "Net Income Continuous Operations": -8751000.0,
        "Tax Provision": -2914000.0,
        "Pretax Income": -11665000.0,
        "Other Income Expense": 142000.0,
        "Other Non Operating Income Expenses": 142000.0,
        "Gain On Sale Of Security": NaN,
        "Net Non Operating Interest Income Expense": -455000.0,
        "Interest Expense Non Operating": 494000.0,
        "Interest Income Non Operating": 39000.0,
        "Operating Income": -11352000.0,
        "Operating Expense": 8296000.0,
        "Other Operating Expenses": 0.0,
        "Research And Development": 274000.0,
        "Selling General And Administration": 8022000.0,
        "General And Administrative Expense": 8022000.0,
        "Other Gand A": 8022000.0,
        "Gross Profit": -3056000.0,
        "Cost Of Revenue": 6555000.0,
        "Total Revenue": 3499000.0,
        "Operating Revenue": 3499000.0
    },
    "2024-03-31": {
        "Tax Effect Of Unusual Items": 0.0,
        "Tax Rate For Calcs": 0.2866,
        "Normalized EBITDA": -6520000.0,
        "Total Unusual Items": NaN,
        "Total Unusual Items Excluding Goodwill": NaN,
        "Net Income From Continuing Operation Net Minority Interest": -6265000.0,
        "Reconciled Depreciation": 1796000.0,
        "Reconciled Cost Of Revenue": 4067000.0,
        "EBITDA": -6520000.0,
        "EBIT": -8316000.0,
        "Net Interest Income": -515000.0,
        "Interest Expense": 515000.0,
        "Interest Income": 0.0,
        "Normalized Income": -6265000.0,
        "Net Income From Continuing And Discontinued Operation": -6265000.0,
        "Total Expenses": 11932000.0,
        "Total Operating Income As Reported": -8298000.0,
        "Diluted Average Shares": 18045000.0,
        "Basic Average Shares": 18045000.0,
        "Diluted EPS": -0.35,
        "Basic EPS": -0.35,
        "Diluted NI Availto Com Stockholders": -6265000.0,
        "Average Dilution Earnings": 0.0,
        "Net Income Common Stockholders": -6265000.0,
        "Net Income": -6265000.0,
        "Net Income Including Noncontrolling Interests": -6265000.0,
        "Net Income Continuous Operations": -6265000.0,
        "Tax Provision": -2566000.0,
        "Pretax Income": -8831000.0,
        "Other Income Expense": -18000.0,
        "Other Non Operating Income Expenses": -18000.0,
        "Gain On Sale Of Security": NaN,
        "Net Non Operating Interest Income Expense": -515000.0,
        "Interest Expense Non Operating": 515000.0,
        "Interest Income Non Operating": 0.0,
        "Operating Income": -8298000.0,
        "Operating Expense": 7865000.0,
        "Other Operating Expenses": NaN,
        "Research And Development": 272000.0,
        "Selling General And Administration": 7593000.0,
        "General And Administrative Expense": 7593000.0,
        "Other Gand A": 7593000.0,
        "Gross Profit": -433000.0,
        "Cost Of Revenue": 4067000.0,
        "Total Revenue": 3634000.0,
        "Operating Revenue": 3634000.0
    }
}