{
    "2023-03-31": {
        "Tax Effect Of Unusual Items": 0.0,
        "Tax Rate For Calcs": 0.0,
        "Normalized EBITDA": -2644000.0,
        "Total Unusual Items": NaN,
        "Total Unusual Items Excluding Goodwill": NaN,
        "Net Income From Continuing Operation Net Minority Interest": -3030000.0,
        "Reconciled Depreciation": 382000.0,
        "Reconciled Cost Of Revenue": 2068000.0,
        "EBITDA": -2644000.0,
        "EBIT": -3026000.0,
        "Net Interest Income": -4000.0,
        "Interest Expense": NaN,
        "Normalized Income": -3030000.0,
        "Net Income From Continuing And Discontinued Operation": -3030000.0,
        "Total Expenses": 5843000.0,
        "Total Operating Income As Reported": -3026000.0,
        "Diluted NI Availto Com Stockholders": -3030000.0,
        "Net Income Common Stockholders": -3030000.0,
        "Net Income": -3030000.0,
        "Minority Interests": 0.0,
        "Net Income Including Noncontrolling Interests": -3030000.0,
        "Net Income Continuous Operations": -3030000.0,
        "Tax Provision": 0.0,
        "Pretax Income": -3030000.0,
        "Other Income Expense": NaN,
        "Special Income Charges": NaN,
        "Gain On Sale Of Security": NaN,
        "Net Non Operating Interest Income Expense": -4000.0,
        "Total Other Finance Cost": 4000.0,
        "Interest Expense Non Operating": NaN,
        "Operating Income": -3026000.0,
        "Operating Expense": 3775000.0,
        "Other Operating Expenses": 3775000.0,
        "Gross Profit": 749000.0,
        "Cost Of Revenue": 2068000.0,
        "Total Revenue": 2817000.0,
        "Operating Revenue": 2068000.0
    },
    "2022-12-31": {
        "Tax Effect Of Unusual Items": 0.0,
        "Tax Rate For Calcs": 0.0,
        "Normalized EBITDA": -1958000.0,
        "Total Unusual Items": 53000.0,
        "Total Unusual Items Excluding Goodwill": 53000.0,
        "Net Income From Continuing Operation Net Minority Interest": -2290000.0,
        "Reconciled Depreciation": 372000.0,
        "Reconciled Cost Of Revenue": 1793000.0,
        "EBITDA": -1905000.0,
        "EBIT": -2277000.0,
        "Net Interest Income": -6000.0,
        "Interest Expense": 6000.0,
        "Normalized Income": -2343000.0,
        "Net Income From Continuing And Discontinued Operation": -2290000.0,
        "Total Expenses": 4717000.0,
        "Total Operating Income As Reported": -2326000.0,
        "Diluted NI Availto Com Stockholders": -2290000.0,
        "Net Income Common Stockholders": -2290000.0,
        "Net Income": -2290000.0,
        "Minority Interests": -7000.0,
        "Net Income Including Noncontrolling Interests": -2283000.0,
        "Net Income Continuous Operations": -2283000.0,
        "Tax Provision": 0.0,
        "Pretax Income": -2283000.0,
        "Other Income Expense": 49000.0,
        "Special Income Charges": 25000.0,
        "Gain On Sale Of Security": 28000.0,
        "Net Non Operating Interest Income Expense": -6000.0,
        "Total Other Finance Cost": NaN,
        "Interest Expense Non Operating": 6000.0,
        "Operating Income": -2326000.0,
        "Operating Expense": 2924000.0,
        "Other Operating Expenses": 2924000.0,
        "Gross Profit": 598000.0,
        "Cost Of Revenue": 1793000.0,
        "Total Revenue": 2391000.0,
        "Operating Revenue": 2127000.0
    },
    "2022-09-30": {
        "Tax Effect Of Unusual Items": 0.0,
        "Tax Rate For Calcs": 0.0,
        "Normalized EBITDA": -2842000.0,
        "Total Unusual Items": 59000.0,
        "Total Unusual Items Excluding Goodwill": 59000.0,
        "Net Income From Continuing Operation Net Minority Interest": -3179000.0,
        "Reconciled Depreciation": 384000.0,
        "Reconciled Cost Of Revenue": 1779000.0,
        "EBITDA": -2783000.0,
        "EBIT": -3167000.0,
        "Net Interest Income": -6000.0,
        "Interest Expense": 6000.0,
        "Normalized Income": -3238000.0,
        "Net Income From Continuing And Discontinued Operation": -3179000.0,
        "Total Expenses": 5444000.0,
        "Total Operating Income As Reported": -3229000.0,
        "Diluted Average Shares": 1138345.0,
        "Basic Average Shares": 1138345.0,
        "Diluted EPS": -2.79,
        "Basic EPS": -2.79,
        "Diluted NI Availto Com Stockholders": -3179000.0,
        "Net Income Common Stockholders": -3179000.0,
        "Net Income": -3179000.0,
        "Minority Interests": -6000.0,
        "Net Income Including Noncontrolling Interests": -3173000.0,
        "Net Income Continuous Operations": -3173000.0,
        "Tax Provision": 0.0,
        "Pretax Income": -3173000.0,
        "Other Income Expense": 62000.0,
        "Other Non Operating Income Expenses": 3000.0,
        "Special Income Charges": 0.0,
        "Gain On Sale Of Security": 59000.0,
        "Net Non Operating Interest Income Expense": -6000.0,
        "Total Other Finance Cost": NaN,
        "Interest Expense Non Operating": 6000.0,
        "Operating Income": -3229000.0,
        "Operating Expense": 3665000.0,
        "Other Operating Expenses": 3665000.0,
        "Gross Profit": 436000.0,
        "Cost Of Revenue": 1779000.0,
        "Total Revenue": 2215000.0,
        "Operating Revenue": 2060000.0
    },
    "2022-06-30": {
        "Tax Effect Of Unusual Items": 0.0,
        "Tax Rate For Calcs": 0.0,
        "Normalized EBITDA": -2051000.0,
        "Total Unusual Items": 297000.0,
        "Total Unusual Items Excluding Goodwill": 297000.0,
        "Net Income From Continuing Operation Net Minority Interest": -2144000.0,
        "Reconciled Depreciation": 382000.0,
        "Reconciled Cost Of Revenue": 1586000.0,
        "EBITDA": -1754000.0,
        "EBIT": -2136000.0,
        "Net Interest Income": -2000.0,
        "Interest Expense": 2000.0,
        "Normalized Income": -2441000.0,
        "Net Income From Continuing And Discontinued Operation": -2144000.0,
        "Total Expenses": 4792000.0,
        "Total Operating Income As Reported": -2433000.0,
        "Diluted Average Shares": 22708708.0,
        "Basic Average Shares": 22708708.0,
        "Diluted EPS": -0.09,
        "Basic EPS": -0.09,
        "Diluted NI Availto Com Stockholders": -2144000.0,
        "Net Income Common Stockholders": -2144000.0,
        "Net Income": -2144000.0,
        "Minority Interests": -6000.0,
        "Net Income Including Noncontrolling Interests": -2138000.0,
        "Net Income Continuous Operations": -2138000.0,
        "Tax Provision": 0.0,
        "Pretax Income": -2138000.0,
        "Other Income Expense": 297000.0,
        "Other Non Operating Income Expenses": NaN,
        "Special Income Charges": 0.0,
        "Gain On Sale Of Security": 297000.0,
        "Net Non Operating Interest Income Expense": -2000.0,
        "Total Other Finance Cost": NaN,
        "Interest Expense Non Operating": 2000.0,
        "Operating Income": -2433000.0,
        "Operating Expense": 3206000.0,
        "Other Operating Expenses": 3206000.0,
        "Gross Profit": 773000.0,
        "Cost Of Revenue": 1586000.0,
        "Total Revenue": 2359000.0,
        "Operating Revenue": 2226000.0
    },
    "2022-03-31": {
        "Diluted EPS": -0.2,
        "Total Revenue": 2,
        "Gross Profit": 1,
        "Operating Income": -5,
        "EBIT": -4,
        "Net Income": -5
    },
    "2021-12-31": {
        "Diluted EPS": -0.1,
        "Total Revenue": 2,
        "Gross Profit": 1,
        "Operating Income": -3,
        "EBIT": -3,
        "Net Income": -2
    },
    "2021-09-30": {
        "Diluted EPS": -0.08,
        "Total Revenue": 2,
        "Gross Profit": 1,
        "Operating Income": -2,
        "EBIT": -2,
        "Net Income": -2
    },
    "2021-06-30": {
        "Diluted EPS": -0.14,
        "Total Revenue": 2,
        "Gross Profit": 1,
        "Operating Income": -2,
        "EBIT": -2,
        "Net Income": -3
    },
    "2021-03-31": {
        "Diluted EPS": -0.08,
        "Total Revenue": 2,
        "Gross Profit": 0,
        "Operating Income": -2,
        "EBIT": -2,
        "Net Income": -1
    },
    "2020-12-31": {
        "Diluted EPS": 0.34,
        "Total Revenue": 2,
        "Gross Profit": 0,
        "Operating Income": -2,
        "EBIT": -2,
        "Net Income": -2
    },
    "2020-09-30": {
        "Diluted EPS": -0.21,
        "Total Revenue": 2,
        "Gross Profit": 0,
        "Operating Income": -2,
        "EBIT": -2,
        "Net Income": -3
    },
    "2020-06-30": {
        "Diluted EPS": -0.2,
        "Total Revenue": 1,
        "Gross Profit": 0,
        "Operating Income": -2,
        "EBIT": -2,
        "Net Income": -2
    },
    "2020-03-31": {
        "Diluted EPS": -0.78,
        "Total Revenue": 1,
        "Gross Profit": 0,
        "Operating Income": -2,
        "EBIT": -1,
        "Net Income": -7
    },
    "2019-12-31": {
        "Diluted EPS": -0.49,
        "Total Revenue": 1,
        "Gross Profit": 0,
        "Operating Income": -4,
        "EBIT": -2,
        "Net Income": -4
    },
    "2019-09-30": {
        "Diluted EPS": -0.31,
        "Total Revenue": 1,
        "Gross Profit": 0,
        "Operating Income": -2,
        "EBIT": -2,
        "Net Income": -2
    },
    "2019-06-30": {
        "Diluted EPS": -1.05,
        "Total Revenue": 1,
        "Gross Profit": 0,
        "Operating Income": -2,
        "EBIT": -2,
        "Net Income": -6
    },
    "2019-03-31": {
        "Diluted EPS": -0.48,
        "Total Revenue": 1,
        "Gross Profit": 0,
        "Operating Income": -2,
        "EBIT": -2,
        "Net Income": -2
    },
    "2018-12-31": {
        "Diluted EPS": -1.94,
        "Total Revenue": 1,
        "Gross Profit": 0,
        "Operating Income": -5,
        "EBIT": 0,
        "Net Income": -7
    },
    "2018-09-30": {
        "Diluted EPS": -2.49,
        "Total Revenue": 1,
        "Gross Profit": 0,
        "Operating Income": -4,
        "EBIT": -4,
        "Net Income": -4
    },
    "2018-06-30": {
        "Diluted EPS": -2.29,
        "Total Revenue": 1,
        "Gross Profit": 0,
        "Operating Income": -2,
        "EBIT": -2,
        "Net Income": -3
    },
    "2018-03-31": {
        "Diluted EPS": -7.1,
        "Total Revenue": 1,
        "Gross Profit": 0,
        "Operating Income": -2,
        "EBIT": -2,
        "Net Income": -6
    },
    "2017-12-31": {
        "Diluted EPS": 168.52,
        "Total Revenue": 1,
        "Gross Profit": 0,
        "Operating Income": -10,
        "EBIT": -1,
        "Net Income": -13
    },
    "2017-09-30": {
        "Diluted EPS": -20.39,
        "Total Revenue": 0,
        "Gross Profit": 0,
        "Operating Income": -4,
        "EBIT": -1,
        "Net Income": -10
    },
    "2017-06-30": {
        "Diluted EPS": -230.14,
        "Total Revenue": 0,
        "Gross Profit": 0,
        "Operating Income": -1,
        "EBIT": -1,
        "Net Income": -9
    },
    "2017-03-31": {
        "Diluted EPS": -25.34,
        "Total Revenue": 0,
        "Gross Profit": 0,
        "Operating Income": -1,
        "EBIT": -1,
        "Net Income": -1
    },
    "2016-12-31": {
        "Diluted EPS": -27.81,
        "Total Revenue": 1,
        "Gross Profit": 1,
        "Operating Income": 1,
        "EBIT": 1,
        "Net Income": 1
    },
    "2016-09-30": {
        "Diluted EPS": -17.24,
        "Total Revenue": 0,
        "Gross Profit": 0,
        "Operating Income": 0,
        "EBIT": 0,
        "Net Income": 0
    },
    "2016-06-30": {
        "Diluted EPS": -15.44,
        "Total Revenue": 1,
        "Gross Profit": 0,
        "Operating Income": 0,
        "EBIT": 0,
        "Net Income": 0
    },
    "2016-03-31": {
        "Diluted EPS": -81.04,
        "Total Revenue": 0,
        "Gross Profit": 0,
        "Operating Income": -2,
        "EBIT": -2,
        "Net Income": -4
    },
    "2015-12-31": {
        "Diluted EPS": -706.85,
        "Total Revenue": 0,
        "Gross Profit": 0,
        "Operating Income": -2,
        "EBIT": -2,
        "Net Income": -20
    },
    "2015-09-30": {
        "Diluted EPS": -247.62,
        "Total Revenue": 0,
        "Gross Profit": 0,
        "Operating Income": -2,
        "EBIT": -2,
        "Net Income": -8
    },
    "2015-06-30": {
        "Diluted EPS": -135.07,
        "Total Revenue": 0,
        "Gross Profit": 0,
        "Operating Income": -2,
        "EBIT": -2,
        "Net Income": -3
    },
    "2015-03-31": {
        "Diluted EPS": -162.08,
        "Total Revenue": 1,
        "Gross Profit": 0,
        "Operating Income": -2,
        "EBIT": -2,
        "Net Income": -3
    },
    "2014-12-31": {
        "Diluted EPS": -355.68,
        "Total Revenue": -16,
        "Gross Profit": -8,
        "Operating Income": 1,
        "EBIT": 0,
        "Net Income": -6
    },
    "2014-09-30": {
        "Diluted EPS": -22.51,
        "Total Revenue": 4,
        "Gross Profit": 2,
        "Operating Income": -4,
        "EBIT": -3,
        "Net Income": 0
    },
    "2014-06-30": {
        "Diluted EPS": -256.63,
        "Total Revenue": 7,
        "Gross Profit": 2,
        "Operating Income": -4,
        "EBIT": -3,
        "Net Income": -4
    },
    "2014-03-31": {
        "Diluted EPS": -270.14,
        "Total Revenue": 6,
        "Gross Profit": 2,
        "Operating Income": -4,
        "EBIT": -3,
        "Net Income": -4
    },
    "2013-12-31": {
        "Diluted EPS": -256.63,
        "Total Revenue": 6,
        "Gross Profit": 2,
        "Operating Income": -4,
        "EBIT": -3,
        "Net Income": -4
    },
    "2013-09-30": {
        "Diluted EPS": -351.18,
        "Total Revenue": 7,
        "Gross Profit": 2,
        "Operating Income": -5,
        "EBIT": -5,
        "Net Income": -6
    },
    "2013-06-30": {
        "Diluted EPS": -184.59,
        "Total Revenue": 7,
        "Gross Profit": 3,
        "Operating Income": -3,
        "EBIT": -2,
        "Net Income": -3
    },
    "2013-03-31": {
        "Diluted EPS": -243.12,
        "Total Revenue": 7,
        "Gross Profit": 3,
        "Operating Income": -4,
        "EBIT": -3,
        "Net Income": -4
    },
    "2012-12-31": {
        "Diluted EPS": -157.36,
        "Total Revenue": 7,
        "Gross Profit": 2,
        "Operating Income": -3,
        "EBIT": -3,
        "Net Income": -2
    },
    "2012-09-30": {
        "Diluted EPS": -216.2,
        "Total Revenue": 8,
        "Gross Profit": 4,
        "Operating Income": -2,
        "EBIT": -2,
        "Net Income": -3
    },
    "2012-06-30": {
        "Diluted EPS": -54.05,
        "Total Revenue": 9,
        "Gross Profit": 5,
        "Operating Income": -1,
        "EBIT": -1,
        "Net Income": -1
    },
    "2012-03-31": {
        "Diluted EPS": -270.24,
        "Total Revenue": 7,
        "Gross Profit": 3,
        "Operating Income": -2,
        "EBIT": -2,
        "Net Income": -3
    },
    "2011-12-31": {
        "Diluted EPS": 9.48,
        "Total Revenue": 9,
        "Gross Profit": 5,
        "Operating Income": 0,
        "EBIT": 0,
        "Net Income": 0
    },
    "2011-09-30": {
        "Diluted EPS": -162.15,
        "Total Revenue": 8,
        "Gross Profit": 4,
        "Operating Income": 0,
        "EBIT": 0,
        "Net Income": -2
    },
    "2011-06-30": {
        "Diluted EPS": -702.63,
        "Total Revenue": 8,
        "Gross Profit": 5,
        "Operating Income": -2,
        "EBIT": -1,
        "Net Income": -6
    },
    "2011-03-31": {
        "Diluted EPS": -324.29,
        "Total Revenue": 7,
        "Gross Profit": 4,
        "Operating Income": -1,
        "EBIT": 0,
        "Net Income": -3
    },
    "2010-12-31": {
        "Diluted EPS": -54.05,
        "Total Revenue": 5,
        "Gross Profit": 2,
        "Operating Income": -1,
        "EBIT": -1,
        "Net Income": -1
    },
    "2010-09-30": {
        "Diluted EPS": -108.1,
        "Total Revenue": 4,
        "Gross Profit": 2,
        "Operating Income": -1,
        "EBIT": -1,
        "Net Income": -1
    },
    "2010-06-30": {
        "Diluted EPS": -108.1,
        "Total Revenue": 5,
        "Gross Profit": 2,
        "Operating Income": -1,
        "EBIT": -1,
        "Net Income": -1
    },
    "2010-03-31": {
        "Diluted EPS": -54.05,
        "Total Revenue": 5,
        "Gross Profit": 3,
        "Operating Income": 0,
        "EBIT": 0,
        "Net Income": 0
    },
    "2009-12-31": {
        "Diluted EPS": 0.0,
        "Total Revenue": 7,
        "Gross Profit": 3,
        "Operating Income": 0,
        "EBIT": 1,
        "Net Income": 0
    },
    "2009-09-30": {
        "Diluted EPS": -54.05,
        "Total Revenue": 5,
        "Gross Profit": 3,
        "Operating Income": 0,
        "EBIT": 0,
        "Net Income": 0
    },
    "2009-06-30": {
        "Diluted EPS": -54.05,
        "Total Revenue": 5,
        "Gross Profit": 3,
        "Operating Income": -1,
        "EBIT": -1,
        "Net Income": -1
    },
    "2009-03-31": {
        "Diluted EPS": -108.1,
        "Total Revenue": 5,
        "Gross Profit": 3,
        "Operating Income": -1,
        "EBIT": -1,
        "Net Income": -1
    },
    "2023-06-30": {
        "Tax Effect Of Unusual Items": 0.0,
        "Tax Rate For Calcs": 0.0,
        "Normalized EBITDA": -1911000.0,
        "Total Unusual Items": NaN,
        "Total Unusual Items Excluding Goodwill": NaN,
        "Net Income From Continuing Operation Net Minority Interest": -2293000.0,
        "Reconciled Depreciation": 381000.0,
        "Reconciled Cost Of Revenue": 2162000.0,
        "EBITDA": -1911000.0,
        "EBIT": -2292000.0,
        "Net Interest Income": -1000.0,
        "Interest Expense": 1000.0,
        "Normalized Income": -2293000.0,
        "Net Income From Continuing And Discontinued Operation": -2293000.0,
        "Total Expenses": 5825000.0,
        "Total Operating Income As Reported": -2292000.0,
        "Diluted NI Availto Com Stockholders": -2293000.0,
        "Net Income Common Stockholders": -2293000.0,
        "Net Income": -2293000.0,
        "Minority Interests": 0.0,
        "Net Income Including Noncontrolling Interests": -2293000.0,
        "Net Income Continuous Operations": -2293000.0,
        "Tax Provision": 0.0,
        "Pretax Income": -2293000.0,
        "Other Income Expense": NaN,
        "Special Income Charges": NaN,
        "Gain On Sale Of Security": NaN,
        "Net Non Operating Interest Income Expense": -1000.0,
        "Total Other Finance Cost": NaN,
        "Interest Expense Non Operating": 1000.0,
        "Operating Income": -2292000.0,
        "Operating Expense": 3663000.0,
        "Other Operating Expenses": 3663000.0,
        "Gross Profit": 1371000.0,
        "Cost Of Revenue": 2162000.0,
        "Total Revenue": 3533000.0,
        "Operating Revenue": 2768000.0
    },
    "2023-09-30": {
        "Tax Effect Of Unusual Items": 0.0,
        "Tax Rate For Calcs": 0.0,
        "Normalized EBITDA": -1064000.0,
        "Total Unusual Items": NaN,
        "Total Unusual Items Excluding Goodwill": NaN,
        "Net Income From Continuing Operation Net Minority Interest": -1455000.0,
        "Reconciled Depreciation": 384000.0,
        "Reconciled Cost Of Revenue": 2633000.0,
        "EBITDA": -1064000.0,
        "EBIT": -1448000.0,
        "Net Interest Income": -7000.0,
        "Interest Expense": 7000.0,
        "Normalized Income": -1455000.0,
        "Net Income From Continuing And Discontinued Operation": -1455000.0,
        "Total Expenses": 5966000.0,
        "Total Operating Income As Reported": -1448000.0,
        "Diluted NI Availto Com Stockholders": -1455000.0,
        "Net Income Common Stockholders": -1455000.0,
        "Net Income": -1455000.0,
        "Minority Interests": 0.0,
        "Net Income Including Noncontrolling Interests": -1455000.0,
        "Net Income Continuous Operations": -1455000.0,
        "Tax Provision": 0.0,
        "Pretax Income": -1455000.0,
        "Other Income Expense": NaN,
        "Special Income Charges": NaN,
        "Gain On Sale Of Security": NaN,
        "Net Non Operating Interest Income Expense": -7000.0,
        "Total Other Finance Cost": NaN,
        "Interest Expense Non Operating": 7000.0,
        "Operating Income": -1448000.0,
        "Operating Expense": 3333000.0,
        "Other Operating Expenses": 3333000.0,
        "Gross Profit": 1885000.0,
        "Cost Of Revenue": 2633000.0,
        "Total Revenue": 4518000.0,
        "Operating Revenue": 3738000.0
    }
}