{
    "2023-03-31": {
        "Tax Effect Of Unusual Items": 0.0,
        "Tax Rate For Calcs": 0.0,
        "Normalized EBITDA": -5266000.0,
        "Total Unusual Items": 1064000.0,
        "Total Unusual Items Excluding Goodwill": 1064000.0,
        "Net Income From Continuing Operation Net Minority Interest": -3148000.0,
        "Reconciled Depreciation": 755000.0,
        "Reconciled Cost Of Revenue": 3106000.0,
        "EBIT": -4202000.0,
        "Net Interest Income": NaN,
        "Interest Expense": NaN,
        "Normalized Income": -4212000.0,
        "Net Income From Continuing And Discontinued Operation": -3148000.0,
        "Total Expenses": 9235000.0,
        "Total Operating Income As Reported": -3796000.0,
        "Diluted Average Shares": 21561000.0,
        "Basic Average Shares": 21561000.0,
        "Diluted EPS": -0.15,
        "Basic EPS": -0.15,
        "Diluted NI Availto Com Stockholders": -3148000.0,
        "Net Income Common Stockholders": -3148000.0,
        "Net Income": -3148000.0,
        "Net Income Including Noncontrolling Interests": -3148000.0,
        "Net Income Continuous Operations": -3148000.0,
        "Pretax Income": -3148000.0,
        "Other Income Expense": 1054000.0,
        "Other Non Operating Income Expenses": -10000.0,
        "Special Income Charges": 406000.0,
        "Gain On Sale Of Ppe": 406000.0,
        "Impairment Of Capital Assets": NaN,
        "Gain On Sale Of Security": 658000.0,
        "Net Non Operating Interest Income Expense": NaN,
        "Interest Expense Non Operating": NaN,
        "Operating Income": -4202000.0,
        "Operating Expense": 6129000.0,
        "Research And Development": 3887000.0,
        "Selling General And Administration": 2242000.0,
        "Gross Profit": 1927000.0,
        "Cost Of Revenue": 3106000.0,
        "Total Revenue": 5033000.0,
        "Operating Revenue": 5033000.0
    },
    "2022-12-31": {
        "Tax Effect Of Unusual Items": 0.0,
        "Tax Rate For Calcs": 0.0,
        "Normalized EBITDA": 5363000.0,
        "Total Unusual Items": -9946000.0,
        "Total Unusual Items Excluding Goodwill": -9946000.0,
        "Net Income From Continuing Operation Net Minority Interest": -14593000.0,
        "Reconciled Depreciation": 350000.0,
        "Reconciled Cost Of Revenue": 2168000.0,
        "EBIT": -4583000.0,
        "Net Interest Income": -1581000.0,
        "Interest Expense": 5000.0,
        "Normalized Income": -4647000.0,
        "Net Income From Continuing And Discontinued Operation": -14593000.0,
        "Total Expenses": 8470000.0,
        "Total Operating Income As Reported": -14529000.0,
        "Diluted Average Shares": 20534000.0,
        "Basic Average Shares": 20534000.0,
        "Diluted EPS": -0.71,
        "Basic EPS": -0.71,
        "Diluted NI Availto Com Stockholders": -14593000.0,
        "Net Income Common Stockholders": -14593000.0,
        "Net Income": -14593000.0,
        "Net Income Including Noncontrolling Interests": -14593000.0,
        "Net Income Continuous Operations": -14593000.0,
        "Pretax Income": -14593000.0,
        "Other Income Expense": -10010000.0,
        "Other Non Operating Income Expenses": -64000.0,
        "Special Income Charges": -9946000.0,
        "Gain On Sale Of Ppe": 0.0,
        "Impairment Of Capital Assets": 9946000.0,
        "Gain On Sale Of Security": NaN,
        "Net Non Operating Interest Income Expense": -1581000.0,
        "Interest Expense Non Operating": 5000.0,
        "Operating Income": -4583000.0,
        "Operating Expense": 6302000.0,
        "Research And Development": 4130000.0,
        "Selling General And Administration": 2172000.0,
        "Gross Profit": 1719000.0,
        "Cost Of Revenue": 2168000.0,
        "Total Revenue": 3887000.0,
        "Operating Revenue": 3887000.0
    },
    "2022-09-30": {
        "Tax Effect Of Unusual Items": 0.0,
        "Tax Rate For Calcs": 0.0,
        "Normalized EBITDA": -5649000.0,
        "Total Unusual Items": 2557000.0,
        "Total Unusual Items Excluding Goodwill": 2557000.0,
        "Net Income From Continuing Operation Net Minority Interest": -4008000.0,
        "Reconciled Depreciation": 911000.0,
        "Reconciled Cost Of Revenue": 2000000.0,
        "EBIT": -4003000.0,
        "Net Interest Income": -5000.0,
        "Interest Expense": 5000.0,
        "Normalized Income": -6565000.0,
        "Net Income From Continuing And Discontinued Operation": -4008000.0,
        "Total Expenses": 9862000.0,
        "Total Operating Income As Reported": -4011000.0,
        "Diluted Average Shares": 20039000.0,
        "Basic Average Shares": 20039000.0,
        "Diluted EPS": -0.2,
        "Basic EPS": -0.2,
        "Diluted NI Availto Com Stockholders": -4008000.0,
        "Net Income Common Stockholders": -4008000.0,
        "Net Income": -4008000.0,
        "Net Income Including Noncontrolling Interests": -4008000.0,
        "Net Income Continuous Operations": -4008000.0,
        "Pretax Income": -4008000.0,
        "Other Income Expense": 2565000.0,
        "Other Non Operating Income Expenses": 8000.0,
        "Special Income Charges": 2557000.0,
        "Gain On Sale Of Ppe": 2557000.0,
        "Impairment Of Capital Assets": NaN,
        "Gain On Sale Of Security": NaN,
        "Net Non Operating Interest Income Expense": -5000.0,
        "Interest Expense Non Operating": 5000.0,
        "Operating Income": -6568000.0,
        "Operating Expense": 7862000.0,
        "Research And Development": 4509000.0,
        "Selling General And Administration": 3353000.0,
        "Gross Profit": 1294000.0,
        "Cost Of Revenue": 2000000.0,
        "Total Revenue": 3294000.0,
        "Operating Revenue": 3294000.0
    },
    "2022-06-30": {
        "Tax Effect Of Unusual Items": 0.0,
        "Tax Rate For Calcs": 0.0,
        "Normalized EBITDA": -6138000.0,
        "Total Unusual Items": NaN,
        "Total Unusual Items Excluding Goodwill": NaN,
        "Net Income From Continuing Operation Net Minority Interest": -7043000.0,
        "Reconciled Depreciation": 899000.0,
        "Reconciled Cost Of Revenue": 2799000.0,
        "EBIT": -7037000.0,
        "Net Interest Income": -6000.0,
        "Interest Expense": 6000.0,
        "Normalized Income": -7043000.0,
        "Net Income From Continuing And Discontinued Operation": -7043000.0,
        "Total Expenses": 11320000.0,
        "Total Operating Income As Reported": -7036000.0,
        "Diluted Average Shares": 21636000.0,
        "Basic Average Shares": 21636000.0,
        "Diluted EPS": -0.33,
        "Basic EPS": -0.33,
        "Diluted NI Availto Com Stockholders": -7043000.0,
        "Net Income Common Stockholders": -7043000.0,
        "Net Income": -7043000.0,
        "Net Income Including Noncontrolling Interests": -7043000.0,
        "Net Income Continuous Operations": -7043000.0,
        "Pretax Income": -7043000.0,
        "Other Income Expense": -1000.0,
        "Other Non Operating Income Expenses": -1000.0,
        "Special Income Charges": NaN,
        "Gain On Sale Of Ppe": NaN,
        "Impairment Of Capital Assets": NaN,
        "Gain On Sale Of Security": NaN,
        "Net Non Operating Interest Income Expense": -6000.0,
        "Interest Expense Non Operating": 6000.0,
        "Operating Income": -7036000.0,
        "Operating Expense": 8521000.0,
        "Research And Development": 5643000.0,
        "Selling General And Administration": 2878000.0,
        "Gross Profit": 1485000.0,
        "Cost Of Revenue": 2799000.0,
        "Total Revenue": 4284000.0,
        "Operating Revenue": 4284000.0
    },
    "2022-03-31": {
        "Diluted EPS": -0.34,
        "Total Revenue": 3,
        "Gross Profit": 1,
        "Operating Income": -7,
        "EBIT": -6,
        "Net Income": -7
    },
    "2021-12-31": {
        "Diluted EPS": 0.69,
        "Total Revenue": 2,
        "Gross Profit": 1,
        "Operating Income": -5,
        "EBIT": -4,
        "Net Income": 2
    },
    "2021-09-30": {
        "Diluted EPS": -0.73,
        "Total Revenue": 2,
        "Gross Profit": 1,
        "Operating Income": -3,
        "EBIT": -2,
        "Net Income": -4
    },
    "2021-06-30": {
        "Diluted EPS": -1.03,
        "Total Revenue": 1,
        "Gross Profit": 0,
        "Operating Income": -4,
        "EBIT": -4,
        "Net Income": -5
    },
    "2021-03-31": {
        "Diluted EPS": -0.79,
        "Total Revenue": 1,
        "Gross Profit": 0,
        "Operating Income": -4,
        "EBIT": -3,
        "Net Income": -4
    },
    "2020-12-31": {
        "Diluted EPS": -2.47,
        "Total Revenue": 4,
        "Gross Profit": 4,
        "Operating Income": -6,
        "EBIT": -3,
        "Net Income": -12
    },
    "2020-09-30": {
        "Diluted EPS": -0.2,
        "Total Revenue": 2,
        "Gross Profit": 1,
        "Operating Income": -1,
        "EBIT": -1,
        "Net Income": -1
    },
    "2020-06-30": {
        "Diluted EPS": -0.32,
        "Total Revenue": 2,
        "Gross Profit": 1,
        "Operating Income": -1,
        "EBIT": -1,
        "Net Income": -1
    },
    "2020-03-31": {
        "Diluted EPS": -0.61,
        "Total Revenue": 1,
        "Gross Profit": 1,
        "Operating Income": -1,
        "EBIT": -1,
        "Net Income": -1
    },
    "2019-12-31": {
        "Diluted EPS": -0.31,
        "Total Revenue": 2,
        "Gross Profit": 1,
        "Operating Income": -1,
        "EBIT": 0,
        "Net Income": -1
    },
    "2019-09-30": {
        "Diluted EPS": -0.83,
        "Total Revenue": 1,
        "Gross Profit": 1,
        "Operating Income": -2,
        "EBIT": -1,
        "Net Income": -2
    },
    "2019-06-30": {
        "Diluted EPS": -0.05,
        "Total Revenue": 3,
        "Gross Profit": 2,
        "Operating Income": 0,
        "EBIT": 0,
        "Net Income": 0
    },
    "2019-03-31": {
        "Diluted EPS": 0.0,
        "Total Revenue": 4,
        "Gross Profit": 2,
        "Operating Income": 0,
        "EBIT": 0,
        "Net Income": 0
    },
    "2018-12-31": {
        "Diluted EPS": -9.59,
        "Total Revenue": 3,
        "Gross Profit": 2,
        "Operating Income": -9,
        "EBIT": 1,
        "Net Income": -9
    },
    "2018-09-30": {
        "Diluted EPS": -6.83,
        "Total Revenue": 4,
        "Gross Profit": 2,
        "Operating Income": -3,
        "EBIT": 1,
        "Net Income": -3
    },
    "2018-06-30": {
        "Diluted EPS": 0.8,
        "Total Revenue": 5,
        "Gross Profit": 3,
        "Operating Income": 1,
        "EBIT": 1,
        "Net Income": 0
    },
    "2018-03-31": {
        "Diluted EPS": 0.8,
        "Total Revenue": 4,
        "Gross Profit": 3,
        "Operating Income": 1,
        "EBIT": 1,
        "Net Income": 0
    },
    "2017-12-31": {
        "Diluted EPS": 0.53,
        "Total Revenue": 4,
        "Gross Profit": 2,
        "Operating Income": -1,
        "EBIT": 0,
        "Net Income": -1
    },
    "2017-09-30": {
        "Diluted EPS": -4.4,
        "Total Revenue": 2,
        "Gross Profit": 1,
        "Operating Income": -2,
        "EBIT": -1,
        "Net Income": -2
    },
    "2017-06-30": {
        "Diluted EPS": -12.0,
        "Total Revenue": 1,
        "Gross Profit": 1,
        "Operating Income": -4,
        "EBIT": -4,
        "Net Income": -4
    },
    "2017-03-31": {
        "Diluted EPS": -13.2,
        "Total Revenue": 1,
        "Gross Profit": 1,
        "Operating Income": -4,
        "EBIT": -4,
        "Net Income": -4
    },
    "2016-12-31": {
        "Diluted EPS": -43.8,
        "Total Revenue": 1,
        "Gross Profit": 1,
        "Operating Income": -14,
        "EBIT": -4,
        "Net Income": -14
    },
    "2016-09-30": {
        "Diluted EPS": -14.2,
        "Total Revenue": 2,
        "Gross Profit": 1,
        "Operating Income": -4,
        "EBIT": -4,
        "Net Income": -5
    },
    "2016-06-30": {
        "Diluted EPS": -18.2,
        "Total Revenue": 2,
        "Gross Profit": 1,
        "Operating Income": -6,
        "EBIT": -6,
        "Net Income": -6
    },
    "2016-03-31": {
        "Diluted EPS": -21.0,
        "Total Revenue": 1,
        "Gross Profit": 1,
        "Operating Income": -7,
        "EBIT": -7,
        "Net Income": -7
    },
    "2015-12-31": {
        "Diluted EPS": -18.8,
        "Total Revenue": 2,
        "Gross Profit": 1,
        "Operating Income": -7,
        "EBIT": -6,
        "Net Income": -7
    },
    "2015-09-30": {
        "Diluted EPS": -30.0,
        "Total Revenue": 1,
        "Gross Profit": 0,
        "Operating Income": -10,
        "EBIT": -10,
        "Net Income": -10
    },
    "2015-06-30": {
        "Diluted EPS": -22.0,
        "Total Revenue": 1,
        "Gross Profit": 0,
        "Operating Income": -7,
        "EBIT": -7,
        "Net Income": -7
    },
    "2015-03-31": {
        "Diluted EPS": -30.0,
        "Total Revenue": 1,
        "Gross Profit": 1,
        "Operating Income": -8,
        "EBIT": -8,
        "Net Income": -8
    },
    "2014-12-31": {
        "Diluted EPS": -38.0,
        "Total Revenue": 1,
        "Gross Profit": 1,
        "Operating Income": -9,
        "EBIT": -9,
        "Net Income": -9
    },
    "2014-09-30": {
        "Diluted EPS": -34.0,
        "Total Revenue": 1,
        "Gross Profit": 1,
        "Operating Income": -8,
        "EBIT": -8,
        "Net Income": -8
    },
    "2014-06-30": {
        "Diluted EPS": -28.0,
        "Total Revenue": 2,
        "Gross Profit": 1,
        "Operating Income": -7,
        "EBIT": -7,
        "Net Income": -7
    },
    "2014-03-31": {
        "Diluted EPS": -32.0,
        "Total Revenue": 1,
        "Gross Profit": 1,
        "Operating Income": -8,
        "EBIT": -8,
        "Net Income": -8
    },
    "2013-12-31": {
        "Diluted EPS": -28.0,
        "Total Revenue": 1,
        "Gross Profit": 1,
        "Operating Income": -6,
        "EBIT": -6,
        "Net Income": -6
    },
    "2013-09-30": {
        "Diluted EPS": -28.0,
        "Total Revenue": 1,
        "Gross Profit": 1,
        "Operating Income": -7,
        "EBIT": -7,
        "Net Income": -7
    },
    "2013-06-30": {
        "Diluted EPS": -30.0,
        "Total Revenue": 1,
        "Gross Profit": 1,
        "Operating Income": -6,
        "EBIT": -6,
        "Net Income": -6
    },
    "2013-03-31": {
        "Diluted EPS": -24.0,
        "Total Revenue": 1,
        "Gross Profit": 1,
        "Operating Income": -5,
        "EBIT": -5,
        "Net Income": -5
    },
    "2012-12-31": {
        "Diluted EPS": -38.0,
        "Total Revenue": 2,
        "Gross Profit": 2,
        "Operating Income": -8,
        "EBIT": -7,
        "Net Income": -8
    },
    "2012-09-30": {
        "Diluted EPS": -30.0,
        "Total Revenue": 1,
        "Gross Profit": 1,
        "Operating Income": -6,
        "EBIT": -6,
        "Net Income": -6
    },
    "2012-06-30": {
        "Diluted EPS": -34.0,
        "Total Revenue": 2,
        "Gross Profit": 2,
        "Operating Income": -7,
        "EBIT": -6,
        "Net Income": -7
    },
    "2012-03-31": {
        "Diluted EPS": -38.0,
        "Total Revenue": 1,
        "Gross Profit": 1,
        "Operating Income": -7,
        "EBIT": -6,
        "Net Income": -7
    },
    "2011-12-31": {
        "Diluted EPS": 154.0,
        "Total Revenue": 5,
        "Gross Profit": 3,
        "Operating Income": 30,
        "EBIT": 31,
        "Net Income": 30
    },
    "2011-09-30": {
        "Diluted EPS": -36.0,
        "Total Revenue": 2,
        "Gross Profit": 2,
        "Operating Income": -7,
        "EBIT": -6,
        "Net Income": -7
    },
    "2011-06-30": {
        "Diluted EPS": -30.0,
        "Total Revenue": 3,
        "Gross Profit": 3,
        "Operating Income": -6,
        "EBIT": -5,
        "Net Income": -6
    },
    "2011-03-31": {
        "Diluted EPS": -32.0,
        "Total Revenue": 4,
        "Gross Profit": 3,
        "Operating Income": -6,
        "EBIT": -5,
        "Net Income": -6
    },
    "2010-12-31": {
        "Diluted EPS": -36.0,
        "Total Revenue": 4,
        "Gross Profit": 3,
        "Operating Income": -6,
        "EBIT": -5,
        "Net Income": -6
    },
    "2010-09-30": {
        "Diluted EPS": -38.0,
        "Total Revenue": 4,
        "Gross Profit": 3,
        "Operating Income": -6,
        "EBIT": -5,
        "Net Income": -6
    },
    "2010-06-30": {
        "Diluted EPS": -34.0,
        "Total Revenue": 4,
        "Gross Profit": 4,
        "Operating Income": -5,
        "EBIT": -4,
        "Net Income": -5
    },
    "2010-03-31": {
        "Diluted EPS": -36.0,
        "Total Revenue": 4,
        "Gross Profit": 3,
        "Operating Income": -6,
        "EBIT": -5,
        "Net Income": -6
    },
    "2009-12-31": {
        "Diluted EPS": -32.0,
        "Total Revenue": 4,
        "Gross Profit": 3,
        "Operating Income": -5,
        "EBIT": -4,
        "Net Income": -5
    },
    "2009-09-30": {
        "Diluted EPS": -32.0,
        "Total Revenue": 3,
        "Gross Profit": 3,
        "Operating Income": -5,
        "EBIT": -4,
        "Net Income": -5
    },
    "2009-06-30": {
        "Diluted EPS": -32.0,
        "Total Revenue": 2,
        "Gross Profit": 2,
        "Operating Income": -5,
        "EBIT": -4,
        "Net Income": -5
    },
    "2009-03-31": {
        "Diluted EPS": -26.0,
        "Total Revenue": 3,
        "Gross Profit": 2,
        "Operating Income": -4,
        "EBIT": -4,
        "Net Income": -4
    },
    "2023-06-30": {
        "Tax Effect Of Unusual Items": 0.0,
        "Tax Rate For Calcs": 0.0,
        "Normalized EBITDA": -5045000.0,
        "Total Unusual Items": 966000.0,
        "Total Unusual Items Excluding Goodwill": 966000.0,
        "Net Income From Continuing Operation Net Minority Interest": -4086000.0,
        "Reconciled Depreciation": 958000.0,
        "Reconciled Cost Of Revenue": 1795000.0,
        "EBIT": -5037000.0,
        "Net Interest Income": NaN,
        "Interest Expense": NaN,
        "Normalized Income": -5052000.0,
        "Net Income From Continuing And Discontinued Operation": -4086000.0,
        "Total Expenses": 7440000.0,
        "Total Operating Income As Reported": -5037000.0,
        "Diluted Average Shares": 24338000.0,
        "Basic Average Shares": 24338000.0,
        "Diluted EPS": -0.17,
        "Basic EPS": -0.17,
        "Diluted NI Availto Com Stockholders": -4086000.0,
        "Net Income Common Stockholders": -4086000.0,
        "Net Income": -4086000.0,
        "Net Income Including Noncontrolling Interests": -4086000.0,
        "Net Income Continuous Operations": -4086000.0,
        "Pretax Income": -4086000.0,
        "Other Income Expense": 951000.0,
        "Other Non Operating Income Expenses": -15000.0,
        "Special Income Charges": 0.0,
        "Gain On Sale Of Ppe": 0.0,
        "Impairment Of Capital Assets": NaN,
        "Gain On Sale Of Security": 966000.0,
        "Net Non Operating Interest Income Expense": NaN,
        "Interest Expense Non Operating": NaN,
        "Operating Income": -5037000.0,
        "Operating Expense": 5645000.0,
        "Research And Development": 3668000.0,
        "Selling General And Administration": 1977000.0,
        "Gross Profit": 608000.0,
        "Cost Of Revenue": 1795000.0,
        "Total Revenue": 2403000.0,
        "Operating Revenue": 2403000.0
    }
}