{
    "2023-03-31": {
        "Tax Effect Of Unusual Items": NaN,
        "Tax Rate For Calcs": NaN,
        "Normalized EBITDA": NaN,
        "Total Unusual Items": NaN,
        "Total Unusual Items Excluding Goodwill": NaN,
        "Net Income From Continuing Operation Net Minority Interest": NaN,
        "Reconciled Depreciation": NaN,
        "EBITDA": NaN,
        "EBIT": NaN,
        "Net Interest Income": NaN,
        "Interest Expense": 0.0,
        "Interest Income": NaN,
        "Normalized Income": NaN,
        "Net Income From Continuing And Discontinued Operation": NaN,
        "Total Expenses": NaN,
        "Total Operating Income As Reported": NaN,
        "Diluted Average Shares": NaN,
        "Basic Average Shares": NaN,
        "Diluted EPS": NaN,
        "Basic EPS": NaN,
        "Diluted NI Availto Com Stockholders": NaN,
        "Net Income Common Stockholders": NaN,
        "Net Income": NaN,
        "Minority Interests": NaN,
        "Net Income Including Noncontrolling Interests": NaN,
        "Net Income Continuous Operations": NaN,
        "Tax Provision": NaN,
        "Pretax Income": NaN,
        "Other Income Expense": NaN,
        "Other Non Operating Income Expenses": NaN,
        "Special Income Charges": -105446000.0,
        "Other Special Charges": NaN,
        "Write Off": NaN,
        "Restructuring And Mergern Acquisition": -3139000.0,
        "Earnings From Equity Interest": NaN,
        "Gain On Sale Of Security": NaN,
        "Net Non Operating Interest Income Expense": NaN,
        "Interest Expense Non Operating": 0.0,
        "Interest Income Non Operating": NaN,
        "Operating Income": NaN,
        "Operating Expense": NaN,
        "Depreciation Amortization Depletion Income Statement": NaN,
        "Depreciation And Amortization In Income Statement": NaN,
        "Depreciation Income Statement": NaN,
        "Research And Development": NaN,
        "Selling General And Administration": NaN,
        "General And Administrative Expense": NaN,
        "Other Gand A": NaN,
        "Total Revenue": NaN,
        "Operating Revenue": NaN
    },
    "2022-12-31": {
        "Tax Effect Of Unusual Items": NaN,
        "Tax Rate For Calcs": NaN,
        "Normalized EBITDA": NaN,
        "Total Unusual Items": NaN,
        "Total Unusual Items Excluding Goodwill": NaN,
        "Net Income From Continuing Operation Net Minority Interest": NaN,
        "Reconciled Depreciation": NaN,
        "EBITDA": NaN,
        "EBIT": NaN,
        "Net Interest Income": NaN,
        "Interest Expense": 0.0,
        "Interest Income": NaN,
        "Normalized Income": NaN,
        "Net Income From Continuing And Discontinued Operation": NaN,
        "Total Expenses": NaN,
        "Total Operating Income As Reported": NaN,
        "Diluted Average Shares": 851950.0,
        "Basic Average Shares": 851950.0,
        "Diluted EPS": -8.8,
        "Basic EPS": -8.8,
        "Diluted NI Availto Com Stockholders": NaN,
        "Net Income Common Stockholders": NaN,
        "Net Income": NaN,
        "Minority Interests": NaN,
        "Net Income Including Noncontrolling Interests": NaN,
        "Net Income Continuous Operations": NaN,
        "Tax Provision": NaN,
        "Pretax Income": NaN,
        "Other Income Expense": NaN,
        "Other Non Operating Income Expenses": NaN,
        "Special Income Charges": -498000.0,
        "Other Special Charges": NaN,
        "Write Off": 0.0,
        "Restructuring And Mergern Acquisition": 498000.0,
        "Earnings From Equity Interest": NaN,
        "Gain On Sale Of Security": NaN,
        "Net Non Operating Interest Income Expense": NaN,
        "Interest Expense Non Operating": 0.0,
        "Interest Income Non Operating": NaN,
        "Operating Income": NaN,
        "Operating Expense": NaN,
        "Depreciation Amortization Depletion Income Statement": NaN,
        "Depreciation And Amortization In Income Statement": NaN,
        "Depreciation Income Statement": NaN,
        "Research And Development": NaN,
        "Selling General And Administration": NaN,
        "General And Administrative Expense": NaN,
        "Other Gand A": NaN,
        "Total Revenue": NaN,
        "Operating Revenue": NaN
    },
    "2022-09-30": {
        "Tax Effect Of Unusual Items": NaN,
        "Tax Rate For Calcs": NaN,
        "Normalized EBITDA": NaN,
        "Total Unusual Items": NaN,
        "Total Unusual Items Excluding Goodwill": NaN,
        "Net Income From Continuing Operation Net Minority Interest": NaN,
        "Reconciled Depreciation": NaN,
        "EBITDA": NaN,
        "EBIT": NaN,
        "Net Interest Income": NaN,
        "Interest Expense": 9000.0,
        "Interest Income": NaN,
        "Normalized Income": NaN,
        "Net Income From Continuing And Discontinued Operation": NaN,
        "Total Expenses": NaN,
        "Total Operating Income As Reported": NaN,
        "Diluted Average Shares": 16742000.0,
        "Basic Average Shares": 16742000.0,
        "Diluted EPS": -0.06,
        "Basic EPS": -0.06,
        "Diluted NI Availto Com Stockholders": NaN,
        "Net Income Common Stockholders": NaN,
        "Net Income": NaN,
        "Minority Interests": NaN,
        "Net Income Including Noncontrolling Interests": NaN,
        "Net Income Continuous Operations": NaN,
        "Tax Provision": NaN,
        "Pretax Income": NaN,
        "Other Income Expense": NaN,
        "Other Non Operating Income Expenses": NaN,
        "Special Income Charges": 70000.0,
        "Other Special Charges": NaN,
        "Write Off": NaN,
        "Restructuring And Mergern Acquisition": -70000.0,
        "Earnings From Equity Interest": NaN,
        "Gain On Sale Of Security": NaN,
        "Net Non Operating Interest Income Expense": NaN,
        "Interest Expense Non Operating": 9000.0,
        "Interest Income Non Operating": NaN,
        "Operating Income": NaN,
        "Operating Expense": NaN,
        "Depreciation Amortization Depletion Income Statement": NaN,
        "Depreciation And Amortization In Income Statement": NaN,
        "Depreciation Income Statement": NaN,
        "Research And Development": NaN,
        "Selling General And Administration": NaN,
        "General And Administrative Expense": NaN,
        "Other Gand A": NaN,
        "Total Revenue": NaN,
        "Operating Revenue": NaN
    },
    "2022-06-30": {
        "Tax Effect Of Unusual Items": -20400.0,
        "Tax Rate For Calcs": 0.4,
        "Normalized EBITDA": -4126000.0,
        "Total Unusual Items": -51000.0,
        "Total Unusual Items Excluding Goodwill": -51000.0,
        "Net Income From Continuing Operation Net Minority Interest": -1729000.0,
        "Reconciled Depreciation": NaN,
        "EBITDA": -4177000.0,
        "EBIT": -4177000.0,
        "Net Interest Income": 21000.0,
        "Interest Expense": 0.0,
        "Interest Income": 21000.0,
        "Normalized Income": -1698400.0,
        "Net Income From Continuing And Discontinued Operation": -1729000.0,
        "Total Expenses": 4087000.0,
        "Total Operating Income As Reported": -4087000.0,
        "Diluted Average Shares": 13351000.0,
        "Basic Average Shares": 13351000.0,
        "Diluted EPS": -0.13,
        "Basic EPS": -0.13,
        "Diluted NI Availto Com Stockholders": -1729000.0,
        "Net Income Common Stockholders": -1729000.0,
        "Net Income": -1729000.0,
        "Minority Interests": -104000.0,
        "Net Income Including Noncontrolling Interests": -1625000.0,
        "Net Income Continuous Operations": -1625000.0,
        "Tax Provision": -2552000.0,
        "Pretax Income": -4177000.0,
        "Other Income Expense": -111000.0,
        "Special Income Charges": NaN,
        "Restructuring And Mergern Acquisition": NaN,
        "Earnings From Equity Interest": -60000.0,
        "Gain On Sale Of Security": -51000.0,
        "Net Non Operating Interest Income Expense": 21000.0,
        "Interest Expense Non Operating": 0.0,
        "Interest Income Non Operating": 21000.0,
        "Operating Income": -4087000.0,
        "Operating Expense": 4087000.0,
        "Depreciation Amortization Depletion Income Statement": NaN,
        "Depreciation And Amortization In Income Statement": NaN,
        "Depreciation Income Statement": NaN,
        "Research And Development": 1876000.0,
        "Selling General And Administration": 2211000.0,
        "General And Administrative Expense": 2211000.0,
        "Other Gand A": 2211000.0,
        "Total Revenue": 0.0,
        "Operating Revenue": 0.0
    },
    "2022-03-31": {
        "Diluted EPS": -0.56,
        "Total Revenue": NaN,
        "Gross Profit": NaN,
        "Operating Income": -4,
        "EBIT": -4,
        "Net Income": -7
    },
    "2021-12-31": {
        "Diluted EPS": -0.26,
        "Total Revenue": NaN,
        "Gross Profit": NaN,
        "Operating Income": -4,
        "EBIT": -4,
        "Net Income": -4
    },
    "2021-09-30": {
        "Diluted EPS": -0.22,
        "Total Revenue": NaN,
        "Gross Profit": NaN,
        "Operating Income": -3,
        "EBIT": -3,
        "Net Income": -3
    },
    "2021-06-30": {
        "Diluted EPS": -0.25,
        "Total Revenue": NaN,
        "Gross Profit": NaN,
        "Operating Income": -4,
        "EBIT": -4,
        "Net Income": -3
    },
    "2021-03-31": {
        "Diluted EPS": -0.98,
        "Total Revenue": NaN,
        "Gross Profit": NaN,
        "Operating Income": -9,
        "EBIT": -9,
        "Net Income": -11
    },
    "2020-12-31": {
        "Diluted EPS": -0.1,
        "Total Revenue": NaN,
        "Gross Profit": NaN,
        "Operating Income": -1,
        "EBIT": -1,
        "Net Income": -1
    },
    "2020-09-30": {
        "Diluted EPS": -0.21,
        "Total Revenue": NaN,
        "Gross Profit": NaN,
        "Operating Income": -1,
        "EBIT": -1,
        "Net Income": -2
    },
    "2020-06-30": {
        "Diluted EPS": -0.06,
        "Total Revenue": NaN,
        "Gross Profit": NaN,
        "Operating Income": -1,
        "EBIT": -1,
        "Net Income": -1
    },
    "2020-03-31": {
        "Diluted EPS": 0.0,
        "Total Revenue": NaN,
        "Gross Profit": NaN,
        "Operating Income": NaN,
        "EBIT": NaN,
        "Net Income": NaN
    },
    "2019-03-31": {
        "Diluted EPS": 0.0,
        "Total Revenue": NaN,
        "Gross Profit": NaN,
        "Operating Income": NaN,
        "EBIT": NaN,
        "Net Income": NaN
    },
    "2023-06-30": {
        "Tax Effect Of Unusual Items": -26105.254489,
        "Tax Rate For Calcs": 0.023884,
        "Normalized EBITDA": -3904000.0,
        "Total Unusual Items": -1093000.0,
        "Total Unusual Items Excluding Goodwill": -1093000.0,
        "Net Income From Continuing Operation Net Minority Interest": -5919000.0,
        "Reconciled Depreciation": 11000.0,
        "EBITDA": -4997000.0,
        "EBIT": -5008000.0,
        "Net Interest Income": 80000.0,
        "Interest Expense": NaN,
        "Interest Income": 80000.0,
        "Normalized Income": -4852105.254489,
        "Net Income From Continuing And Discontinued Operation": -5919000.0,
        "Total Expenses": 5008000.0,
        "Total Operating Income As Reported": -4997000.0,
        "Diluted Average Shares": 52450.0,
        "Basic Average Shares": 52450.0,
        "Diluted EPS": -133.8,
        "Basic EPS": -133.8,
        "Diluted NI Availto Com Stockholders": -5919000.0,
        "Net Income Common Stockholders": -5919000.0,
        "Net Income": -5919000.0,
        "Minority Interests": 7000.0,
        "Net Income Including Noncontrolling Interests": -5926000.0,
        "Net Income Continuous Operations": -5926000.0,
        "Tax Provision": -145000.0,
        "Pretax Income": -6071000.0,
        "Other Income Expense": -1143000.0,
        "Other Non Operating Income Expenses": NaN,
        "Special Income Charges": NaN,
        "Other Special Charges": NaN,
        "Write Off": NaN,
        "Restructuring And Mergern Acquisition": NaN,
        "Earnings From Equity Interest": -50000.0,
        "Gain On Sale Of Security": -1093000.0,
        "Net Non Operating Interest Income Expense": 80000.0,
        "Interest Expense Non Operating": NaN,
        "Interest Income Non Operating": 80000.0,
        "Operating Income": -5008000.0,
        "Operating Expense": 5008000.0,
        "Depreciation Amortization Depletion Income Statement": 11000.0,
        "Depreciation And Amortization In Income Statement": 11000.0,
        "Depreciation Income Statement": 11000.0,
        "Research And Development": 3627000.0,
        "Selling General And Administration": 1370000.0,
        "General And Administrative Expense": 1370000.0,
        "Other Gand A": 1370000.0,
        "Total Revenue": 0.0,
        "Operating Revenue": 0.0
    },
    "2023-09-30": {
        "Tax Effect Of Unusual Items": -19418.642951,
        "Tax Rate For Calcs": 0.149374,
        "Normalized EBITDA": -5917000.0,
        "Total Unusual Items": -130000.0,
        "Total Unusual Items Excluding Goodwill": -130000.0,
        "Net Income From Continuing Operation Net Minority Interest": -5158000.0,
        "Reconciled Depreciation": 15000.0,
        "EBITDA": -6047000.0,
        "EBIT": -6062000.0,
        "Net Interest Income": 43000.0,
        "Interest Expense": 10000.0,
        "Interest Income": 53000.0,
        "Normalized Income": -5047418.642951,
        "Net Income From Continuing And Discontinued Operation": -5158000.0,
        "Total Expenses": 5945000.0,
        "Total Operating Income As Reported": -5930000.0,
        "Diluted Average Shares": 890050.0,
        "Basic Average Shares": 890050.0,
        "Diluted EPS": -5.8,
        "Basic EPS": -5.8,
        "Diluted NI Availto Com Stockholders": -5158000.0,
        "Net Income Common Stockholders": -5158000.0,
        "Net Income": -5158000.0,
        "Minority Interests": 7000.0,
        "Net Income Including Noncontrolling Interests": -5165000.0,
        "Net Income Continuous Operations": -5165000.0,
        "Tax Provision": -907000.0,
        "Pretax Income": -6072000.0,
        "Other Income Expense": -170000.0,
        "Other Non Operating Income Expenses": NaN,
        "Special Income Charges": -113000.0,
        "Other Special Charges": NaN,
        "Write Off": NaN,
        "Restructuring And Mergern Acquisition": 113000.0,
        "Earnings From Equity Interest": -40000.0,
        "Gain On Sale Of Security": -17000.0,
        "Net Non Operating Interest Income Expense": 43000.0,
        "Interest Expense Non Operating": 10000.0,
        "Interest Income Non Operating": 53000.0,
        "Operating Income": -5945000.0,
        "Operating Expense": 5945000.0,
        "Depreciation Amortization Depletion Income Statement": 15000.0,
        "Depreciation And Amortization In Income Statement": 15000.0,
        "Depreciation Income Statement": 15000.0,
        "Research And Development": 4237000.0,
        "Selling General And Administration": 1693000.0,
        "General And Administrative Expense": 1693000.0,
        "Other Gand A": 1693000.0,
        "Total Revenue": 0.0,
        "Operating Revenue": 0.0
    },
    "2023-12-31": {
        "Tax Effect Of Unusual Items": -8622790.219949,
        "Tax Rate For Calcs": 0.194312,
        "Normalized EBITDA": -4475000.0,
        "Total Unusual Items": -44376000.0,
        "Total Unusual Items Excluding Goodwill": -44376000.0,
        "Net Income From Continuing Operation Net Minority Interest": -39373000.0,
        "Reconciled Depreciation": 15000.0,
        "EBITDA": -48851000.0,
        "EBIT": -48866000.0,
        "Net Interest Income": 66000.0,
        "Interest Expense": 9000.0,
        "Interest Income": 75000.0,
        "Normalized Income": -3619790.219949,
        "Net Income From Continuing And Discontinued Operation": -39373000.0,
        "Total Expenses": 4040000.0,
        "Total Operating Income As Reported": -4025000.0,
        "Diluted Average Shares": 1044850.0,
        "Basic Average Shares": 1044850.0,
        "Diluted EPS": -37.6,
        "Basic EPS": -37.6,
        "Diluted NI Availto Com Stockholders": -39373000.0,
        "Net Income Common Stockholders": -39373000.0,
        "Net Income": -39373000.0,
        "Minority Interests": 5000.0,
        "Net Income Including Noncontrolling Interests": -39378000.0,
        "Net Income Continuous Operations": -39378000.0,
        "Tax Provision": -9497000.0,
        "Pretax Income": -48875000.0,
        "Other Income Expense": -44901000.0,
        "Other Non Operating Income Expenses": -389000.0,
        "Special Income Charges": -45373000.0,
        "Other Special Charges": 3094000.0,
        "Write Off": 47479000.0,
        "Restructuring And Mergern Acquisition": -5200000.0,
        "Earnings From Equity Interest": -136000.0,
        "Gain On Sale Of Security": 997000.0,
        "Net Non Operating Interest Income Expense": 66000.0,
        "Interest Expense Non Operating": 9000.0,
        "Interest Income Non Operating": 75000.0,
        "Operating Income": -4040000.0,
        "Operating Expense": 4040000.0,
        "Depreciation Amortization Depletion Income Statement": 15000.0,
        "Depreciation And Amortization In Income Statement": 15000.0,
        "Depreciation Income Statement": 15000.0,
        "Research And Development": 2771000.0,
        "Selling General And Administration": 1254000.0,
        "General And Administrative Expense": 1254000.0,
        "Other Gand A": 1254000.0,
        "Total Revenue": 0.0,
        "Operating Revenue": 0.0
    },
    "2024-03-31": {
        "Tax Effect Of Unusual Items": -4462080.0,
        "Tax Rate For Calcs": 0.21,
        "Normalized EBITDA": -3644000.0,
        "Total Unusual Items": -21248000.0,
        "Total Unusual Items Excluding Goodwill": -21248000.0,
        "Net Income From Continuing Operation Net Minority Interest": -24889000.0,
        "Reconciled Depreciation": 13000.0,
        "EBITDA": -24892000.0,
        "EBIT": -24905000.0,
        "Net Interest Income": 53000.0,
        "Interest Expense": 7000.0,
        "Interest Income": 60000.0,
        "Normalized Income": -8103080.0,
        "Net Income From Continuing And Discontinued Operation": -24889000.0,
        "Total Expenses": 3260000.0,
        "Total Operating Income As Reported": -3247000.0,
        "Diluted Average Shares": NaN,
        "Basic Average Shares": NaN,
        "Diluted EPS": NaN,
        "Basic EPS": NaN,
        "Diluted NI Availto Com Stockholders": -24889000.0,
        "Net Income Common Stockholders": -24889000.0,
        "Net Income": -24889000.0,
        "Minority Interests": 24000.0,
        "Net Income Including Noncontrolling Interests": -24913000.0,
        "Net Income Continuous Operations": -24913000.0,
        "Tax Provision": 1000.0,
        "Pretax Income": -24912000.0,
        "Other Income Expense": -21705000.0,
        "Other Non Operating Income Expenses": -450000.0,
        "Special Income Charges": -27850000.0,
        "Other Special Charges": 0.0,
        "Write Off": 35206000.0,
        "Restructuring And Mergern Acquisition": -7329000.0,
        "Earnings From Equity Interest": -7000.0,
        "Gain On Sale Of Security": 6602000.0,
        "Net Non Operating Interest Income Expense": 53000.0,
        "Interest Expense Non Operating": 7000.0,
        "Interest Income Non Operating": 60000.0,
        "Operating Income": -3260000.0,
        "Operating Expense": 3260000.0,
        "Depreciation Amortization Depletion Income Statement": 13000.0,
        "Depreciation And Amortization In Income Statement": 13000.0,
        "Depreciation Income Statement": 13000.0,
        "Research And Development": 1899000.0,
        "Selling General And Administration": 1348000.0,
        "General And Administrative Expense": 1348000.0,
        "Other Gand A": 1348000.0,
        "Total Revenue": 0.0,
        "Operating Revenue": 0.0
    },
    "2024-06-30": {
        "Tax Effect Of Unusual Items": 239400.0,
        "Tax Rate For Calcs": 0.21,
        "Normalized EBITDA": -3979000.0,
        "Total Unusual Items": 1140000.0,
        "Total Unusual Items Excluding Goodwill": 1140000.0,
        "Net Income From Continuing Operation Net Minority Interest": -1656000.0,
        "Reconciled Depreciation": 8000.0,
        "EBITDA": -2839000.0,
        "EBIT": -2847000.0,
        "Net Interest Income": 45000.0,
        "Interest Expense": NaN,
        "Interest Income": 45000.0,
        "Normalized Income": -2556600.0,
        "Net Income From Continuing And Discontinued Operation": -1656000.0,
        "Total Expenses": 2847000.0,
        "Total Operating Income As Reported": -2839000.0,
        "Diluted Average Shares": 52450.0,
        "Basic Average Shares": 52450.0,
        "Diluted EPS": -31.6,
        "Basic EPS": -31.6,
        "Diluted NI Availto Com Stockholders": -1656000.0,
        "Net Income Common Stockholders": -1656000.0,
        "Net Income": -1656000.0,
        "Minority Interests": 8000.0,
        "Net Income Including Noncontrolling Interests": -1664000.0,
        "Net Income Continuous Operations": -1664000.0,
        "Tax Provision": 2000.0,
        "Pretax Income": -1662000.0,
        "Other Income Expense": 1140000.0,
        "Other Non Operating Income Expenses": NaN,
        "Special Income Charges": NaN,
        "Other Special Charges": NaN,
        "Write Off": NaN,
        "Restructuring And Mergern Acquisition": NaN,
        "Earnings From Equity Interest": 0.0,
        "Gain On Sale Of Security": 1140000.0,
        "Net Non Operating Interest Income Expense": 45000.0,
        "Interest Expense Non Operating": NaN,
        "Interest Income Non Operating": 45000.0,
        "Operating Income": -2847000.0,
        "Operating Expense": 2847000.0,
        "Depreciation Amortization Depletion Income Statement": 8000.0,
        "Depreciation And Amortization In Income Statement": 8000.0,
        "Depreciation Income Statement": 8000.0,
        "Research And Development": 1305000.0,
        "Selling General And Administration": 1534000.0,
        "General And Administrative Expense": 1534000.0,
        "Other Gand A": 1534000.0,
        "Total Revenue": 0.0,
        "Operating Revenue": 0.0
    }
}