{
    "2023-03-31": {
        "Tax Effect Of Unusual Items": 29368706.009746,
        "Tax Rate For Calcs": 0.206822,
        "Total Unusual Items": 142000000.0,
        "Total Unusual Items Excluding Goodwill": 142000000.0,
        "Net Income From Continuing Operation Net Minority Interest": 1462000000.0,
        "Reconciled Depreciation": 41000000.0,
        "EBIT": 2288000000.0,
        "Net Interest Income": -441000000.0,
        "Interest Expense": 441000000.0,
        "Normalized Income": 1349368706.009746,
        "Net Income From Continuing And Discontinued Operation": 1462000000.0,
        "Total Expenses": 13701000000.0,
        "Diluted Average Shares": 367700000.0,
        "Basic Average Shares": 366500000.0,
        "Diluted EPS": 3.93,
        "Basic EPS": 3.94,
        "Diluted NI Availto Com Stockholders": 1444000000.0,
        "Average Dilution Earnings": NaN,
        "Net Income Common Stockholders": 1444000000.0,
        "Otherunder Preferred Stock Dividend": 18000000.0,
        "Net Income": 1462000000.0,
        "Minority Interests": -15000000.0,
        "Net Income Including Noncontrolling Interests": 1477000000.0,
        "Net Income Continuous Operations": 1477000000.0,
        "Earnings From Equity Interest Net Of Tax": 12000000.0,
        "Tax Provision": 382000000.0,
        "Pretax Income": 1847000000.0,
        "Other Income Expense": 1019000000.0,
        "Special Income Charges": 142000000.0,
        "Other Special Charges": -142000000.0,
        "Net Non Operating Interest Income Expense": -441000000.0,
        "Interest Expense Non Operating": 441000000.0,
        "Other Operating Expenses": -13000000.0,
        "Selling General And Administration": 3245000000.0,
        "General And Administrative Expense": 3245000000.0,
        "Other Gand A": 3245000000.0,
        "Total Revenue": 15548000000.0,
        "Operating Revenue": 15548000000.0
    },
    "2022-12-31": {
        "Tax Effect Of Unusual Items": -119500000.0,
        "Tax Rate For Calcs": 0.125,
        "Total Unusual Items": -956000000.0,
        "Total Unusual Items Excluding Goodwill": -956000000.0,
        "Net Income From Continuing Operation Net Minority Interest": -52000000.0,
        "Reconciled Depreciation": 62000000.0,
        "EBIT": 377000000.0,
        "Net Interest Income": -417000000.0,
        "Interest Expense": 417000000.0,
        "Normalized Income": 784500000.0,
        "Net Income From Continuing And Discontinued Operation": -52000000.0,
        "Total Expenses": 11951000000.0,
        "Diluted Average Shares": 369400000.0,
        "Basic Average Shares": 367600000.0,
        "Diluted EPS": -0.16,
        "Basic EPS": -0.15778,
        "Diluted NI Availto Com Stockholders": -58000000.0,
        "Average Dilution Earnings": 0.0,
        "Net Income Common Stockholders": -58000000.0,
        "Otherunder Preferred Stock Dividend": 6000000.0,
        "Net Income": -52000000.0,
        "Minority Interests": -8000000.0,
        "Net Income Including Noncontrolling Interests": -44000000.0,
        "Net Income Continuous Operations": -44000000.0,
        "Earnings From Equity Interest Net Of Tax": -9000000.0,
        "Tax Provision": -5000000.0,
        "Pretax Income": -40000000.0,
        "Other Income Expense": 1601000000.0,
        "Special Income Charges": -956000000.0,
        "Other Special Charges": 956000000.0,
        "Net Non Operating Interest Income Expense": -417000000.0,
        "Interest Expense Non Operating": 417000000.0,
        "Other Operating Expenses": NaN,
        "Selling General And Administration": 3372000000.0,
        "General And Administrative Expense": 3372000000.0,
        "Other Gand A": 3372000000.0,
        "Total Revenue": 11911000000.0,
        "Operating Revenue": 11911000000.0
    },
    "2022-09-30": {
        "Tax Effect Of Unusual Items": 7789473.684211,
        "Tax Rate For Calcs": 0.338673,
        "Total Unusual Items": 23000000.0,
        "Total Unusual Items Excluding Goodwill": 23000000.0,
        "Net Income From Continuing Operation Net Minority Interest": -284000000.0,
        "Reconciled Depreciation": -126000000.0,
        "EBIT": -30000000.0,
        "Net Interest Income": -407000000.0,
        "Interest Expense": 407000000.0,
        "Normalized Income": -299210526.315789,
        "Net Income From Continuing And Discontinued Operation": -284000000.0,
        "Total Expenses": 20584000000.0,
        "Diluted Average Shares": 371000000.0,
        "Basic Average Shares": 371000000.0,
        "Diluted EPS": -0.26,
        "Basic EPS": -0.26,
        "Diluted NI Availto Com Stockholders": -290000000.0,
        "Average Dilution Earnings": 0.0,
        "Net Income Common Stockholders": -290000000.0,
        "Otherunder Preferred Stock Dividend": 6000000.0,
        "Net Income": -284000000.0,
        "Minority Interests": 6000000.0,
        "Net Income Including Noncontrolling Interests": -290000000.0,
        "Net Income Continuous Operations": -290000000.0,
        "Earnings From Equity Interest Net Of Tax": -1000000.0,
        "Tax Provision": -148000000.0,
        "Pretax Income": -437000000.0,
        "Other Income Expense": -1083000000.0,
        "Special Income Charges": 23000000.0,
        "Other Special Charges": -23000000.0,
        "Net Non Operating Interest Income Expense": -407000000.0,
        "Interest Expense Non Operating": 407000000.0,
        "Other Operating Expenses": -11000000.0,
        "Selling General And Administration": 3063000000.0,
        "General And Administrative Expense": 3063000000.0,
        "Other Gand A": 3063000000.0,
        "Total Revenue": 20147000000.0,
        "Operating Revenue": 20147000000.0
    },
    "2022-06-30": {
        "Tax Effect Of Unusual Items": 378400000.0,
        "Tax Rate For Calcs": 0.4,
        "Total Unusual Items": 946000000.0,
        "Total Unusual Items Excluding Goodwill": 946000000.0,
        "Net Income From Continuing Operation Net Minority Interest": -565000000.0,
        "Reconciled Depreciation": 170000000.0,
        "EBIT": -110000000.0,
        "Net Interest Income": -401000000.0,
        "Interest Expense": 401000000.0,
        "Normalized Income": -1132600000.0,
        "Net Income From Continuing And Discontinued Operation": -565000000.0,
        "Total Expenses": 11935000000.0,
        "Diluted Average Shares": 374400000.0,
        "Basic Average Shares": 374400000.0,
        "Diluted EPS": -2.71,
        "Basic EPS": -2.71,
        "Diluted NI Availto Com Stockholders": -571000000.0,
        "Average Dilution Earnings": NaN,
        "Net Income Common Stockholders": -571000000.0,
        "Otherunder Preferred Stock Dividend": 6000000.0,
        "Net Income": -565000000.0,
        "Minority Interests": 7000000.0,
        "Net Income Including Noncontrolling Interests": -572000000.0,
        "Net Income Continuous Operations": -572000000.0,
        "Earnings From Equity Interest Net Of Tax": -50000000.0,
        "Tax Provision": 11000000.0,
        "Pretax Income": -511000000.0,
        "Other Income Expense": 580000000.0,
        "Special Income Charges": 946000000.0,
        "Other Special Charges": -946000000.0,
        "Net Non Operating Interest Income Expense": -401000000.0,
        "Interest Expense Non Operating": 401000000.0,
        "Other Operating Expenses": -9000000.0,
        "Selling General And Administration": 3061000000.0,
        "General And Administrative Expense": 3061000000.0,
        "Other Gand A": 3061000000.0,
        "Total Revenue": 11424000000.0,
        "Operating Revenue": 11424000000.0
    },
    "2023-06-30": {
        "Tax Effect Of Unusual Items": 792270.531401,
        "Tax Rate For Calcs": 0.198068,
        "Total Unusual Items": 4000000.0,
        "Total Unusual Items Excluding Goodwill": 4000000.0,
        "Net Income From Continuing Operation Net Minority Interest": 511000000.0,
        "Reconciled Depreciation": 5000000.0,
        "EBIT": 1082000000.0,
        "Net Interest Income": -461000000.0,
        "Interest Expense": 461000000.0,
        "Normalized Income": 507792270.531401,
        "Net Income From Continuing And Discontinued Operation": 511000000.0,
        "Total Expenses": 11274000000.0,
        "Diluted Average Shares": 366100000.0,
        "Basic Average Shares": 364800000.0,
        "Diluted EPS": 1.38,
        "Basic EPS": 1.38,
        "Diluted NI Availto Com Stockholders": 505000000.0,
        "Average Dilution Earnings": 0.0,
        "Net Income Common Stockholders": 505000000.0,
        "Otherunder Preferred Stock Dividend": 6000000.0,
        "Net Income": 511000000.0,
        "Minority Interests": 15000000.0,
        "Net Income Including Noncontrolling Interests": 496000000.0,
        "Net Income Continuous Operations": 496000000.0,
        "Earnings From Equity Interest Net Of Tax": -2000000.0,
        "Tax Provision": 123000000.0,
        "Pretax Income": 621000000.0,
        "Other Income Expense": 1044000000.0,
        "Special Income Charges": 4000000.0,
        "Other Special Charges": -4000000.0,
        "Net Non Operating Interest Income Expense": -461000000.0,
        "Interest Expense Non Operating": 461000000.0,
        "Other Operating Expenses": -12000000.0,
        "Selling General And Administration": 3112000000.0,
        "General And Administrative Expense": 3112000000.0,
        "Other Gand A": 3112000000.0,
        "Total Revenue": 11895000000.0,
        "Operating Revenue": 11895000000.0
    },
    "2022-03-31": {
        "Diluted EPS": -1.33,
        "Total Revenue": NaN,
        "Gross Profit": NaN,
        "Operating Income": -658,
        "EBIT": -643,
        "Net Income": -493
    },
    "2021-12-31": {
        "Diluted EPS": 3.23,
        "Total Revenue": NaN,
        "Gross Profit": NaN,
        "Operating Income": NaN,
        "EBIT": NaN,
        "Net Income": NaN
    },
    "2021-09-30": {
        "Diluted EPS": 3.9,
        "Total Revenue": NaN,
        "Gross Profit": NaN,
        "Operating Income": NaN,
        "EBIT": NaN,
        "Net Income": NaN
    },
    "2021-06-30": {
        "Diluted EPS": 5.4,
        "Total Revenue": NaN,
        "Gross Profit": NaN,
        "Operating Income": NaN,
        "EBIT": NaN,
        "Net Income": NaN
    },
    "2021-03-31": {
        "Diluted EPS": 6.98,
        "Total Revenue": NaN,
        "Gross Profit": NaN,
        "Operating Income": NaN,
        "EBIT": NaN,
        "Net Income": NaN
    },
    "2020-12-31": {
        "Diluted EPS": 2.12,
        "Total Revenue": NaN,
        "Gross Profit": NaN,
        "Operating Income": 900,
        "EBIT": 909,
        "Net Income": 819
    },
    "2020-09-30": {
        "Diluted EPS": 3.7,
        "Total Revenue": NaN,
        "Gross Profit": NaN,
        "Operating Income": NaN,
        "EBIT": NaN,
        "Net Income": NaN
    },
    "2020-06-30": {
        "Diluted EPS": -6.12,
        "Total Revenue": NaN,
        "Gross Profit": NaN,
        "Operating Income": NaN,
        "EBIT": NaN,
        "Net Income": NaN
    },
    "2020-03-31": {
        "Diluted EPS": -0.7,
        "Total Revenue": NaN,
        "Gross Profit": NaN,
        "Operating Income": -338,
        "EBIT": -9,
        "Net Income": -271
    },
    "2019-12-31": {
        "Diluted EPS": 2.74,
        "Total Revenue": NaN,
        "Gross Profit": NaN,
        "Operating Income": NaN,
        "EBIT": NaN,
        "Net Income": NaN
    },
    "2019-09-30": {
        "Diluted EPS": 3.44,
        "Total Revenue": NaN,
        "Gross Profit": NaN,
        "Operating Income": NaN,
        "EBIT": NaN,
        "Net Income": NaN
    },
    "2019-06-30": {
        "Diluted EPS": 1.71,
        "Total Revenue": NaN,
        "Gross Profit": NaN,
        "Operating Income": 876,
        "EBIT": 767,
        "Net Income": 708
    },
    "2019-03-31": {
        "Diluted EPS": 2.22,
        "Total Revenue": NaN,
        "Gross Profit": NaN,
        "Operating Income": NaN,
        "EBIT": NaN,
        "Net Income": 932
    },
    "2018-12-31": {
        "Diluted EPS": 2.0,
        "Total Revenue": NaN,
        "Gross Profit": NaN,
        "Operating Income": NaN,
        "EBIT": NaN,
        "Net Income": 842
    },
    "2018-09-30": {
        "Diluted EPS": 3.9,
        "Total Revenue": NaN,
        "Gross Profit": NaN,
        "Operating Income": NaN,
        "EBIT": NaN,
        "Net Income": NaN
    },
    "2018-06-30": {
        "Diluted EPS": 0.46,
        "Total Revenue": NaN,
        "Gross Profit": NaN,
        "Operating Income": 250,
        "EBIT": 320,
        "Net Income": 197
    },
    "2018-03-31": {
        "Diluted EPS": 3.14,
        "Total Revenue": NaN,
        "Gross Profit": NaN,
        "Operating Income": NaN,
        "EBIT": NaN,
        "Net Income": NaN
    },
    "2017-12-31": {
        "Diluted EPS": 8.56,
        "Total Revenue": NaN,
        "Gross Profit": NaN,
        "Operating Income": NaN,
        "EBIT": NaN,
        "Net Income": NaN
    },
    "2017-09-30": {
        "Diluted EPS": 5.09,
        "Total Revenue": NaN,
        "Gross Profit": NaN,
        "Operating Income": NaN,
        "EBIT": NaN,
        "Net Income": NaN
    },
    "2017-06-30": {
        "Diluted EPS": 1.12,
        "Total Revenue": NaN,
        "Gross Profit": NaN,
        "Operating Income": 608,
        "EBIT": 765,
        "Net Income": 491
    },
    "2017-03-31": {
        "Diluted EPS": 3.09,
        "Total Revenue": NaN,
        "Gross Profit": NaN,
        "Operating Income": NaN,
        "EBIT": NaN,
        "Net Income": NaN
    },
    "2016-12-31": {
        "Diluted EPS": 0.67,
        "Total Revenue": NaN,
        "Gross Profit": NaN,
        "Operating Income": 317,
        "EBIT": 233,
        "Net Income": 284
    },
    "2016-09-30": {
        "Diluted EPS": 4.07,
        "Total Revenue": NaN,
        "Gross Profit": NaN,
        "Operating Income": NaN,
        "EBIT": NaN,
        "Net Income": NaN
    },
    "2016-06-30": {
        "Diluted EPS": 2.04,
        "Total Revenue": NaN,
        "Gross Profit": NaN,
        "Operating Income": NaN,
        "EBIT": NaN,
        "Net Income": 921
    },
    "2016-03-31": {
        "Diluted EPS": 2.93,
        "Total Revenue": NaN,
        "Gross Profit": NaN,
        "Operating Income": NaN,
        "EBIT": NaN,
        "Net Income": NaN
    },
    "2015-12-31": {
        "Diluted EPS": 1.61,
        "Total Revenue": NaN,
        "Gross Profit": NaN,
        "Operating Income": 843,
        "EBIT": 830,
        "Net Income": 735
    },
    "2015-09-30": {
        "Diluted EPS": 3.16,
        "Total Revenue": NaN,
        "Gross Profit": NaN,
        "Operating Income": NaN,
        "EBIT": NaN,
        "Net Income": NaN
    },
    "2015-06-30": {
        "Diluted EPS": 3.03,
        "Total Revenue": NaN,
        "Gross Profit": NaN,
        "Operating Income": NaN,
        "EBIT": NaN,
        "Net Income": NaN
    },
    "2015-03-31": {
        "Diluted EPS": 4.37,
        "Total Revenue": NaN,
        "Gross Profit": NaN,
        "Operating Income": NaN,
        "EBIT": NaN,
        "Net Income": NaN
    },
    "2014-12-31": {
        "Diluted EPS": -2.57,
        "Total Revenue": NaN,
        "Gross Profit": NaN,
        "Operating Income": NaN,
        "EBIT": NaN,
        "Net Income": NaN
    },
    "2014-09-30": {
        "Diluted EPS": 0.99,
        "Total Revenue": NaN,
        "Gross Profit": NaN,
        "Operating Income": 284,
        "EBIT": 559,
        "Net Income": 512
    },
    "2014-06-30": {
        "Diluted EPS": 2.22,
        "Total Revenue": NaN,
        "Gross Profit": NaN,
        "Operating Income": NaN,
        "EBIT": NaN,
        "Net Income": NaN
    },
    "2014-03-31": {
        "Diluted EPS": 2.59,
        "Total Revenue": NaN,
        "Gross Profit": NaN,
        "Operating Income": NaN,
        "EBIT": NaN,
        "Net Income": NaN
    },
    "2013-12-31": {
        "Diluted EPS": -0.89,
        "Total Revenue": NaN,
        "Gross Profit": NaN,
        "Operating Income": -882,
        "EBIT": -809,
        "Net Income": -460
    },
    "2013-09-30": {
        "Diluted EPS": 2.04,
        "Total Revenue": NaN,
        "Gross Profit": NaN,
        "Operating Income": NaN,
        "EBIT": NaN,
        "Net Income": NaN
    },
    "2013-06-30": {
        "Diluted EPS": -1.12,
        "Total Revenue": NaN,
        "Gross Profit": NaN,
        "Operating Income": -769,
        "EBIT": -717,
        "Net Income": -514
    },
    "2013-03-31": {
        "Diluted EPS": -1.58,
        "Total Revenue": NaN,
        "Gross Profit": NaN,
        "Operating Income": NaN,
        "EBIT": NaN,
        "Net Income": -720
    },
    "2012-12-31": {
        "Diluted EPS": -0.27,
        "Total Revenue": NaN,
        "Gross Profit": NaN,
        "Operating Income": -568,
        "EBIT": -496,
        "Net Income": -181
    },
    "2012-09-30": {
        "Diluted EPS": -1.34,
        "Total Revenue": NaN,
        "Gross Profit": NaN,
        "Operating Income": -930,
        "EBIT": -903,
        "Net Income": -584
    },
    "2012-06-30": {
        "Diluted EPS": 4.69,
        "Total Revenue": NaN,
        "Gross Profit": NaN,
        "Operating Income": NaN,
        "EBIT": NaN,
        "Net Income": NaN
    },
    "2012-03-31": {
        "Diluted EPS": -2.03,
        "Total Revenue": NaN,
        "Gross Profit": NaN,
        "Operating Income": -763,
        "EBIT": -658,
        "Net Income": -939
    },
    "2011-12-31": {
        "Diluted EPS": 1.26,
        "Total Revenue": NaN,
        "Gross Profit": NaN,
        "Operating Income": 846,
        "EBIT": 934,
        "Net Income": 688
    },
    "2011-09-30": {
        "Diluted EPS": 3.18,
        "Total Revenue": NaN,
        "Gross Profit": NaN,
        "Operating Income": NaN,
        "EBIT": NaN,
        "Net Income": NaN
    },
    "2011-06-30": {
        "Diluted EPS": 1.58,
        "Total Revenue": NaN,
        "Gross Profit": NaN,
        "Operating Income": NaN,
        "EBIT": NaN,
        "Net Income": 789
    },
    "2011-03-31": {
        "Diluted EPS": 1.1,
        "Total Revenue": NaN,
        "Gross Profit": NaN,
        "Operating Income": 628,
        "EBIT": 609,
        "Net Income": 561
    },
    "2010-12-31": {
        "Diluted EPS": 0.01,
        "Total Revenue": NaN,
        "Gross Profit": NaN,
        "Operating Income": -125,
        "EBIT": -173,
        "Net Income": -17
    },
    "2010-09-30": {
        "Diluted EPS": 2.46,
        "Total Revenue": NaN,
        "Gross Profit": NaN,
        "Operating Income": NaN,
        "EBIT": NaN,
        "Net Income": NaN
    },
    "2010-06-30": {
        "Diluted EPS": 1.7,
        "Total Revenue": NaN,
        "Gross Profit": NaN,
        "Operating Income": NaN,
        "EBIT": NaN,
        "Net Income": NaN
    },
    "2010-03-31": {
        "Diluted EPS": 1.15,
        "Total Revenue": NaN,
        "Gross Profit": NaN,
        "Operating Income": NaN,
        "EBIT": 978,
        "Net Income": 697
    },
    "2009-12-31": {
        "Diluted EPS": 4.02,
        "Total Revenue": NaN,
        "Gross Profit": NaN,
        "Operating Income": 683,
        "EBIT": 700,
        "Net Income": NaN
    },
    "2009-09-30": {
        "Diluted EPS": 2.35,
        "Total Revenue": NaN,
        "Gross Profit": NaN,
        "Operating Income": 848,
        "EBIT": 814,
        "Net Income": NaN
    },
    "2009-06-30": {
        "Diluted EPS": 1.25,
        "Total Revenue": NaN,
        "Gross Profit": NaN,
        "Operating Income": -10,
        "EBIT": 40,
        "Net Income": 163
    },
    "2009-03-31": {
        "Diluted EPS": 0.01,
        "Total Revenue": NaN,
        "Gross Profit": NaN,
        "Operating Income": 3,
        "EBIT": 145,
        "Net Income": 14
    },
    "2023-09-30": {
        "Tax Effect Of Unusual Items": 21114366.729679,
        "Tax Rate For Calcs": 0.23724,
        "Total Unusual Items": 89000000.0,
        "Total Unusual Items Excluding Goodwill": 89000000.0,
        "Net Income From Continuing Operation Net Minority Interest": -802000000.0,
        "Reconciled Depreciation": -45000000.0,
        "EBIT": -636000000.0,
        "Net Interest Income": -422000000.0,
        "Interest Expense": 422000000.0,
        "Normalized Income": -869885633.270321,
        "Net Income From Continuing And Discontinued Operation": -802000000.0,
        "Total Expenses": 8442000000.0,
        "Diluted Average Shares": 362600000.0,
        "Basic Average Shares": 362600000.0,
        "Diluted EPS": -2.23,
        "Basic EPS": -2.23,
        "Diluted NI Availto Com Stockholders": -807000000.0,
        "Average Dilution Earnings": 0.0,
        "Net Income Common Stockholders": -807000000.0,
        "Otherunder Preferred Stock Dividend": 5000000.0,
        "Net Income": -802000000.0,
        "Minority Interests": -11000000.0,
        "Net Income Including Noncontrolling Interests": -791000000.0,
        "Net Income Continuous Operations": -791000000.0,
        "Earnings From Equity Interest Net Of Tax": 16000000.0,
        "Tax Provision": -251000000.0,
        "Pretax Income": -1058000000.0,
        "Other Income Expense": 197000000.0,
        "Special Income Charges": 89000000.0,
        "Other Special Charges": -89000000.0,
        "Net Non Operating Interest Income Expense": -422000000.0,
        "Interest Expense Non Operating": 422000000.0,
        "Other Operating Expenses": -9000000.0,
        "Selling General And Administration": 3122000000.0,
        "General And Administrative Expense": 3122000000.0,
        "Other Gand A": 3122000000.0,
        "Total Revenue": 7384000000.0,
        "Operating Revenue": 7384000000.0
    }
}