{
    "2023-03-31": {
        "Tax Effect Of Unusual Items": 44823450.0,
        "Tax Rate For Calcs": 0.21,
        "Normalized EBITDA": -158875000.0,
        "Total Unusual Items": 213445000.0,
        "Total Unusual Items Excluding Goodwill": 213445000.0,
        "Net Income From Continuing Operation Net Minority Interest": -8977000.0,
        "Reconciled Depreciation": 31995000.0,
        "Reconciled Cost Of Revenue": 527596000.0,
        "EBITDA": 54570000.0,
        "EBIT": 22575000.0,
        "Net Interest Income": -20628000.0,
        "Interest Expense": 29158000.0,
        "Interest Income": 8530000.0,
        "Normalized Income": -177598550.0,
        "Net Income From Continuing And Discontinued Operation": -8977000.0,
        "Total Expenses": 745418000.0,
        "Total Operating Income As Reported": -199400000.0,
        "Diluted Average Shares": 2109942498.0,
        "Basic Average Shares": 2109942498.0,
        "Diluted EPS": -0.017865,
        "Basic EPS": -0.017865,
        "Diluted NI Availto Com Stockholders": -8977000.0,
        "Net Income Common Stockholders": -8977000.0,
        "Net Income": -8977000.0,
        "Net Income Including Noncontrolling Interests": -8977000.0,
        "Net Income Continuous Operations": -8977000.0,
        "Tax Provision": 2394000.0,
        "Pretax Income": -6583000.0,
        "Other Income Expense": 213445000.0,
        "Special Income Charges": 206195000.0,
        "Restructuring And Mergern Acquisition": -206195000.0,
        "Earnings From Equity Interest": NaN,
        "Gain On Sale Of Security": 7250000.0,
        "Net Non Operating Interest Income Expense": -20628000.0,
        "Interest Expense Non Operating": 29158000.0,
        "Interest Income Non Operating": 8530000.0,
        "Operating Income": -199400000.0,
        "Operating Expense": 217822000.0,
        "Other Operating Expenses": -6884000.0,
        "Research And Development": 35701000.0,
        "Selling General And Administration": 189005000.0,
        "General And Administrative Expense": 189005000.0,
        "Other Gand A": 189005000.0,
        "Gross Profit": 18422000.0,
        "Cost Of Revenue": 527596000.0,
        "Total Revenue": 546018000.0,
        "Operating Revenue": 540692000.0
    },
    "2022-12-31": {
        "Tax Effect Of Unusual Items": NaN,
        "Tax Rate For Calcs": NaN,
        "Normalized EBITDA": NaN,
        "Total Unusual Items": NaN,
        "Total Unusual Items Excluding Goodwill": NaN,
        "Net Income From Continuing Operation Net Minority Interest": NaN,
        "Reconciled Depreciation": 18329000.0,
        "Reconciled Cost Of Revenue": NaN,
        "EBITDA": NaN,
        "EBIT": NaN,
        "Net Interest Income": NaN,
        "Interest Expense": NaN,
        "Interest Income": NaN,
        "Normalized Income": NaN,
        "Net Income From Continuing And Discontinued Operation": NaN,
        "Total Expenses": NaN,
        "Total Operating Income As Reported": NaN,
        "Diluted Average Shares": 2109911248.0,
        "Basic Average Shares": 2109911248.0,
        "Diluted EPS": -0.124384,
        "Basic EPS": -0.124384,
        "Diluted NI Availto Com Stockholders": NaN,
        "Net Income Common Stockholders": NaN,
        "Net Income": NaN,
        "Net Income Including Noncontrolling Interests": NaN,
        "Net Income Continuous Operations": NaN,
        "Tax Provision": NaN,
        "Pretax Income": NaN,
        "Other Income Expense": NaN,
        "Special Income Charges": NaN,
        "Restructuring And Mergern Acquisition": NaN,
        "Earnings From Equity Interest": NaN,
        "Gain On Sale Of Security": NaN,
        "Net Non Operating Interest Income Expense": NaN,
        "Interest Expense Non Operating": NaN,
        "Interest Income Non Operating": NaN,
        "Operating Income": NaN,
        "Operating Expense": NaN,
        "Other Operating Expenses": NaN,
        "Research And Development": NaN,
        "Selling General And Administration": NaN,
        "General And Administrative Expense": 239174000.0,
        "Other Gand A": 239174000.0,
        "Gross Profit": NaN,
        "Cost Of Revenue": NaN,
        "Total Revenue": NaN,
        "Operating Revenue": NaN
    },
    "2022-09-30": {
        "Tax Effect Of Unusual Items": 9946986.886096,
        "Tax Rate For Calcs": 0.01773,
        "Normalized EBITDA": -126327000.0,
        "Total Unusual Items": 561020000.0,
        "Total Unusual Items Excluding Goodwill": 561020000.0,
        "Net Income From Continuing Operation Net Minority Interest": 299387000.0,
        "Reconciled Depreciation": 69363000.0,
        "Reconciled Cost Of Revenue": 431390000.0,
        "EBITDA": 434693000.0,
        "EBIT": 365330000.0,
        "Net Interest Income": -59828000.0,
        "Interest Expense": 60539000.0,
        "Interest Income": 711000.0,
        "Normalized Income": -251686013.113904,
        "Net Income From Continuing And Discontinued Operation": 299387000.0,
        "Total Expenses": 631850000.0,
        "Total Operating Income As Reported": -196401000.0,
        "Diluted Average Shares": 2109587244.0,
        "Basic Average Shares": 2109199199.0,
        "Diluted EPS": 0.14,
        "Basic EPS": 0.14,
        "Diluted NI Availto Com Stockholders": 299387000.0,
        "Net Income Common Stockholders": 299387000.0,
        "Net Income": 299387000.0,
        "Net Income Including Noncontrolling Interests": 299387000.0,
        "Net Income Continuous Operations": 299387000.0,
        "Tax Provision": 5404000.0,
        "Pretax Income": 304791000.0,
        "Other Income Expense": 561020000.0,
        "Special Income Charges": 546961000.0,
        "Restructuring And Mergern Acquisition": -546961000.0,
        "Gain On Sale Of Security": 14059000.0,
        "Net Non Operating Interest Income Expense": -59828000.0,
        "Interest Expense Non Operating": 60539000.0,
        "Interest Income Non Operating": 711000.0,
        "Operating Income": -196401000.0,
        "Operating Expense": 200460000.0,
        "Other Operating Expenses": -2781000.0,
        "Research And Development": 24598000.0,
        "Selling General And Administration": 178643000.0,
        "General And Administrative Expense": 178643000.0,
        "Other Gand A": 178643000.0,
        "Gross Profit": 4059000.0,
        "Cost Of Revenue": 431390000.0,
        "Total Revenue": 435449000.0,
        "Operating Revenue": 434471000.0
    },
    "2022-06-30": {
        "Tax Effect Of Unusual Items": 27168000.0,
        "Tax Rate For Calcs": 0.4,
        "Normalized EBITDA": -226181000.0,
        "Total Unusual Items": 67920000.0,
        "Total Unusual Items Excluding Goodwill": 67920000.0,
        "Net Income From Continuing Operation Net Minority Interest": -228244000.0,
        "Reconciled Depreciation": 33747000.0,
        "Reconciled Cost Of Revenue": 528389000.0,
        "EBITDA": -158261000.0,
        "EBIT": -192008000.0,
        "Net Interest Income": -38474000.0,
        "Interest Expense": 33495000.0,
        "Interest Income": -4979000.0,
        "Normalized Income": -268996000.0,
        "Net Income From Continuing And Discontinued Operation": -228244000.0,
        "Total Expenses": 844019000.0,
        "Total Operating Income As Reported": -627267000.0,
        "Diluted Average Shares": 1950335837.0,
        "Basic Average Shares": 1950335837.0,
        "Diluted EPS": -0.12,
        "Basic EPS": -0.12,
        "Diluted NI Availto Com Stockholders": -228244000.0,
        "Net Income Common Stockholders": -228244000.0,
        "Net Income": -228244000.0,
        "Net Income Including Noncontrolling Interests": -228244000.0,
        "Net Income Continuous Operations": -228244000.0,
        "Tax Provision": 2741000.0,
        "Pretax Income": -225503000.0,
        "Other Income Expense": 67920000.0,
        "Special Income Charges": -372318000.0,
        "Restructuring And Mergern Acquisition": 372318000.0,
        "Gain On Sale Of Security": 440238000.0,
        "Net Non Operating Interest Income Expense": -38474000.0,
        "Interest Expense Non Operating": 33495000.0,
        "Interest Income Non Operating": -4979000.0,
        "Operating Income": -254949000.0,
        "Operating Expense": 315630000.0,
        "Other Operating Expenses": 14733000.0,
        "Research And Development": 66670000.0,
        "Selling General And Administration": 234227000.0,
        "General And Administrative Expense": 234227000.0,
        "Other Gand A": 234227000.0,
        "Gross Profit": 60681000.0,
        "Cost Of Revenue": 528389000.0,
        "Total Revenue": 589070000.0,
        "Operating Revenue": 592307000.0
    },
    "2022-03-31": {
        "Diluted EPS": -0.14,
        "Total Revenue": 452,
        "Gross Profit": -7,
        "Operating Income": -258,
        "EBIT": -221,
        "Net Income": -274
    },
    "2021-12-31": {
        "Diluted EPS": 3.02,
        "Total Revenue": NaN,
        "Gross Profit": NaN,
        "Operating Income": NaN,
        "EBIT": NaN,
        "Net Income": -972
    },
    "2021-09-30": {
        "Diluted EPS": -0.23,
        "Total Revenue": NaN,
        "Gross Profit": NaN,
        "Operating Income": -23,
        "EBIT": -23,
        "Net Income": -23
    },
    "2021-06-30": {
        "Diluted EPS": -0.15,
        "Total Revenue": NaN,
        "Gross Profit": NaN,
        "Operating Income": -11,
        "EBIT": -11,
        "Net Income": -11
    },
    "2021-03-31": {
        "Diluted EPS": -3.17,
        "Total Revenue": NaN,
        "Gross Profit": NaN,
        "Operating Income": -1,
        "EBIT": -1,
        "Net Income": -1
    },
    "2020-12-31": {
        "Diluted EPS": 0.0,
        "Total Revenue": NaN,
        "Gross Profit": NaN,
        "Operating Income": NaN,
        "EBIT": NaN,
        "Net Income": NaN
    },
    "2023-06-30": {
        "Tax Effect Of Unusual Items": 6363000.0,
        "Tax Rate For Calcs": 0.21,
        "Normalized EBITDA": -242234000.0,
        "Total Unusual Items": 30300000.0,
        "Total Unusual Items Excluding Goodwill": 30300000.0,
        "Net Income From Continuing Operation Net Minority Interest": -304057000.0,
        "Reconciled Depreciation": 25079000.0,
        "Reconciled Cost Of Revenue": 686057000.0,
        "EBITDA": -211934000.0,
        "EBIT": -237013000.0,
        "Net Interest Income": -57399000.0,
        "Interest Expense": 64436000.0,
        "Interest Income": 7037000.0,
        "Normalized Income": -327994000.0,
        "Net Income From Continuing And Discontinued Operation": -304057000.0,
        "Total Expenses": 959597000.0,
        "Total Operating Income As Reported": -274350000.0,
        "Diluted Average Shares": 2109975806.0,
        "Basic Average Shares": 2109975806.0,
        "Diluted EPS": -0.14,
        "Basic EPS": -0.14,
        "Diluted NI Availto Com Stockholders": -304057000.0,
        "Net Income Common Stockholders": -304057000.0,
        "Net Income": -304057000.0,
        "Net Income Including Noncontrolling Interests": -304057000.0,
        "Net Income Continuous Operations": -304057000.0,
        "Tax Provision": 2608000.0,
        "Pretax Income": -301449000.0,
        "Other Income Expense": 30300000.0,
        "Special Income Charges": 0.0,
        "Restructuring And Mergern Acquisition": 0.0,
        "Earnings From Equity Interest": NaN,
        "Gain On Sale Of Security": 30300000.0,
        "Net Non Operating Interest Income Expense": -57399000.0,
        "Interest Expense Non Operating": 64436000.0,
        "Interest Income Non Operating": 7037000.0,
        "Operating Income": -274350000.0,
        "Operating Expense": 273540000.0,
        "Other Operating Expenses": -31697000.0,
        "Research And Development": 45610000.0,
        "Selling General And Administration": 259627000.0,
        "General And Administrative Expense": 259627000.0,
        "Other Gand A": 259627000.0,
        "Gross Profit": -810000.0,
        "Cost Of Revenue": 686057000.0,
        "Total Revenue": 685247000.0,
        "Operating Revenue": 678746000.0
    },
    "2023-09-30": {
        "Tax Effect Of Unusual Items": 34189470.0,
        "Tax Rate For Calcs": 0.21,
        "Normalized EBITDA": -207783000.0,
        "Total Unusual Items": 162807000.0,
        "Total Unusual Items Excluding Goodwill": 162807000.0,
        "Net Income From Continuing Operation Net Minority Interest": -155369000.0,
        "Reconciled Depreciation": 44425000.0,
        "Reconciled Cost Of Revenue": 609581000.0,
        "EBITDA": -44976000.0,
        "EBIT": -89401000.0,
        "Net Interest Income": -54392000.0,
        "Interest Expense": 63389000.0,
        "Interest Income": 8997000.0,
        "Normalized Income": -283986530.0,
        "Net Income From Continuing And Discontinued Operation": -155369000.0,
        "Total Expenses": 874387000.0,
        "Total Operating Income As Reported": -261205000.0,
        "Diluted Average Shares": 2110168544.0,
        "Basic Average Shares": 2110168544.0,
        "Diluted EPS": -0.07,
        "Basic EPS": -0.07,
        "Diluted NI Availto Com Stockholders": -155369000.0,
        "Net Income Common Stockholders": -155369000.0,
        "Net Income": -155369000.0,
        "Net Income Including Noncontrolling Interests": -155369000.0,
        "Net Income Continuous Operations": -155369000.0,
        "Tax Provision": 2579000.0,
        "Pretax Income": -152790000.0,
        "Other Income Expense": 162807000.0,
        "Special Income Charges": 155557000.0,
        "Restructuring And Mergern Acquisition": -155557000.0,
        "Earnings From Equity Interest": NaN,
        "Gain On Sale Of Security": 7250000.0,
        "Net Non Operating Interest Income Expense": -54392000.0,
        "Interest Expense Non Operating": 63389000.0,
        "Interest Income Non Operating": 8997000.0,
        "Operating Income": -261205000.0,
        "Operating Expense": 264806000.0,
        "Other Operating Expenses": -26305000.0,
        "Research And Development": 54865000.0,
        "Selling General And Administration": 236246000.0,
        "General And Administrative Expense": 236246000.0,
        "Other Gand A": 236246000.0,
        "Gross Profit": 3601000.0,
        "Cost Of Revenue": 609581000.0,
        "Total Revenue": 613182000.0,
        "Operating Revenue": 602375000.0
    },
    "2024-03-31": {
        "Tax Effect Of Unusual Items": 17766840.0,
        "Tax Rate For Calcs": 0.21,
        "Normalized EBITDA": -228942000.0,
        "Total Unusual Items": 84604000.0,
        "Total Unusual Items Excluding Goodwill": 84604000.0,
        "Net Income From Continuing Operation Net Minority Interest": -274302000.0,
        "Reconciled Depreciation": NaN,
        "Reconciled Cost Of Revenue": 376191000.0,
        "EBITDA": -144338000.0,
        "EBIT": -144338000.0,
        "Net Interest Income": -123368000.0,
        "Interest Expense": 126654000.0,
        "Interest Income": 3286000.0,
        "Normalized Income": -341139160.0,
        "Net Income From Continuing And Discontinued Operation": -274302000.0,
        "Total Expenses": 577000000.0,
        "Total Operating Income As Reported": -231652000.0,
        "Diluted Average Shares": NaN,
        "Basic Average Shares": NaN,
        "Diluted EPS": -0.12999,
        "Basic EPS": -0.12999,
        "Diluted NI Availto Com Stockholders": -274302000.0,
        "Net Income Common Stockholders": -274302000.0,
        "Net Income": -274302000.0,
        "Net Income Including Noncontrolling Interests": -274302000.0,
        "Net Income Continuous Operations": -274302000.0,
        "Tax Provision": 3310000.0,
        "Pretax Income": -270992000.0,
        "Other Income Expense": 84029000.0,
        "Special Income Charges": 83104000.0,
        "Restructuring And Mergern Acquisition": -83104000.0,
        "Earnings From Equity Interest": -575000.0,
        "Gain On Sale Of Security": 1500000.0,
        "Net Non Operating Interest Income Expense": -123368000.0,
        "Interest Expense Non Operating": 126654000.0,
        "Interest Income Non Operating": 3286000.0,
        "Operating Income": -231653000.0,
        "Operating Expense": 200809000.0,
        "Other Operating Expenses": -23080000.0,
        "Research And Development": 11788000.0,
        "Selling General And Administration": 212101000.0,
        "General And Administrative Expense": NaN,
        "Other Gand A": NaN,
        "Gross Profit": -30844000.0,
        "Cost Of Revenue": 376191000.0,
        "Total Revenue": 345347000.0,
        "Operating Revenue": 345347000.0
    },
    "2023-12-31": {
        "Tax Effect Of Unusual Items": 1270032.180564,
        "Tax Rate For Calcs": 0.021667,
        "Normalized EBITDA": -706185000.0,
        "Total Unusual Items": 58616000.0,
        "Total Unusual Items Excluding Goodwill": 58616000.0,
        "Net Income From Continuing Operation Net Minority Interest": -704886000.0,
        "Reconciled Depreciation": 13511000.0,
        "Reconciled Cost Of Revenue": 969171000.0,
        "EBITDA": -647569000.0,
        "EBIT": -661080000.0,
        "Net Interest Income": -11482000.0,
        "Interest Expense": 59417000.0,
        "Interest Income": 47935000.0,
        "Normalized Income": -762231967.819436,
        "Net Income From Continuing And Discontinued Operation": -704886000.0,
        "Total Expenses": 1257764000.0,
        "Total Operating Income As Reported": -724549000.0,
        "Diluted Average Shares": NaN,
        "Basic Average Shares": NaN,
        "Diluted EPS": NaN,
        "Basic EPS": NaN,
        "Diluted NI Availto Com Stockholders": -704886000.0,
        "Net Income Common Stockholders": -704886000.0,
        "Net Income": -704886000.0,
        "Net Income Including Noncontrolling Interests": -704886000.0,
        "Net Income Continuous Operations": -704886000.0,
        "Tax Provision": -15611000.0,
        "Pretax Income": -720497000.0,
        "Other Income Expense": 15534000.0,
        "Special Income Charges": 54616000.0,
        "Restructuring And Mergern Acquisition": -54616000.0,
        "Earnings From Equity Interest": NaN,
        "Gain On Sale Of Security": 4000000.0,
        "Net Non Operating Interest Income Expense": -11482000.0,
        "Interest Expense Non Operating": 59417000.0,
        "Interest Income Non Operating": 47935000.0,
        "Operating Income": -724549000.0,
        "Operating Expense": 288593000.0,
        "Other Operating Expenses": -3644000.0,
        "Research And Development": 22230000.0,
        "Selling General And Administration": 270007000.0,
        "General And Administrative Expense": NaN,
        "Other Gand A": NaN,
        "Gross Profit": -435956000.0,
        "Cost Of Revenue": 969171000.0,
        "Total Revenue": 533215000.0,
        "Operating Revenue": 558340000.0
    }
}