{
    "2024-03-31": {
        "Tax Effect Of Unusual Items": 78.33815,
        "Tax Rate For Calcs": 3.3e-05,
        "Normalized EBITDA": -14507975.0,
        "Total Unusual Items": 2351500.0,
        "Total Unusual Items Excluding Goodwill": 2351500.0,
        "Net Income From Continuing Operation Net Minority Interest": -12576831.0,
        "Reconciled Depreciation": 296597.0,
        "Reconciled Cost Of Revenue": 1989769.0,
        "EBITDA": -12156475.0,
        "EBIT": -12453072.0,
        "Net Interest Income": -124178.0,
        "Interest Expense": 124178.0,
        "Interest Income": NaN,
        "Normalized Income": -14928252.66185,
        "Net Income From Continuing And Discontinued Operation": -12576831.0,
        "Total Expenses": 18373840.0,
        "Total Operating Income As Reported": -14907951.0,
        "Diluted Average Shares": 28395756.0,
        "Basic Average Shares": 28395756.0,
        "Diluted EPS": -0.44,
        "Basic EPS": -0.44,
        "Diluted NI Availto Com Stockholders": -12576831.0,
        "Net Income Common Stockholders": -12576831.0,
        "Net Income": -12576831.0,
        "Net Income Including Noncontrolling Interests": -12576831.0,
        "Net Income Continuous Operations": -12576831.0,
        "Tax Provision": -419.0,
        "Pretax Income": -12577250.0,
        "Other Income Expense": 2454879.0,
        "Other Non Operating Income Expenses": 103379.0,
        "Special Income Charges": 120000.0,
        "Restructuring And Mergern Acquisition": -120000.0,
        "Gain On Sale Of Security": 2231500.0,
        "Net Non Operating Interest Income Expense": -124178.0,
        "Interest Expense Non Operating": 124178.0,
        "Interest Income Non Operating": NaN,
        "Operating Income": -14907951.0,
        "Operating Expense": 16384071.0,
        "Other Operating Expenses": NaN,
        "Depreciation Amortization Depletion Income Statement": 296597.0,
        "Depreciation And Amortization In Income Statement": 296597.0,
        "Research And Development": 1141958.0,
        "Selling General And Administration": 14945516.0,
        "Selling And Marketing Expense": 4682638.0,
        "General And Administrative Expense": 10262878.0,
        "Other Gand A": 10262878.0,
        "Gross Profit": 1476120.0,
        "Cost Of Revenue": 1989769.0,
        "Total Revenue": 3465889.0,
        "Operating Revenue": 3672990.0
    },
    "2023-12-31": {
        "Tax Effect Of Unusual Items": 1671999.0,
        "Tax Rate For Calcs": 0.21,
        "Normalized EBITDA": 7627945.0,
        "Total Unusual Items": 7961900.0,
        "Total Unusual Items Excluding Goodwill": 7961900.0,
        "Net Income From Continuing Operation Net Minority Interest": -5681576.0,
        "Reconciled Depreciation": 654525.0,
        "Reconciled Cost Of Revenue": 1488963.0,
        "EBITDA": 15589845.0,
        "EBIT": 14935320.0,
        "Net Interest Income": 33101.0,
        "Interest Expense": NaN,
        "Interest Income": NaN,
        "Normalized Income": -11971477.0,
        "Net Income From Continuing And Discontinued Operation": -5681576.0,
        "Total Expenses": 16590668.0,
        "Total Operating Income As Reported": -13640922.0,
        "Diluted Average Shares": NaN,
        "Basic Average Shares": NaN,
        "Diluted EPS": NaN,
        "Basic EPS": NaN,
        "Diluted NI Availto Com Stockholders": -5681576.0,
        "Net Income Common Stockholders": -5681576.0,
        "Net Income": -5681576.0,
        "Net Income Including Noncontrolling Interests": -5681576.0,
        "Net Income Continuous Operations": -5681576.0,
        "Tax Provision": 418.0,
        "Pretax Income": -5681158.0,
        "Other Income Expense": 8129063.0,
        "Other Non Operating Income Expenses": 167163.0,
        "Special Income Charges": 1492400.0,
        "Restructuring And Mergern Acquisition": -1492400.0,
        "Gain On Sale Of Security": 6469500.0,
        "Net Non Operating Interest Income Expense": 33101.0,
        "Interest Expense Non Operating": NaN,
        "Interest Income Non Operating": NaN,
        "Operating Income": -13843322.0,
        "Operating Expense": 14885567.0,
        "Other Operating Expenses": NaN,
        "Depreciation Amortization Depletion Income Statement": 438387.0,
        "Depreciation And Amortization In Income Statement": 438387.0,
        "Research And Development": 1315682.0,
        "Selling General And Administration": 13131498.0,
        "Selling And Marketing Expense": 5357062.0,
        "General And Administrative Expense": 7774436.0,
        "Other Gand A": 7774436.0,
        "Gross Profit": 1042245.0,
        "Cost Of Revenue": 1705101.0,
        "Total Revenue": 2747346.0,
        "Operating Revenue": 2514749.0
    },
    "2023-09-30": {
        "Tax Effect Of Unusual Items": -137.772153,
        "Tax Rate For Calcs": 1.3e-05,
        "Normalized EBITDA": -8789894.0,
        "Total Unusual Items": -10642597.0,
        "Total Unusual Items Excluding Goodwill": -10642597.0,
        "Net Income From Continuing Operation Net Minority Interest": -20238664.0,
        "Reconciled Depreciation": 759745.0,
        "Reconciled Cost Of Revenue": 1473174.0,
        "EBITDA": -19432491.0,
        "EBIT": -20192236.0,
        "Net Interest Income": -46690.0,
        "Interest Expense": 46690.0,
        "Interest Income": NaN,
        "Normalized Income": -9596204.772153,
        "Net Income From Continuing And Discontinued Operation": -20238664.0,
        "Total Expenses": 11700496.0,
        "Total Operating Income As Reported": -12979193.0,
        "Diluted Average Shares": 26265627.0,
        "Basic Average Shares": 26265627.0,
        "Diluted EPS": -0.77,
        "Basic EPS": -0.77,
        "Diluted NI Availto Com Stockholders": -20238664.0,
        "Net Income Common Stockholders": -20238664.0,
        "Net Income": -20238664.0,
        "Net Income Including Noncontrolling Interests": -20238664.0,
        "Net Income Continuous Operations": -20238664.0,
        "Tax Provision": -262.0,
        "Pretax Income": -20238926.0,
        "Other Income Expense": -10522640.0,
        "Other Non Operating Income Expenses": 119957.0,
        "Special Income Charges": -2859597.0,
        "Restructuring And Mergern Acquisition": 2859597.0,
        "Gain On Sale Of Security": -7783000.0,
        "Net Non Operating Interest Income Expense": -46690.0,
        "Interest Expense Non Operating": 46690.0,
        "Interest Income Non Operating": NaN,
        "Operating Income": -9669596.0,
        "Operating Expense": 10227322.0,
        "Other Operating Expenses": NaN,
        "Depreciation Amortization Depletion Income Statement": 759745.0,
        "Depreciation And Amortization In Income Statement": 759745.0,
        "Research And Development": 1486069.0,
        "Selling General And Administration": 7981508.0,
        "Selling And Marketing Expense": 3670309.0,
        "General And Administrative Expense": 4311199.0,
        "Other Gand A": 4311199.0,
        "Gross Profit": 557726.0,
        "Cost Of Revenue": 1473174.0,
        "Total Revenue": 2030900.0,
        "Operating Revenue": 2263497.0
    },
    "2023-06-30": {
        "Tax Effect Of Unusual Items": NaN,
        "Tax Rate For Calcs": NaN,
        "Normalized EBITDA": NaN,
        "Total Unusual Items": NaN,
        "Total Unusual Items Excluding Goodwill": NaN,
        "Net Income From Continuing Operation Net Minority Interest": NaN,
        "Reconciled Depreciation": NaN,
        "Reconciled Cost Of Revenue": NaN,
        "EBITDA": NaN,
        "EBIT": NaN,
        "Net Interest Income": NaN,
        "Interest Expense": 155854.0,
        "Interest Income": 2044560.0,
        "Normalized Income": NaN,
        "Net Income From Continuing And Discontinued Operation": NaN,
        "Total Expenses": NaN,
        "Total Operating Income As Reported": NaN,
        "Diluted Average Shares": 29257976.0,
        "Basic Average Shares": 29257976.0,
        "Diluted EPS": -0.708228,
        "Basic EPS": -0.708228,
        "Diluted NI Availto Com Stockholders": NaN,
        "Net Income Common Stockholders": NaN,
        "Net Income": NaN,
        "Net Income Including Noncontrolling Interests": NaN,
        "Net Income Continuous Operations": NaN,
        "Tax Provision": NaN,
        "Pretax Income": NaN,
        "Other Income Expense": NaN,
        "Other Non Operating Income Expenses": NaN,
        "Special Income Charges": NaN,
        "Restructuring And Mergern Acquisition": NaN,
        "Gain On Sale Of Security": NaN,
        "Net Non Operating Interest Income Expense": NaN,
        "Interest Expense Non Operating": 155854.0,
        "Interest Income Non Operating": 2044560.0,
        "Operating Income": NaN,
        "Operating Expense": NaN,
        "Other Operating Expenses": 2829054.0,
        "Depreciation Amortization Depletion Income Statement": NaN,
        "Depreciation And Amortization In Income Statement": NaN,
        "Research And Development": NaN,
        "Selling General And Administration": NaN,
        "Selling And Marketing Expense": NaN,
        "General And Administrative Expense": NaN,
        "Other Gand A": NaN,
        "Gross Profit": NaN,
        "Cost Of Revenue": NaN,
        "Total Revenue": NaN,
        "Operating Revenue": NaN
    },
    "2023-03-31": {
        "Tax Effect Of Unusual Items": NaN,
        "Tax Rate For Calcs": NaN,
        "Normalized EBITDA": NaN,
        "Total Unusual Items": NaN,
        "Total Unusual Items Excluding Goodwill": NaN,
        "Net Income From Continuing Operation Net Minority Interest": NaN,
        "Reconciled Depreciation": NaN,
        "Reconciled Cost Of Revenue": NaN,
        "EBITDA": NaN,
        "EBIT": NaN,
        "Net Interest Income": NaN,
        "Interest Expense": 8001.0,
        "Interest Income": NaN,
        "Normalized Income": NaN,
        "Net Income From Continuing And Discontinued Operation": NaN,
        "Total Expenses": NaN,
        "Total Operating Income As Reported": NaN,
        "Diluted Average Shares": 29257976.0,
        "Basic Average Shares": 29257976.0,
        "Diluted EPS": -0.228575,
        "Basic EPS": -0.228575,
        "Diluted NI Availto Com Stockholders": NaN,
        "Net Income Common Stockholders": NaN,
        "Net Income": NaN,
        "Net Income Including Noncontrolling Interests": NaN,
        "Net Income Continuous Operations": NaN,
        "Tax Provision": NaN,
        "Pretax Income": NaN,
        "Other Income Expense": NaN,
        "Other Non Operating Income Expenses": NaN,
        "Special Income Charges": NaN,
        "Restructuring And Mergern Acquisition": NaN,
        "Gain On Sale Of Security": NaN,
        "Net Non Operating Interest Income Expense": NaN,
        "Interest Expense Non Operating": 8001.0,
        "Interest Income Non Operating": NaN,
        "Operating Income": NaN,
        "Operating Expense": NaN,
        "Other Operating Expenses": NaN,
        "Depreciation Amortization Depletion Income Statement": NaN,
        "Depreciation And Amortization In Income Statement": NaN,
        "Research And Development": NaN,
        "Selling General And Administration": NaN,
        "Selling And Marketing Expense": NaN,
        "General And Administrative Expense": NaN,
        "Other Gand A": NaN,
        "Gross Profit": NaN,
        "Cost Of Revenue": NaN,
        "Total Revenue": NaN,
        "Operating Revenue": NaN
    },
    "2022-12-31": {
        "Tax Effect Of Unusual Items": NaN,
        "Tax Rate For Calcs": NaN,
        "Normalized EBITDA": NaN,
        "Total Unusual Items": NaN,
        "Total Unusual Items Excluding Goodwill": NaN,
        "Net Income From Continuing Operation Net Minority Interest": NaN,
        "Reconciled Depreciation": 364790.0,
        "Reconciled Cost Of Revenue": 232346.0,
        "EBITDA": NaN,
        "EBIT": NaN,
        "Net Interest Income": NaN,
        "Interest Expense": NaN,
        "Interest Income": NaN,
        "Normalized Income": NaN,
        "Net Income From Continuing And Discontinued Operation": NaN,
        "Total Expenses": NaN,
        "Total Operating Income As Reported": NaN,
        "Diluted Average Shares": NaN,
        "Basic Average Shares": NaN,
        "Diluted EPS": NaN,
        "Basic EPS": NaN,
        "Diluted NI Availto Com Stockholders": NaN,
        "Net Income Common Stockholders": NaN,
        "Net Income": NaN,
        "Net Income Including Noncontrolling Interests": NaN,
        "Net Income Continuous Operations": NaN,
        "Tax Provision": NaN,
        "Pretax Income": NaN,
        "Other Income Expense": NaN,
        "Other Non Operating Income Expenses": 109984.0,
        "Special Income Charges": NaN,
        "Restructuring And Mergern Acquisition": NaN,
        "Gain On Sale Of Security": NaN,
        "Net Non Operating Interest Income Expense": NaN,
        "Interest Expense Non Operating": NaN,
        "Interest Income Non Operating": NaN,
        "Operating Income": NaN,
        "Operating Expense": NaN,
        "Other Operating Expenses": NaN,
        "Depreciation Amortization Depletion Income Statement": 364790.0,
        "Depreciation And Amortization In Income Statement": 364790.0,
        "Research And Development": 572321.0,
        "Selling General And Administration": 1436943.0,
        "Selling And Marketing Expense": 1595917.0,
        "General And Administrative Expense": -158974.0,
        "Other Gand A": -158974.0,
        "Gross Profit": 45254.0,
        "Cost Of Revenue": 232346.0,
        "Total Revenue": NaN,
        "Operating Revenue": NaN
    },
    "2024-06-30": {
        "Tax Effect Of Unusual Items": 695310.0,
        "Tax Rate For Calcs": 0.21,
        "Normalized EBITDA": -13048032.0,
        "Total Unusual Items": 3311000.0,
        "Total Unusual Items Excluding Goodwill": 3311000.0,
        "Net Income From Continuing Operation Net Minority Interest": -11235246.0,
        "Reconciled Depreciation": 930874.0,
        "Reconciled Cost Of Revenue": 1969941.0,
        "EBITDA": -9737032.0,
        "EBIT": -10667906.0,
        "Net Interest Income": -553303.0,
        "Interest Expense": 553303.0,
        "Interest Income": NaN,
        "Normalized Income": -13850936.0,
        "Net Income From Continuing And Discontinued Operation": -11235246.0,
        "Total Expenses": 20016733.0,
        "Total Operating Income As Reported": -14031505.0,
        "Diluted Average Shares": 31391595.0,
        "Basic Average Shares": 31391595.0,
        "Diluted EPS": -0.36,
        "Basic EPS": -0.36,
        "Diluted NI Availto Com Stockholders": -11235246.0,
        "Net Income Common Stockholders": -11235246.0,
        "Net Income": -11235246.0,
        "Net Income Including Noncontrolling Interests": -11235246.0,
        "Net Income Continuous Operations": -11235246.0,
        "Tax Provision": 14037.0,
        "Pretax Income": -11221209.0,
        "Other Income Expense": 3363599.0,
        "Other Non Operating Income Expenses": 52599.0,
        "Special Income Charges": 220000.0,
        "Restructuring And Mergern Acquisition": -220000.0,
        "Gain On Sale Of Security": 3091000.0,
        "Net Non Operating Interest Income Expense": -553303.0,
        "Interest Expense Non Operating": 553303.0,
        "Interest Income Non Operating": NaN,
        "Operating Income": -14031505.0,
        "Operating Expense": 18046792.0,
        "Other Operating Expenses": NaN,
        "Depreciation Amortization Depletion Income Statement": 930874.0,
        "Depreciation And Amortization In Income Statement": 930874.0,
        "Research And Development": 1031794.0,
        "Selling General And Administration": 16084124.0,
        "Selling And Marketing Expense": 5090331.0,
        "General And Administrative Expense": 10993793.0,
        "Other Gand A": 10993793.0,
        "Gross Profit": 4015287.0,
        "Cost Of Revenue": 1969941.0,
        "Total Revenue": 5985228.0,
        "Operating Revenue": 5985228.0
    },
    "2024-09-30": {
        "Tax Effect Of Unusual Items": 2217.855213,
        "Tax Rate For Calcs": 0.000946,
        "Normalized EBITDA": -13763136.0,
        "Total Unusual Items": 2345000.0,
        "Total Unusual Items Excluding Goodwill": 2345000.0,
        "Net Income From Continuing Operation Net Minority Interest": -13137549.0,
        "Reconciled Depreciation": 975090.0,
        "Reconciled Cost Of Revenue": 2380379.0,
        "EBITDA": -11418136.0,
        "EBIT": -12393226.0,
        "Net Interest Income": -756760.0,
        "Interest Expense": 756760.0,
        "Interest Income": NaN,
        "Normalized Income": -15480331.144787,
        "Net Income From Continuing And Discontinued Operation": -13137549.0,
        "Total Expenses": 21232655.0,
        "Total Operating Income As Reported": -14692543.0,
        "Diluted Average Shares": 31758032.0,
        "Basic Average Shares": 31758032.0,
        "Diluted EPS": -0.41,
        "Basic EPS": -0.41,
        "Diluted NI Availto Com Stockholders": -13137549.0,
        "Net Income Common Stockholders": -13137549.0,
        "Net Income": -13137549.0,
        "Net Income Including Noncontrolling Interests": -13137549.0,
        "Net Income Continuous Operations": -13137549.0,
        "Tax Provision": -12437.0,
        "Pretax Income": -13149986.0,
        "Other Income Expense": 2299317.0,
        "Other Non Operating Income Expenses": -45683.0,
        "Special Income Charges": 170000.0,
        "Restructuring And Mergern Acquisition": -170000.0,
        "Gain On Sale Of Security": 2175000.0,
        "Net Non Operating Interest Income Expense": -756760.0,
        "Interest Expense Non Operating": 756760.0,
        "Interest Income Non Operating": NaN,
        "Operating Income": -14692543.0,
        "Operating Expense": 18852276.0,
        "Other Operating Expenses": NaN,
        "Depreciation Amortization Depletion Income Statement": 975090.0,
        "Depreciation And Amortization In Income Statement": 975090.0,
        "Research And Development": 973544.0,
        "Selling General And Administration": 16903642.0,
        "Selling And Marketing Expense": 4607708.0,
        "General And Administrative Expense": 12295934.0,
        "Other Gand A": 12295934.0,
        "Gross Profit": 4159733.0,
        "Cost Of Revenue": 2380379.0,
        "Total Revenue": 6540112.0,
        "Operating Revenue": 6768429.0
    }
}