{
    "2023-03-31": {
        "Tax Effect Of Unusual Items": 0.0,
        "Tax Rate For Calcs": 0.0,
        "Normalized EBITDA": -4482000.0,
        "Total Unusual Items": -2000.0,
        "Total Unusual Items Excluding Goodwill": -2000.0,
        "Net Income From Continuing Operation Net Minority Interest": -4805000.0,
        "Reconciled Depreciation": 187000.0,
        "EBIT": -4671000.0,
        "Net Interest Income": -83000.0,
        "Interest Expense": 134000.0,
        "Interest Income": 51000.0,
        "Normalized Income": -4803000.0,
        "Net Income From Continuing And Discontinued Operation": -4805000.0,
        "Total Expenses": 4720000.0,
        "Total Operating Income As Reported": -4720000.0,
        "Diluted Average Shares": 2320017.0,
        "Basic Average Shares": 2320017.0,
        "Diluted EPS": -2.1,
        "Basic EPS": -2.1,
        "Diluted NI Availto Com Stockholders": -4805000.0,
        "Net Income Common Stockholders": -4805000.0,
        "Net Income": -4805000.0,
        "Net Income Including Noncontrolling Interests": -4805000.0,
        "Net Income Continuous Operations": -4805000.0,
        "Pretax Income": -4805000.0,
        "Other Income Expense": -2000.0,
        "Special Income Charges": -2000.0,
        "Gain On Sale Of Ppe": -2000.0,
        "Gain On Sale Of Security": NaN,
        "Net Non Operating Interest Income Expense": -83000.0,
        "Interest Expense Non Operating": 134000.0,
        "Interest Income Non Operating": 51000.0,
        "Operating Income": -4720000.0,
        "Operating Expense": 4720000.0,
        "Other Operating Expenses": -506000.0,
        "Research And Development": 2983000.0,
        "Selling General And Administration": 2243000.0,
        "General And Administrative Expense": 2243000.0,
        "Other Gand A": 2123000.0,
        "Salaries And Wages": 120000.0,
        "Total Revenue": 0.0,
        "Operating Revenue": 0.0
    },
    "2022-12-31": {
        "Tax Effect Of Unusual Items": 0.0,
        "Tax Rate For Calcs": 0.0,
        "Normalized EBITDA": -5340000.0,
        "Total Unusual Items": 0.0,
        "Total Unusual Items Excluding Goodwill": 0.0,
        "Net Income From Continuing Operation Net Minority Interest": -5658000.0,
        "Reconciled Depreciation": 159000.0,
        "EBIT": -5499000.0,
        "Net Interest Income": -86000.0,
        "Interest Expense": 159000.0,
        "Interest Income": 73000.0,
        "Normalized Income": -5658000.0,
        "Net Income From Continuing And Discontinued Operation": -5658000.0,
        "Total Expenses": 5796000.0,
        "Total Operating Income As Reported": -5572000.0,
        "Diluted Average Shares": NaN,
        "Basic Average Shares": NaN,
        "Diluted EPS": NaN,
        "Basic EPS": NaN,
        "Diluted NI Availto Com Stockholders": -5658000.0,
        "Net Income Common Stockholders": -5658000.0,
        "Net Income": -5658000.0,
        "Net Income Including Noncontrolling Interests": -5658000.0,
        "Net Income Continuous Operations": -5658000.0,
        "Pretax Income": -5658000.0,
        "Other Income Expense": 0.0,
        "Special Income Charges": 0.0,
        "Gain On Sale Of Ppe": 0.0,
        "Gain On Sale Of Security": 0.0,
        "Net Non Operating Interest Income Expense": -86000.0,
        "Interest Expense Non Operating": 159000.0,
        "Interest Income Non Operating": 73000.0,
        "Operating Income": -5572000.0,
        "Operating Expense": 5796000.0,
        "Other Operating Expenses": NaN,
        "Research And Development": 2138000.0,
        "Selling General And Administration": 3585000.0,
        "General And Administrative Expense": 3585000.0,
        "Other Gand A": 3475000.0,
        "Salaries And Wages": 110000.0,
        "Total Revenue": 224000.0,
        "Operating Revenue": 224000.0
    },
    "2022-09-30": {
        "Tax Effect Of Unusual Items": 0.0,
        "Tax Rate For Calcs": 0.0,
        "Normalized EBITDA": -4888000.0,
        "Total Unusual Items": 0.0,
        "Total Unusual Items Excluding Goodwill": 0.0,
        "Net Income From Continuing Operation Net Minority Interest": -5219000.0,
        "Reconciled Depreciation": 158000.0,
        "EBIT": -5046000.0,
        "Net Interest Income": -125000.0,
        "Interest Expense": 173000.0,
        "Interest Income": 48000.0,
        "Normalized Income": -5219000.0,
        "Net Income From Continuing And Discontinued Operation": -5219000.0,
        "Total Expenses": 5094000.0,
        "Total Operating Income As Reported": -5094000.0,
        "Diluted Average Shares": 1829443.0,
        "Basic Average Shares": 1829443.0,
        "Diluted EPS": -2.85,
        "Basic EPS": -2.85,
        "Diluted NI Availto Com Stockholders": -5219000.0,
        "Net Income Common Stockholders": -5219000.0,
        "Net Income": -5219000.0,
        "Net Income Including Noncontrolling Interests": -5219000.0,
        "Net Income Continuous Operations": -5219000.0,
        "Pretax Income": -5219000.0,
        "Other Income Expense": NaN,
        "Special Income Charges": 0.0,
        "Gain On Sale Of Ppe": 0.0,
        "Gain On Sale Of Security": NaN,
        "Net Non Operating Interest Income Expense": -125000.0,
        "Interest Expense Non Operating": 173000.0,
        "Interest Income Non Operating": 48000.0,
        "Operating Income": -5094000.0,
        "Operating Expense": 5094000.0,
        "Other Operating Expenses": -73000.0,
        "Research And Development": 2945000.0,
        "Selling General And Administration": 2222000.0,
        "General And Administrative Expense": 2222000.0,
        "Other Gand A": 2112000.0,
        "Salaries And Wages": 110000.0,
        "Total Revenue": 0.0,
        "Operating Revenue": 0.0
    },
    "2022-06-30": {
        "Tax Effect Of Unusual Items": 0.0,
        "Tax Rate For Calcs": 0.0,
        "Normalized EBITDA": -4946000.0,
        "Total Unusual Items": NaN,
        "Total Unusual Items Excluding Goodwill": NaN,
        "Net Income From Continuing Operation Net Minority Interest": -5282000.0,
        "Reconciled Depreciation": 155000.0,
        "EBIT": -5101000.0,
        "Net Interest Income": -162000.0,
        "Interest Expense": 181000.0,
        "Interest Income": 19000.0,
        "Normalized Income": -5282000.0,
        "Net Income From Continuing And Discontinued Operation": -5282000.0,
        "Total Expenses": 5120000.0,
        "Total Operating Income As Reported": -5120000.0,
        "Diluted Average Shares": 1483655.0,
        "Basic Average Shares": 1483655.0,
        "Diluted EPS": -3.56,
        "Basic EPS": -3.56,
        "Diluted NI Availto Com Stockholders": -5282000.0,
        "Net Income Common Stockholders": -5282000.0,
        "Net Income": -5282000.0,
        "Net Income Including Noncontrolling Interests": -5282000.0,
        "Net Income Continuous Operations": -5282000.0,
        "Pretax Income": -5282000.0,
        "Other Income Expense": NaN,
        "Special Income Charges": NaN,
        "Gain On Sale Of Ppe": NaN,
        "Gain On Sale Of Security": NaN,
        "Net Non Operating Interest Income Expense": -162000.0,
        "Interest Expense Non Operating": 181000.0,
        "Interest Income Non Operating": 19000.0,
        "Operating Income": -5120000.0,
        "Operating Expense": 5120000.0,
        "Other Operating Expenses": NaN,
        "Research And Development": 2831000.0,
        "Selling General And Administration": 2289000.0,
        "General And Administrative Expense": 2289000.0,
        "Other Gand A": 2145000.0,
        "Salaries And Wages": 144000.0,
        "Total Revenue": 0.0,
        "Operating Revenue": 0.0
    },
    "2022-03-31": {
        "Diluted EPS": -2.85,
        "Total Revenue": NaN,
        "Gross Profit": NaN,
        "Operating Income": -4,
        "EBIT": -4,
        "Net Income": -4
    },
    "2021-12-31": {
        "Diluted EPS": -3.75,
        "Total Revenue": NaN,
        "Gross Profit": NaN,
        "Operating Income": -4,
        "EBIT": -4,
        "Net Income": -4
    },
    "2021-09-30": {
        "Diluted EPS": -4.2,
        "Total Revenue": NaN,
        "Gross Profit": NaN,
        "Operating Income": -3,
        "EBIT": -3,
        "Net Income": -4
    },
    "2021-06-30": {
        "Diluted EPS": -3.75,
        "Total Revenue": NaN,
        "Gross Profit": NaN,
        "Operating Income": -3,
        "EBIT": -2,
        "Net Income": -3
    },
    "2021-03-31": {
        "Diluted EPS": -4.95,
        "Total Revenue": NaN,
        "Gross Profit": NaN,
        "Operating Income": -2,
        "EBIT": -2,
        "Net Income": -3
    },
    "2020-12-31": {
        "Diluted EPS": -11.1,
        "Total Revenue": NaN,
        "Gross Profit": NaN,
        "Operating Income": -3,
        "EBIT": -3,
        "Net Income": -4
    },
    "2020-09-30": {
        "Diluted EPS": -5.85,
        "Total Revenue": NaN,
        "Gross Profit": NaN,
        "Operating Income": -1,
        "EBIT": -1,
        "Net Income": -2
    },
    "2020-06-30": {
        "Diluted EPS": -6.75,
        "Total Revenue": 0,
        "Gross Profit": 0,
        "Operating Income": -2,
        "EBIT": -2,
        "Net Income": -2
    },
    "2020-03-31": {
        "Diluted EPS": -4.2,
        "Total Revenue": 0,
        "Gross Profit": 0,
        "Operating Income": -2,
        "EBIT": -2,
        "Net Income": -1
    },
    "2019-12-31": {
        "Diluted EPS": 320.09,
        "Total Revenue": 1,
        "Gross Profit": 1,
        "Operating Income": -2,
        "EBIT": -2,
        "Net Income": 1
    },
    "2019-09-30": {
        "Diluted EPS": -0.45,
        "Total Revenue": 5,
        "Gross Profit": 5,
        "Operating Income": 3,
        "EBIT": 3,
        "Net Income": 0
    },
    "2019-06-30": {
        "Diluted EPS": -309.9,
        "Total Revenue": 0,
        "Gross Profit": 0,
        "Operating Income": -2,
        "EBIT": -2,
        "Net Income": -9
    },
    "2019-03-31": {
        "Diluted EPS": -133.73,
        "Total Revenue": 1,
        "Gross Profit": 1,
        "Operating Income": -2,
        "EBIT": -2,
        "Net Income": -3
    },
    "2018-12-31": {
        "Diluted EPS": 102.25,
        "Total Revenue": 1,
        "Gross Profit": 1,
        "Operating Income": 0,
        "EBIT": 0,
        "Net Income": -2
    },
    "2018-09-30": {
        "Diluted EPS": -414.24,
        "Total Revenue": 0,
        "Gross Profit": 0,
        "Operating Income": -2,
        "EBIT": -2,
        "Net Income": -5
    },
    "2018-06-30": {
        "Diluted EPS": -444.83,
        "Total Revenue": 1,
        "Gross Profit": 1,
        "Operating Income": -2,
        "EBIT": -1,
        "Net Income": -4
    },
    "2018-03-31": {
        "Diluted EPS": -547.23,
        "Total Revenue": 1,
        "Gross Profit": 0,
        "Operating Income": -4,
        "EBIT": -4,
        "Net Income": -4
    },
    "2017-12-31": {
        "Diluted EPS": NaN,
        "Total Revenue": 1,
        "Gross Profit": 0,
        "Operating Income": -4,
        "EBIT": -3,
        "Net Income": -8
    },
    "2017-09-30": {
        "Diluted EPS": NaN,
        "Total Revenue": 0,
        "Gross Profit": 0,
        "Operating Income": -4,
        "EBIT": -4,
        "Net Income": -5
    },
    "2017-06-30": {
        "Diluted EPS": NaN,
        "Total Revenue": 1,
        "Gross Profit": 0,
        "Operating Income": -6,
        "EBIT": -5,
        "Net Income": -6
    },
    "2017-03-31": {
        "Diluted EPS": NaN,
        "Total Revenue": 1,
        "Gross Profit": 0,
        "Operating Income": -7,
        "EBIT": -6,
        "Net Income": -8
    },
    "2016-12-31": {
        "Diluted EPS": NaN,
        "Total Revenue": 1,
        "Gross Profit": 1,
        "Operating Income": -4,
        "EBIT": -3,
        "Net Income": -5
    },
    "2016-09-30": {
        "Diluted EPS": NaN,
        "Total Revenue": 1,
        "Gross Profit": 0,
        "Operating Income": -5,
        "EBIT": -4,
        "Net Income": -5
    },
    "2016-06-30": {
        "Diluted EPS": NaN,
        "Total Revenue": 1,
        "Gross Profit": 1,
        "Operating Income": -6,
        "EBIT": -6,
        "Net Income": -6
    },
    "2016-03-31": {
        "Diluted EPS": NaN,
        "Total Revenue": 1,
        "Gross Profit": 1,
        "Operating Income": -5,
        "EBIT": -5,
        "Net Income": -5
    },
    "2015-12-31": {
        "Diluted EPS": NaN,
        "Total Revenue": 2,
        "Gross Profit": 1,
        "Operating Income": -2,
        "EBIT": -1,
        "Net Income": -3
    },
    "2015-09-30": {
        "Diluted EPS": NaN,
        "Total Revenue": 1,
        "Gross Profit": 0,
        "Operating Income": 2,
        "EBIT": 2,
        "Net Income": 2
    },
    "2015-06-30": {
        "Diluted EPS": NaN,
        "Total Revenue": 2,
        "Gross Profit": 0,
        "Operating Income": 6,
        "EBIT": 6,
        "Net Income": 4
    },
    "2015-03-31": {
        "Diluted EPS": -3.19,
        "Total Revenue": 1,
        "Gross Profit": 0,
        "Operating Income": -21,
        "EBIT": -21,
        "Net Income": -23
    },
    "2014-12-31": {
        "Diluted EPS": -0.07,
        "Total Revenue": 2,
        "Gross Profit": 1,
        "Operating Income": -4,
        "EBIT": -4,
        "Net Income": -7
    },
    "2014-09-30": {
        "Diluted EPS": -0.12,
        "Total Revenue": 1,
        "Gross Profit": 0,
        "Operating Income": -8,
        "EBIT": -7,
        "Net Income": -9
    },
    "2014-06-30": {
        "Diluted EPS": -0.15,
        "Total Revenue": 1,
        "Gross Profit": 0,
        "Operating Income": -11,
        "EBIT": -10,
        "Net Income": -12
    },
    "2014-03-31": {
        "Diluted EPS": -0.14,
        "Total Revenue": 1,
        "Gross Profit": 1,
        "Operating Income": -10,
        "EBIT": -9,
        "Net Income": -10
    },
    "2013-12-31": {
        "Diluted EPS": -0.15,
        "Total Revenue": 3,
        "Gross Profit": 2,
        "Operating Income": -9,
        "EBIT": -8,
        "Net Income": -10
    },
    "2013-09-30": {
        "Diluted EPS": -0.08,
        "Total Revenue": 2,
        "Gross Profit": 1,
        "Operating Income": -8,
        "EBIT": -8,
        "Net Income": -5
    },
    "2013-06-30": {
        "Diluted EPS": -0.05,
        "Total Revenue": 1,
        "Gross Profit": 1,
        "Operating Income": -6,
        "EBIT": -6,
        "Net Income": -3
    },
    "2013-03-31": {
        "Diluted EPS": -0.11,
        "Total Revenue": 1,
        "Gross Profit": 1,
        "Operating Income": -7,
        "EBIT": -6,
        "Net Income": -8
    },
    "2012-12-31": {
        "Diluted EPS": -0.07,
        "Total Revenue": 4,
        "Gross Profit": 3,
        "Operating Income": -3,
        "EBIT": -2,
        "Net Income": -4
    },
    "2012-09-30": {
        "Diluted EPS": -0.19,
        "Total Revenue": 1,
        "Gross Profit": 1,
        "Operating Income": -10,
        "EBIT": -10,
        "Net Income": -11
    },
    "2012-06-30": {
        "Diluted EPS": -0.13,
        "Total Revenue": 2,
        "Gross Profit": 1,
        "Operating Income": -7,
        "EBIT": -6,
        "Net Income": -8
    },
    "2012-03-31": {
        "Diluted EPS": -0.16,
        "Total Revenue": 1,
        "Gross Profit": 1,
        "Operating Income": -8,
        "EBIT": -8,
        "Net Income": -9
    },
    "2011-12-31": {
        "Diluted EPS": -0.13,
        "Total Revenue": 2,
        "Gross Profit": 1,
        "Operating Income": -6,
        "EBIT": -6,
        "Net Income": -7
    },
    "2011-09-30": {
        "Diluted EPS": -0.15,
        "Total Revenue": 2,
        "Gross Profit": 1,
        "Operating Income": -8,
        "EBIT": -8,
        "Net Income": -8
    },
    "2011-06-30": {
        "Diluted EPS": -0.1,
        "Total Revenue": 2,
        "Gross Profit": 1,
        "Operating Income": -4,
        "EBIT": -4,
        "Net Income": -5
    },
    "2011-03-31": {
        "Diluted EPS": -0.23,
        "Total Revenue": 1,
        "Gross Profit": 1,
        "Operating Income": -11,
        "EBIT": -11,
        "Net Income": -12
    },
    "2010-12-31": {
        "Diluted EPS": -0.19,
        "Total Revenue": 2,
        "Gross Profit": 1,
        "Operating Income": -9,
        "EBIT": -8,
        "Net Income": -9
    },
    "2010-09-30": {
        "Diluted EPS": -0.23,
        "Total Revenue": 2,
        "Gross Profit": 1,
        "Operating Income": -10,
        "EBIT": -9,
        "Net Income": -10
    },
    "2010-06-30": {
        "Diluted EPS": -0.12,
        "Total Revenue": 2,
        "Gross Profit": 1,
        "Operating Income": -5,
        "EBIT": -5,
        "Net Income": -5
    },
    "2010-03-31": {
        "Diluted EPS": -0.06,
        "Total Revenue": 2,
        "Gross Profit": 1,
        "Operating Income": -2,
        "EBIT": -2,
        "Net Income": -2
    },
    "2009-12-31": {
        "Diluted EPS": -0.25,
        "Total Revenue": 1,
        "Gross Profit": 1,
        "Operating Income": -9,
        "EBIT": -9,
        "Net Income": -9
    },
    "2009-09-30": {
        "Diluted EPS": -0.18,
        "Total Revenue": 1,
        "Gross Profit": 1,
        "Operating Income": -6,
        "EBIT": -6,
        "Net Income": -7
    },
    "2009-06-30": {
        "Diluted EPS": -0.02,
        "Total Revenue": 1,
        "Gross Profit": 1,
        "Operating Income": 0,
        "EBIT": 0,
        "Net Income": -1
    },
    "2009-03-31": {
        "Diluted EPS": -0.2,
        "Total Revenue": 2,
        "Gross Profit": 1,
        "Operating Income": -6,
        "EBIT": -5,
        "Net Income": -6
    },
    "2023-06-30": {
        "Tax Effect Of Unusual Items": 0.0,
        "Tax Rate For Calcs": 0.0,
        "Normalized EBITDA": -1239000.0,
        "Total Unusual Items": 0.0,
        "Total Unusual Items Excluding Goodwill": 0.0,
        "Net Income From Continuing Operation Net Minority Interest": -1482000.0,
        "Reconciled Depreciation": 131000.0,
        "EBIT": -1370000.0,
        "Net Interest Income": 8000.0,
        "Interest Expense": 112000.0,
        "Interest Income": 120000.0,
        "Normalized Income": -1482000.0,
        "Net Income From Continuing And Discontinued Operation": -1482000.0,
        "Total Expenses": 3344000.0,
        "Total Operating Income As Reported": -1490000.0,
        "Diluted Average Shares": 2509378.0,
        "Basic Average Shares": 2509378.0,
        "Diluted EPS": -0.59,
        "Basic EPS": -0.59,
        "Diluted NI Availto Com Stockholders": -1482000.0,
        "Net Income Common Stockholders": -1482000.0,
        "Net Income": -1482000.0,
        "Net Income Including Noncontrolling Interests": -1482000.0,
        "Net Income Continuous Operations": -1482000.0,
        "Pretax Income": -1482000.0,
        "Other Income Expense": NaN,
        "Special Income Charges": 0.0,
        "Gain On Sale Of Ppe": 0.0,
        "Gain On Sale Of Security": NaN,
        "Net Non Operating Interest Income Expense": 8000.0,
        "Interest Expense Non Operating": 112000.0,
        "Interest Income Non Operating": 120000.0,
        "Operating Income": -1490000.0,
        "Operating Expense": 3344000.0,
        "Other Operating Expenses": NaN,
        "Research And Development": 1420000.0,
        "Selling General And Administration": 1924000.0,
        "General And Administrative Expense": 1924000.0,
        "Other Gand A": 1798000.0,
        "Salaries And Wages": 126000.0,
        "Total Revenue": 1854000.0,
        "Operating Revenue": 1854000.0
    }
}