{
    "2023-03-31": {
        "Tax Effect Of Unusual Items": NaN,
        "Tax Rate For Calcs": NaN,
        "Normalized EBITDA": NaN,
        "Net Income From Continuing Operation Net Minority Interest": NaN,
        "Reconciled Depreciation": NaN,
        "EBITDA": NaN,
        "EBIT": NaN,
        "Net Interest Income": NaN,
        "Interest Expense": NaN,
        "Normalized Income": NaN,
        "Net Income From Continuing And Discontinued Operation": NaN,
        "Total Expenses": NaN,
        "Total Operating Income As Reported": NaN,
        "Diluted Average Shares": 86265223.0,
        "Basic Average Shares": 86265223.0,
        "Diluted EPS": -0.45,
        "Basic EPS": -0.45,
        "Diluted NI Availto Com Stockholders": NaN,
        "Net Income Common Stockholders": NaN,
        "Net Income": NaN,
        "Net Income Including Noncontrolling Interests": NaN,
        "Net Income Continuous Operations": NaN,
        "Tax Provision": NaN,
        "Pretax Income": NaN,
        "Other Income Expense": NaN,
        "Other Non Operating Income Expenses": NaN,
        "Net Non Operating Interest Income Expense": NaN,
        "Interest Expense Non Operating": NaN,
        "Operating Income": NaN,
        "Operating Expense": NaN,
        "Research And Development": NaN,
        "Selling General And Administration": NaN,
        "General And Administrative Expense": NaN,
        "Other Gand A": NaN,
        "Total Revenue": NaN,
        "Operating Revenue": NaN
    },
    "2022-12-31": {
        "Tax Effect Of Unusual Items": NaN,
        "Tax Rate For Calcs": NaN,
        "Normalized EBITDA": NaN,
        "Net Income From Continuing Operation Net Minority Interest": NaN,
        "Reconciled Depreciation": NaN,
        "EBITDA": NaN,
        "EBIT": NaN,
        "Net Interest Income": NaN,
        "Interest Expense": NaN,
        "Normalized Income": NaN,
        "Net Income From Continuing And Discontinued Operation": NaN,
        "Total Expenses": NaN,
        "Total Operating Income As Reported": NaN,
        "Diluted Average Shares": NaN,
        "Basic Average Shares": NaN,
        "Diluted EPS": NaN,
        "Basic EPS": NaN,
        "Diluted NI Availto Com Stockholders": NaN,
        "Net Income Common Stockholders": NaN,
        "Net Income": NaN,
        "Net Income Including Noncontrolling Interests": NaN,
        "Net Income Continuous Operations": NaN,
        "Tax Provision": 292000.0,
        "Pretax Income": NaN,
        "Other Income Expense": NaN,
        "Other Non Operating Income Expenses": NaN,
        "Net Non Operating Interest Income Expense": NaN,
        "Interest Expense Non Operating": NaN,
        "Operating Income": NaN,
        "Operating Expense": NaN,
        "Research And Development": NaN,
        "Selling General And Administration": NaN,
        "General And Administrative Expense": NaN,
        "Other Gand A": NaN,
        "Total Revenue": NaN,
        "Operating Revenue": NaN
    },
    "2022-09-30": {
        "Tax Effect Of Unusual Items": NaN,
        "Tax Rate For Calcs": NaN,
        "Normalized EBITDA": NaN,
        "Net Income From Continuing Operation Net Minority Interest": NaN,
        "Reconciled Depreciation": NaN,
        "EBITDA": NaN,
        "EBIT": NaN,
        "Net Interest Income": NaN,
        "Interest Expense": NaN,
        "Normalized Income": NaN,
        "Net Income From Continuing And Discontinued Operation": NaN,
        "Total Expenses": NaN,
        "Total Operating Income As Reported": NaN,
        "Diluted Average Shares": NaN,
        "Basic Average Shares": NaN,
        "Diluted EPS": NaN,
        "Basic EPS": NaN,
        "Diluted NI Availto Com Stockholders": NaN,
        "Net Income Common Stockholders": NaN,
        "Net Income": NaN,
        "Net Income Including Noncontrolling Interests": NaN,
        "Net Income Continuous Operations": NaN,
        "Tax Provision": 252000.0,
        "Pretax Income": NaN,
        "Other Income Expense": NaN,
        "Other Non Operating Income Expenses": NaN,
        "Net Non Operating Interest Income Expense": NaN,
        "Interest Expense Non Operating": NaN,
        "Operating Income": NaN,
        "Operating Expense": NaN,
        "Research And Development": NaN,
        "Selling General And Administration": NaN,
        "General And Administrative Expense": NaN,
        "Other Gand A": NaN,
        "Total Revenue": NaN,
        "Operating Revenue": NaN
    },
    "2022-06-30": {
        "Tax Effect Of Unusual Items": 0.0,
        "Tax Rate For Calcs": 0.0,
        "Normalized EBITDA": -40233000.0,
        "Net Income From Continuing Operation Net Minority Interest": -43036000.0,
        "Reconciled Depreciation": 1260000.0,
        "EBITDA": -40233000.0,
        "EBIT": -41493000.0,
        "Net Interest Income": -1543000.0,
        "Interest Expense": 1543000.0,
        "Normalized Income": -43036000.0,
        "Net Income From Continuing And Discontinued Operation": -43036000.0,
        "Total Expenses": 44245000.0,
        "Total Operating Income As Reported": -41545000.0,
        "Diluted Average Shares": 62713363.0,
        "Basic Average Shares": 62713363.0,
        "Diluted EPS": -0.69,
        "Basic EPS": -0.69,
        "Diluted NI Availto Com Stockholders": -43036000.0,
        "Net Income Common Stockholders": -43036000.0,
        "Net Income": -43036000.0,
        "Net Income Including Noncontrolling Interests": -43036000.0,
        "Net Income Continuous Operations": -43036000.0,
        "Tax Provision": 0.0,
        "Pretax Income": -43036000.0,
        "Other Income Expense": 52000.0,
        "Other Non Operating Income Expenses": 52000.0,
        "Net Non Operating Interest Income Expense": -1543000.0,
        "Interest Expense Non Operating": 1543000.0,
        "Operating Income": -41545000.0,
        "Operating Expense": 44245000.0,
        "Research And Development": 35008000.0,
        "Selling General And Administration": 9237000.0,
        "General And Administrative Expense": 9237000.0,
        "Other Gand A": 9237000.0,
        "Total Revenue": 2700000.0,
        "Operating Revenue": 2700000.0
    },
    "2022-03-31": {
        "Diluted EPS": -0.93,
        "Total Revenue": 1,
        "Gross Profit": 1,
        "Operating Income": -57,
        "EBIT": -56,
        "Net Income": -58
    },
    "2021-12-31": {
        "Diluted EPS": 0.03,
        "Total Revenue": NaN,
        "Gross Profit": NaN,
        "Operating Income": -49,
        "EBIT": -47,
        "Net Income": 1
    },
    "2021-09-30": {
        "Diluted EPS": -0.68,
        "Total Revenue": NaN,
        "Gross Profit": NaN,
        "Operating Income": -42,
        "EBIT": -40,
        "Net Income": -42
    },
    "2021-06-30": {
        "Diluted EPS": -0.74,
        "Total Revenue": NaN,
        "Gross Profit": NaN,
        "Operating Income": -45,
        "EBIT": -44,
        "Net Income": -46
    },
    "2021-03-31": {
        "Diluted EPS": -0.62,
        "Total Revenue": NaN,
        "Gross Profit": NaN,
        "Operating Income": -37,
        "EBIT": -36,
        "Net Income": -38
    },
    "2020-12-31": {
        "Diluted EPS": 1.46,
        "Total Revenue": NaN,
        "Gross Profit": NaN,
        "Operating Income": -35,
        "EBIT": -34,
        "Net Income": -36
    },
    "2020-09-30": {
        "Diluted EPS": -0.63,
        "Total Revenue": NaN,
        "Gross Profit": NaN,
        "Operating Income": -33,
        "EBIT": -33,
        "Net Income": -34
    },
    "2020-06-30": {
        "Diluted EPS": -2.28,
        "Total Revenue": NaN,
        "Gross Profit": NaN,
        "Operating Income": -29,
        "EBIT": -29,
        "Net Income": -30
    },
    "2020-03-31": {
        "Diluted EPS": -2.16,
        "Total Revenue": NaN,
        "Gross Profit": NaN,
        "Operating Income": -28,
        "EBIT": -28,
        "Net Income": -29
    },
    "2019-12-31": {
        "Diluted EPS": 0.0,
        "Total Revenue": NaN,
        "Gross Profit": NaN,
        "Operating Income": NaN,
        "EBIT": NaN,
        "Net Income": NaN
    },
    "2019-09-30": {
        "Diluted EPS": -1.65,
        "Total Revenue": NaN,
        "Gross Profit": NaN,
        "Operating Income": -21,
        "EBIT": -20,
        "Net Income": -21
    },
    "2019-06-30": {
        "Diluted EPS": -2.32,
        "Total Revenue": NaN,
        "Gross Profit": NaN,
        "Operating Income": -28,
        "EBIT": -28,
        "Net Income": -29
    },
    "2018-12-31": {
        "Diluted EPS": 0.0,
        "Total Revenue": NaN,
        "Gross Profit": NaN,
        "Operating Income": NaN,
        "EBIT": NaN,
        "Net Income": NaN
    },
    "2023-06-30": {
        "Tax Effect Of Unusual Items": NaN,
        "Tax Rate For Calcs": NaN,
        "Normalized EBITDA": NaN,
        "Net Income From Continuing Operation Net Minority Interest": NaN,
        "Reconciled Depreciation": NaN,
        "EBITDA": NaN,
        "EBIT": NaN,
        "Net Interest Income": NaN,
        "Interest Expense": NaN,
        "Normalized Income": NaN,
        "Net Income From Continuing And Discontinued Operation": NaN,
        "Total Expenses": NaN,
        "Total Operating Income As Reported": NaN,
        "Diluted Average Shares": 86794697.0,
        "Basic Average Shares": 86794697.0,
        "Diluted EPS": -0.32,
        "Basic EPS": -0.32,
        "Diluted NI Availto Com Stockholders": NaN,
        "Net Income Common Stockholders": NaN,
        "Net Income": NaN,
        "Net Income Including Noncontrolling Interests": NaN,
        "Net Income Continuous Operations": NaN,
        "Tax Provision": NaN,
        "Pretax Income": NaN,
        "Other Income Expense": NaN,
        "Other Non Operating Income Expenses": NaN,
        "Net Non Operating Interest Income Expense": NaN,
        "Interest Expense Non Operating": NaN,
        "Operating Income": NaN,
        "Operating Expense": NaN,
        "Research And Development": NaN,
        "Selling General And Administration": NaN,
        "General And Administrative Expense": NaN,
        "Other Gand A": NaN,
        "Total Revenue": NaN,
        "Operating Revenue": NaN
    },
    "2023-09-30": {
        "Tax Effect Of Unusual Items": 0.0,
        "Tax Rate For Calcs": 0.21,
        "Normalized EBITDA": -27991000.0,
        "Net Income From Continuing Operation Net Minority Interest": -31778000.0,
        "Reconciled Depreciation": 1444000.0,
        "EBITDA": -27991000.0,
        "EBIT": -29435000.0,
        "Net Interest Income": -2236000.0,
        "Interest Expense": 2236000.0,
        "Normalized Income": -31778000.0,
        "Net Income From Continuing And Discontinued Operation": -31778000.0,
        "Total Expenses": 45574000.0,
        "Total Operating Income As Reported": -36222000.0,
        "Diluted Average Shares": 91898347.0,
        "Basic Average Shares": 91898347.0,
        "Diluted EPS": -0.35,
        "Basic EPS": -0.35,
        "Diluted NI Availto Com Stockholders": -31778000.0,
        "Net Income Common Stockholders": -31778000.0,
        "Net Income": -31778000.0,
        "Net Income Including Noncontrolling Interests": -31778000.0,
        "Net Income Continuous Operations": -31778000.0,
        "Tax Provision": 107000.0,
        "Pretax Income": -31671000.0,
        "Other Income Expense": 6787000.0,
        "Other Non Operating Income Expenses": 6787000.0,
        "Net Non Operating Interest Income Expense": -2236000.0,
        "Interest Expense Non Operating": 2236000.0,
        "Operating Income": -36222000.0,
        "Operating Expense": 45574000.0,
        "Research And Development": 37482000.0,
        "Selling General And Administration": 8092000.0,
        "General And Administrative Expense": 8092000.0,
        "Other Gand A": 8092000.0,
        "Total Revenue": 9352000.0,
        "Operating Revenue": 9352000.0
    },
    "2023-12-31": {
        "Tax Effect Of Unusual Items": 0.0,
        "Tax Rate For Calcs": 0.0,
        "Normalized EBITDA": -21644000.0,
        "Net Income From Continuing Operation Net Minority Interest": -25349000.0,
        "Reconciled Depreciation": 1438000.0,
        "EBITDA": -21644000.0,
        "EBIT": -23082000.0,
        "Net Interest Income": -2267000.0,
        "Interest Expense": 2267000.0,
        "Normalized Income": -25349000.0,
        "Net Income From Continuing And Discontinued Operation": -25349000.0,
        "Total Expenses": 50904000.0,
        "Total Operating Income As Reported": -25909000.0,
        "Diluted Average Shares": NaN,
        "Basic Average Shares": NaN,
        "Diluted EPS": NaN,
        "Basic EPS": NaN,
        "Diluted NI Availto Com Stockholders": -25349000.0,
        "Net Income Common Stockholders": -25349000.0,
        "Net Income": -25349000.0,
        "Net Income Including Noncontrolling Interests": -25349000.0,
        "Net Income Continuous Operations": -25349000.0,
        "Tax Provision": 0.0,
        "Pretax Income": -25349000.0,
        "Other Income Expense": 2827000.0,
        "Other Non Operating Income Expenses": 2827000.0,
        "Net Non Operating Interest Income Expense": -2267000.0,
        "Interest Expense Non Operating": 2267000.0,
        "Operating Income": -25909000.0,
        "Operating Expense": 50904000.0,
        "Research And Development": 42045000.0,
        "Selling General And Administration": 8859000.0,
        "General And Administrative Expense": 8859000.0,
        "Other Gand A": 8859000.0,
        "Total Revenue": 24995000.0,
        "Operating Revenue": 24995000.0
    },
    "2024-03-31": {
        "Tax Effect Of Unusual Items": 0.0,
        "Tax Rate For Calcs": 0.0,
        "Normalized EBITDA": -20641000.0,
        "Net Income From Continuing Operation Net Minority Interest": -24274000.0,
        "Reconciled Depreciation": 1380000.0,
        "EBITDA": -20641000.0,
        "EBIT": -22021000.0,
        "Net Interest Income": -2253000.0,
        "Interest Expense": 2253000.0,
        "Normalized Income": -24274000.0,
        "Net Income From Continuing And Discontinued Operation": -24274000.0,
        "Total Expenses": 52719000.0,
        "Total Operating Income As Reported": -24577000.0,
        "Diluted Average Shares": 96019579.0,
        "Basic Average Shares": 96019579.0,
        "Diluted EPS": -0.25,
        "Basic EPS": -0.25,
        "Diluted NI Availto Com Stockholders": -24274000.0,
        "Net Income Common Stockholders": -24274000.0,
        "Net Income": -24274000.0,
        "Net Income Including Noncontrolling Interests": -24274000.0,
        "Net Income Continuous Operations": -24274000.0,
        "Tax Provision": NaN,
        "Pretax Income": -24274000.0,
        "Other Income Expense": 2556000.0,
        "Other Non Operating Income Expenses": 2556000.0,
        "Net Non Operating Interest Income Expense": -2253000.0,
        "Interest Expense Non Operating": 2253000.0,
        "Operating Income": -24577000.0,
        "Operating Expense": 52719000.0,
        "Research And Development": 42921000.0,
        "Selling General And Administration": 9798000.0,
        "General And Administrative Expense": 9798000.0,
        "Other Gand A": 9798000.0,
        "Total Revenue": 28142000.0,
        "Operating Revenue": 28142000.0
    },
    "2024-06-30": {
        "Tax Effect Of Unusual Items": 0.0,
        "Tax Rate For Calcs": 0.0,
        "Normalized EBITDA": -27763000.0,
        "Net Income From Continuing Operation Net Minority Interest": -31371000.0,
        "Reconciled Depreciation": 1349000.0,
        "EBITDA": -27763000.0,
        "EBIT": -29112000.0,
        "Net Interest Income": -2259000.0,
        "Interest Expense": 2259000.0,
        "Normalized Income": -31371000.0,
        "Net Income From Continuing And Discontinued Operation": -31371000.0,
        "Total Expenses": 57729000.0,
        "Total Operating Income As Reported": -31756000.0,
        "Diluted Average Shares": 96965025.0,
        "Basic Average Shares": 96965025.0,
        "Diluted EPS": -0.32,
        "Basic EPS": -0.32,
        "Diluted NI Availto Com Stockholders": -31371000.0,
        "Net Income Common Stockholders": -31371000.0,
        "Net Income": -31371000.0,
        "Net Income Including Noncontrolling Interests": -31371000.0,
        "Net Income Continuous Operations": -31371000.0,
        "Tax Provision": NaN,
        "Pretax Income": -31371000.0,
        "Other Income Expense": 2644000.0,
        "Other Non Operating Income Expenses": 2644000.0,
        "Net Non Operating Interest Income Expense": -2259000.0,
        "Interest Expense Non Operating": 2259000.0,
        "Operating Income": -31756000.0,
        "Operating Expense": 57729000.0,
        "Research And Development": 45547000.0,
        "Selling General And Administration": 12182000.0,
        "General And Administrative Expense": 12182000.0,
        "Other Gand A": 12182000.0,
        "Total Revenue": 25973000.0,
        "Operating Revenue": 25973000.0
    },
    "2024-09-30": {
        "Tax Effect Of Unusual Items": 0.0,
        "Tax Rate For Calcs": 0.002,
        "Normalized EBITDA": 23892000.0,
        "Net Income From Continuing Operation Net Minority Interest": 20235000.0,
        "Reconciled Depreciation": 1319000.0,
        "EBITDA": 23892000.0,
        "EBIT": 22573000.0,
        "Net Interest Income": -2295000.0,
        "Interest Expense": 2295000.0,
        "Normalized Income": 20235000.0,
        "Net Income From Continuing And Discontinued Operation": 20235000.0,
        "Total Expenses": 52006000.0,
        "Total Operating Income As Reported": 19742000.0,
        "Diluted Average Shares": 98219947.0,
        "Basic Average Shares": 97160467.0,
        "Diluted EPS": 0.21,
        "Basic EPS": 0.21,
        "Diluted NI Availto Com Stockholders": 20235000.0,
        "Net Income Common Stockholders": 20235000.0,
        "Net Income": 20235000.0,
        "Net Income Including Noncontrolling Interests": 20235000.0,
        "Net Income Continuous Operations": 20235000.0,
        "Tax Provision": 43000.0,
        "Pretax Income": 20278000.0,
        "Other Income Expense": 2831000.0,
        "Other Non Operating Income Expenses": 2831000.0,
        "Net Non Operating Interest Income Expense": -2295000.0,
        "Interest Expense Non Operating": 2295000.0,
        "Operating Income": 19742000.0,
        "Operating Expense": 52006000.0,
        "Research And Development": 41914000.0,
        "Selling General And Administration": 10092000.0,
        "General And Administrative Expense": 10092000.0,
        "Other Gand A": 10092000.0,
        "Total Revenue": 71748000.0,
        "Operating Revenue": 71748000.0
    }
}