{
    "2023-03-31": {
        "Tax Effect Of Unusual Items": NaN,
        "Tax Rate For Calcs": NaN,
        "Normalized EBITDA": NaN,
        "Total Unusual Items": NaN,
        "Total Unusual Items Excluding Goodwill": NaN,
        "Net Income From Continuing Operation Net Minority Interest": NaN,
        "Reconciled Depreciation": NaN,
        "Reconciled Cost Of Revenue": NaN,
        "EBITDA": NaN,
        "EBIT": NaN,
        "Net Interest Income": NaN,
        "Interest Expense": NaN,
        "Normalized Income": NaN,
        "Net Income From Continuing And Discontinued Operation": NaN,
        "Total Expenses": NaN,
        "Diluted Average Shares": NaN,
        "Basic Average Shares": NaN,
        "Diluted EPS": NaN,
        "Basic EPS": NaN,
        "Diluted NI Availto Com Stockholders": NaN,
        "Average Dilution Earnings": 2000000.0,
        "Net Income Common Stockholders": NaN,
        "Otherunder Preferred Stock Dividend": NaN,
        "Net Income": NaN,
        "Minority Interests": NaN,
        "Net Income Including Noncontrolling Interests": NaN,
        "Net Income Continuous Operations": NaN,
        "Tax Provision": NaN,
        "Pretax Income": NaN,
        "Other Income Expense": NaN,
        "Other Non Operating Income Expenses": NaN,
        "Special Income Charges": NaN,
        "Gain On Sale Of Ppe": NaN,
        "Write Off": NaN,
        "Impairment Of Capital Assets": 8000000.0,
        "Earnings From Equity Interest": NaN,
        "Gain On Sale Of Security": NaN,
        "Net Non Operating Interest Income Expense": NaN,
        "Interest Expense Non Operating": NaN,
        "Operating Income": NaN,
        "Operating Expense": NaN,
        "Other Operating Expenses": NaN,
        "Other Taxes": NaN,
        "Selling General And Administration": NaN,
        "Gross Profit": NaN,
        "Cost Of Revenue": NaN,
        "Total Revenue": NaN,
        "Operating Revenue": NaN
    },
    "2022-12-31": {
        "Tax Effect Of Unusual Items": NaN,
        "Tax Rate For Calcs": NaN,
        "Normalized EBITDA": NaN,
        "Total Unusual Items": NaN,
        "Total Unusual Items Excluding Goodwill": NaN,
        "Net Income From Continuing Operation Net Minority Interest": NaN,
        "Reconciled Depreciation": NaN,
        "Reconciled Cost Of Revenue": NaN,
        "EBITDA": NaN,
        "EBIT": NaN,
        "Net Interest Income": NaN,
        "Interest Expense": NaN,
        "Normalized Income": NaN,
        "Net Income From Continuing And Discontinued Operation": NaN,
        "Total Expenses": NaN,
        "Diluted Average Shares": NaN,
        "Basic Average Shares": NaN,
        "Diluted EPS": NaN,
        "Basic EPS": NaN,
        "Diluted NI Availto Com Stockholders": NaN,
        "Average Dilution Earnings": NaN,
        "Net Income Common Stockholders": NaN,
        "Otherunder Preferred Stock Dividend": NaN,
        "Net Income": NaN,
        "Minority Interests": NaN,
        "Net Income Including Noncontrolling Interests": NaN,
        "Net Income Continuous Operations": NaN,
        "Tax Provision": NaN,
        "Pretax Income": NaN,
        "Other Income Expense": NaN,
        "Other Non Operating Income Expenses": NaN,
        "Special Income Charges": NaN,
        "Gain On Sale Of Ppe": NaN,
        "Write Off": NaN,
        "Impairment Of Capital Assets": 12000000.0,
        "Earnings From Equity Interest": NaN,
        "Gain On Sale Of Security": NaN,
        "Net Non Operating Interest Income Expense": NaN,
        "Interest Expense Non Operating": NaN,
        "Operating Income": NaN,
        "Operating Expense": NaN,
        "Other Operating Expenses": NaN,
        "Other Taxes": NaN,
        "Selling General And Administration": NaN,
        "Gross Profit": NaN,
        "Cost Of Revenue": NaN,
        "Total Revenue": NaN,
        "Operating Revenue": NaN
    },
    "2022-09-30": {
        "Tax Effect Of Unusual Items": -904000.0,
        "Tax Rate For Calcs": 0.226,
        "Normalized EBITDA": 7755000000.0,
        "Total Unusual Items": -4000000.0,
        "Total Unusual Items Excluding Goodwill": -4000000.0,
        "Net Income From Continuing Operation Net Minority Interest": 5391000000.0,
        "Reconciled Depreciation": 430000000.0,
        "Reconciled Cost Of Revenue": 39076000000.0,
        "EBITDA": 7751000000.0,
        "EBIT": 7321000000.0,
        "Net Interest Income": -163000000.0,
        "Interest Expense": 163000000.0,
        "Normalized Income": 5394096000.0,
        "Net Income From Continuing And Discontinued Operation": 5391000000.0,
        "Total Expenses": 41438000000.0,
        "Diluted Average Shares": 483036000.0,
        "Basic Average Shares": 481388000.0,
        "Diluted EPS": 11.16,
        "Basic EPS": 11.19,
        "Diluted NI Availto Com Stockholders": 5391000000.0,
        "Average Dilution Earnings": 3000000.0,
        "Net Income Common Stockholders": 5391000000.0,
        "Otherunder Preferred Stock Dividend": 3000000.0,
        "Net Income": 5391000000.0,
        "Minority Interests": -149000000.0,
        "Net Income Including Noncontrolling Interests": 5540000000.0,
        "Net Income Continuous Operations": 5540000000.0,
        "Tax Provision": 1618000000.0,
        "Pretax Income": 7158000000.0,
        "Other Income Expense": 3804000000.0,
        "Other Non Operating Income Expenses": 3026000000.0,
        "Special Income Charges": 1000000.0,
        "Gain On Sale Of Ppe": 1000000.0,
        "Write Off": 0.0,
        "Impairment Of Capital Assets": 0.0,
        "Earnings From Equity Interest": 782000000.0,
        "Gain On Sale Of Security": -5000000.0,
        "Net Non Operating Interest Income Expense": -163000000.0,
        "Interest Expense Non Operating": 163000000.0,
        "Operating Income": 3517000000.0,
        "Operating Expense": 2362000000.0,
        "Other Operating Expenses": 1612000000.0,
        "Other Taxes": 133000000.0,
        "Selling General And Administration": 617000000.0,
        "Gross Profit": 5879000000.0,
        "Cost Of Revenue": 39076000000.0,
        "Total Revenue": 44955000000.0,
        "Operating Revenue": 44955000000.0
    },
    "2022-06-30": {
        "Tax Effect Of Unusual Items": -5290000.0,
        "Tax Rate For Calcs": 0.23,
        "Normalized EBITDA": 4627000000.0,
        "Total Unusual Items": -23000000.0,
        "Total Unusual Items Excluding Goodwill": -23000000.0,
        "Net Income From Continuing Operation Net Minority Interest": 3167000000.0,
        "Reconciled Depreciation": 359000000.0,
        "Reconciled Cost Of Revenue": 43004000000.0,
        "EBITDA": 4604000000.0,
        "EBIT": 4245000000.0,
        "Net Interest Income": -139000000.0,
        "Interest Expense": 139000000.0,
        "Normalized Income": 3184710000.0,
        "Net Income From Continuing And Discontinued Operation": 3167000000.0,
        "Total Expenses": 45041000000.0,
        "Diluted Average Shares": 485035000.0,
        "Basic Average Shares": 483088000.0,
        "Diluted EPS": 6.53,
        "Basic EPS": 6.55,
        "Diluted NI Availto Com Stockholders": 3167000000.0,
        "Average Dilution Earnings": 3000000.0,
        "Net Income Common Stockholders": 3164000000.0,
        "Otherunder Preferred Stock Dividend": 3000000.0,
        "Net Income": 3167000000.0,
        "Minority Interests": -15000000.0,
        "Net Income Including Noncontrolling Interests": 3182000000.0,
        "Net Income Continuous Operations": 3182000000.0,
        "Tax Provision": 924000000.0,
        "Pretax Income": 4106000000.0,
        "Other Income Expense": 709000000.0,
        "Other Non Operating Income Expenses": -185000000.0,
        "Special Income Charges": -2000000.0,
        "Gain On Sale Of Ppe": 0.0,
        "Write Off": NaN,
        "Impairment Of Capital Assets": 2000000.0,
        "Earnings From Equity Interest": 917000000.0,
        "Gain On Sale Of Security": -21000000.0,
        "Net Non Operating Interest Income Expense": -139000000.0,
        "Interest Expense Non Operating": 139000000.0,
        "Operating Income": 3536000000.0,
        "Operating Expense": 2037000000.0,
        "Other Operating Expenses": 1431000000.0,
        "Other Taxes": 118000000.0,
        "Selling General And Administration": 488000000.0,
        "Gross Profit": 5573000000.0,
        "Cost Of Revenue": 43004000000.0,
        "Total Revenue": 48577000000.0,
        "Operating Revenue": 48577000000.0
    },
    "2023-06-30": {
        "Tax Effect Of Unusual Items": -4140000.0,
        "Tax Rate For Calcs": 0.23,
        "Normalized EBITDA": 3030000000.0,
        "Total Unusual Items": -18000000.0,
        "Total Unusual Items Excluding Goodwill": -18000000.0,
        "Net Income From Continuing Operation Net Minority Interest": 1697000000.0,
        "Reconciled Depreciation": 495000000.0,
        "Reconciled Cost Of Revenue": 31066000000.0,
        "EBITDA": 3012000000.0,
        "EBIT": 2517000000.0,
        "Net Interest Income": -273000000.0,
        "Interest Expense": 273000000.0,
        "Normalized Income": 1710860000.0,
        "Net Income From Continuing And Discontinued Operation": 1697000000.0,
        "Total Expenses": 33217000000.0,
        "Diluted Average Shares": 456168000.0,
        "Basic Average Shares": 454450000.0,
        "Diluted EPS": 3.72,
        "Basic EPS": 3.73,
        "Diluted NI Availto Com Stockholders": 1696000000.0,
        "Average Dilution Earnings": 2000000.0,
        "Net Income Common Stockholders": 1694000000.0,
        "Otherunder Preferred Stock Dividend": 3000000.0,
        "Net Income": 1697000000.0,
        "Minority Interests": -37000000.0,
        "Net Income Including Noncontrolling Interests": 1734000000.0,
        "Net Income Continuous Operations": 1734000000.0,
        "Tax Provision": 510000000.0,
        "Pretax Income": 2244000000.0,
        "Other Income Expense": 644000000.0,
        "Other Non Operating Income Expenses": 99000000.0,
        "Special Income Charges": -16000000.0,
        "Gain On Sale Of Ppe": -12000000.0,
        "Write Off": 4000000.0,
        "Impairment Of Capital Assets": NaN,
        "Earnings From Equity Interest": 563000000.0,
        "Gain On Sale Of Security": -2000000.0,
        "Net Non Operating Interest Income Expense": -273000000.0,
        "Interest Expense Non Operating": 273000000.0,
        "Operating Income": 1873000000.0,
        "Operating Expense": 2151000000.0,
        "Other Operating Expenses": 1384000000.0,
        "Other Taxes": 174000000.0,
        "Selling General And Administration": 593000000.0,
        "Gross Profit": 4024000000.0,
        "Cost Of Revenue": 31066000000.0,
        "Total Revenue": 35090000000.0,
        "Operating Revenue": 35090000000.0
    },
    "2022-03-31": {
        "Diluted EPS": 1.29,
        "Total Revenue": NaN,
        "Gross Profit": NaN,
        "Operating Income": 276,
        "EBIT": 620,
        "Net Income": 582
    },
    "2021-12-31": {
        "Diluted EPS": 2.89,
        "Total Revenue": NaN,
        "Gross Profit": NaN,
        "Operating Income": 967,
        "EBIT": NaN,
        "Net Income": NaN
    },
    "2021-09-30": {
        "Diluted EPS": 0.91,
        "Total Revenue": NaN,
        "Gross Profit": NaN,
        "Operating Income": -379,
        "EBIT": -12,
        "Net Income": 402
    },
    "2021-06-30": {
        "Diluted EPS": 0.66,
        "Total Revenue": NaN,
        "Gross Profit": NaN,
        "Operating Income": -260,
        "EBIT": 110,
        "Net Income": 296
    },
    "2021-03-31": {
        "Diluted EPS": -1.49,
        "Total Revenue": NaN,
        "Gross Profit": NaN,
        "Operating Income": -910,
        "EBIT": -548,
        "Net Income": -654
    },
    "2020-12-31": {
        "Diluted EPS": -1.25,
        "Total Revenue": NaN,
        "Gross Profit": NaN,
        "Operating Income": -870,
        "EBIT": -507,
        "Net Income": -539
    },
    "2020-09-30": {
        "Diluted EPS": -1.82,
        "Total Revenue": NaN,
        "Gross Profit": NaN,
        "Operating Income": NaN,
        "EBIT": NaN,
        "Net Income": -799
    },
    "2020-06-30": {
        "Diluted EPS": -0.33,
        "Total Revenue": NaN,
        "Gross Profit": NaN,
        "Operating Income": -479,
        "EBIT": -131,
        "Net Income": -141
    },
    "2020-03-31": {
        "Diluted EPS": -5.66,
        "Total Revenue": NaN,
        "Gross Profit": NaN,
        "Operating Income": NaN,
        "EBIT": NaN,
        "Net Income": NaN
    },
    "2019-12-31": {
        "Diluted EPS": 1.63,
        "Total Revenue": NaN,
        "Gross Profit": NaN,
        "Operating Income": 717,
        "EBIT": NaN,
        "Net Income": 736
    },
    "2019-09-30": {
        "Diluted EPS": 1.58,
        "Total Revenue": NaN,
        "Gross Profit": NaN,
        "Operating Income": 544,
        "EBIT": 886,
        "Net Income": 712
    },
    "2019-06-30": {
        "Diluted EPS": 3.12,
        "Total Revenue": NaN,
        "Gross Profit": NaN,
        "Operating Income": NaN,
        "EBIT": NaN,
        "Net Income": NaN
    },
    "2019-03-31": {
        "Diluted EPS": 0.44,
        "Total Revenue": NaN,
        "Gross Profit": NaN,
        "Operating Income": -52,
        "EBIT": 285,
        "Net Income": 204
    },
    "2018-12-31": {
        "Diluted EPS": 4.71,
        "Total Revenue": NaN,
        "Gross Profit": NaN,
        "Operating Income": NaN,
        "EBIT": NaN,
        "Net Income": NaN
    },
    "2018-09-30": {
        "Diluted EPS": 3.18,
        "Total Revenue": NaN,
        "Gross Profit": NaN,
        "Operating Income": NaN,
        "EBIT": NaN,
        "Net Income": NaN
    },
    "2018-06-30": {
        "Diluted EPS": 2.84,
        "Total Revenue": NaN,
        "Gross Profit": NaN,
        "Operating Income": NaN,
        "EBIT": NaN,
        "Net Income": NaN
    },
    "2018-03-31": {
        "Diluted EPS": 1.07,
        "Total Revenue": NaN,
        "Gross Profit": NaN,
        "Operating Income": 400,
        "EBIT": 742,
        "Net Income": 524
    },
    "2017-12-31": {
        "Diluted EPS": 6.17,
        "Total Revenue": NaN,
        "Gross Profit": NaN,
        "Operating Income": 387,
        "EBIT": 739,
        "Net Income": NaN
    },
    "2017-09-30": {
        "Diluted EPS": 1.6,
        "Total Revenue": NaN,
        "Gross Profit": NaN,
        "Operating Income": 845,
        "EBIT": NaN,
        "Net Income": 823
    },
    "2017-06-30": {
        "Diluted EPS": 1.06,
        "Total Revenue": NaN,
        "Gross Profit": NaN,
        "Operating Income": 493,
        "EBIT": 819,
        "Net Income": 550
    },
    "2017-03-31": {
        "Diluted EPS": 1.02,
        "Total Revenue": NaN,
        "Gross Profit": NaN,
        "Operating Income": 536,
        "EBIT": 856,
        "Net Income": 535
    },
    "2016-12-31": {
        "Diluted EPS": 0.31,
        "Total Revenue": NaN,
        "Gross Profit": NaN,
        "Operating Income": -104,
        "EBIT": 207,
        "Net Income": 163
    },
    "2016-09-30": {
        "Diluted EPS": 0.96,
        "Total Revenue": NaN,
        "Gross Profit": NaN,
        "Operating Income": 494,
        "EBIT": 792,
        "Net Income": 511
    },
    "2016-06-30": {
        "Diluted EPS": 0.93,
        "Total Revenue": NaN,
        "Gross Profit": NaN,
        "Operating Income": 368,
        "EBIT": 663,
        "Net Income": 496
    },
    "2016-03-31": {
        "Diluted EPS": 0.72,
        "Total Revenue": NaN,
        "Gross Profit": NaN,
        "Operating Income": 342,
        "EBIT": 627,
        "Net Income": 385
    },
    "2015-12-31": {
        "Diluted EPS": 1.2,
        "Total Revenue": NaN,
        "Gross Profit": NaN,
        "Operating Income": 778,
        "EBIT": NaN,
        "Net Income": 650
    },
    "2015-09-30": {
        "Diluted EPS": 2.9,
        "Total Revenue": NaN,
        "Gross Profit": NaN,
        "Operating Income": NaN,
        "EBIT": NaN,
        "Net Income": NaN
    },
    "2015-06-30": {
        "Diluted EPS": 1.84,
        "Total Revenue": NaN,
        "Gross Profit": NaN,
        "Operating Income": NaN,
        "EBIT": NaN,
        "Net Income": NaN
    },
    "2015-03-31": {
        "Diluted EPS": 1.79,
        "Total Revenue": NaN,
        "Gross Profit": NaN,
        "Operating Income": NaN,
        "EBIT": NaN,
        "Net Income": 987
    },
    "2014-12-31": {
        "Diluted EPS": 2.06,
        "Total Revenue": NaN,
        "Gross Profit": NaN,
        "Operating Income": NaN,
        "EBIT": NaN,
        "Net Income": NaN
    },
    "2014-09-30": {
        "Diluted EPS": 2.09,
        "Total Revenue": NaN,
        "Gross Profit": NaN,
        "Operating Income": NaN,
        "EBIT": NaN,
        "Net Income": NaN
    },
    "2014-06-30": {
        "Diluted EPS": 1.51,
        "Total Revenue": NaN,
        "Gross Profit": NaN,
        "Operating Income": 690,
        "EBIT": 935,
        "Net Income": 863
    },
    "2014-03-31": {
        "Diluted EPS": 2.67,
        "Total Revenue": NaN,
        "Gross Profit": NaN,
        "Operating Income": 569,
        "EBIT": 809,
        "Net Income": NaN
    },
    "2013-12-31": {
        "Diluted EPS": 1.39,
        "Total Revenue": NaN,
        "Gross Profit": NaN,
        "Operating Income": 486,
        "EBIT": 735,
        "Net Income": 826
    },
    "2013-09-30": {
        "Diluted EPS": 0.87,
        "Total Revenue": NaN,
        "Gross Profit": NaN,
        "Operating Income": 225,
        "EBIT": 464,
        "Net Income": 535
    },
    "2013-06-30": {
        "Diluted EPS": 1.53,
        "Total Revenue": NaN,
        "Gross Profit": NaN,
        "Operating Income": 886,
        "EBIT": NaN,
        "Net Income": 958
    },
    "2013-03-31": {
        "Diluted EPS": 2.23,
        "Total Revenue": NaN,
        "Gross Profit": NaN,
        "Operating Income": NaN,
        "EBIT": NaN,
        "Net Income": NaN
    },
    "2012-12-31": {
        "Diluted EPS": 1.11,
        "Total Revenue": NaN,
        "Gross Profit": NaN,
        "Operating Income": 588,
        "EBIT": 832,
        "Net Income": 709
    },
    "2012-09-30": {
        "Diluted EPS": 2.51,
        "Total Revenue": NaN,
        "Gross Profit": NaN,
        "Operating Income": NaN,
        "EBIT": NaN,
        "Net Income": NaN
    },
    "2012-06-30": {
        "Diluted EPS": 1.86,
        "Total Revenue": NaN,
        "Gross Profit": NaN,
        "Operating Income": NaN,
        "EBIT": NaN,
        "Net Income": NaN
    },
    "2012-03-31": {
        "Diluted EPS": 1.0,
        "Total Revenue": NaN,
        "Gross Profit": NaN,
        "Operating Income": 333,
        "EBIT": 554,
        "Net Income": 636
    },
    "2011-12-31": {
        "Diluted EPS": 3.17,
        "Total Revenue": NaN,
        "Gross Profit": NaN,
        "Operating Income": NaN,
        "EBIT": NaN,
        "Net Income": NaN
    },
    "2011-09-30": {
        "Diluted EPS": 1.65,
        "Total Revenue": NaN,
        "Gross Profit": NaN,
        "Operating Income": 716,
        "EBIT": 943,
        "Net Income": NaN
    },
    "2011-06-30": {
        "Diluted EPS": 1.64,
        "Total Revenue": NaN,
        "Gross Profit": NaN,
        "Operating Income": 816,
        "EBIT": NaN,
        "Net Income": NaN
    },
    "2011-03-31": {
        "Diluted EPS": 0.0,
        "Total Revenue": NaN,
        "Gross Profit": NaN,
        "Operating Income": 366,
        "EBIT": 590,
        "Net Income": 676
    },
    "2010-12-31": {
        "Diluted EPS": 0.0,
        "Total Revenue": NaN,
        "Gross Profit": NaN,
        "Operating Income": NaN,
        "EBIT": NaN,
        "Net Income": NaN
    },
    "2009-12-31": {
        "Diluted EPS": 0.0,
        "Total Revenue": NaN,
        "Gross Profit": NaN,
        "Operating Income": NaN,
        "EBIT": NaN,
        "Net Income": NaN
    },
    "2023-09-30": {
        "Tax Effect Of Unusual Items": 26640000.0,
        "Tax Rate For Calcs": 0.24,
        "Normalized EBITDA": 3417000000.0,
        "Total Unusual Items": 111000000.0,
        "Total Unusual Items Excluding Goodwill": 111000000.0,
        "Net Income From Continuing Operation Net Minority Interest": 2097000000.0,
        "Reconciled Depreciation": 488000000.0,
        "Reconciled Cost Of Revenue": 34818000000.0,
        "EBITDA": 3528000000.0,
        "EBIT": 3040000000.0,
        "Net Interest Income": -227000000.0,
        "Interest Expense": 227000000.0,
        "Normalized Income": 2012640000.0,
        "Net Income From Continuing And Discontinued Operation": 2097000000.0,
        "Total Expenses": 37291000000.0,
        "Diluted Average Shares": 447258000.0,
        "Basic Average Shares": 444283000.0,
        "Diluted EPS": 4.69,
        "Basic EPS": 4.72,
        "Diluted NI Availto Com Stockholders": 2097000000.0,
        "Average Dilution Earnings": 2000000.0,
        "Net Income Common Stockholders": 2095000000.0,
        "Otherunder Preferred Stock Dividend": 2000000.0,
        "Net Income": 2097000000.0,
        "Minority Interests": -46000000.0,
        "Net Income Including Noncontrolling Interests": 2143000000.0,
        "Net Income Continuous Operations": 2143000000.0,
        "Tax Provision": 670000000.0,
        "Pretax Income": 2813000000.0,
        "Other Income Expense": 688000000.0,
        "Other Non Operating Income Expenses": 15000000.0,
        "Special Income Charges": 99000000.0,
        "Gain On Sale Of Ppe": 102000000.0,
        "Write Off": 3000000.0,
        "Impairment Of Capital Assets": 3000000.0,
        "Earnings From Equity Interest": 562000000.0,
        "Gain On Sale Of Security": 12000000.0,
        "Net Non Operating Interest Income Expense": -227000000.0,
        "Interest Expense Non Operating": 227000000.0,
        "Operating Income": 2352000000.0,
        "Operating Expense": 2473000000.0,
        "Other Operating Expenses": 1633000000.0,
        "Other Taxes": 171000000.0,
        "Selling General And Administration": 669000000.0,
        "Gross Profit": 4825000000.0,
        "Cost Of Revenue": 34818000000.0,
        "Total Revenue": 39643000000.0,
        "Operating Revenue": 39643000000.0
    },
    "2023-12-31": {
        "Tax Effect Of Unusual Items": -17028960.817717,
        "Tax Rate For Calcs": 0.270301,
        "Normalized EBITDA": 2570000000.0,
        "Total Unusual Items": -63000000.0,
        "Total Unusual Items Excluding Goodwill": -63000000.0,
        "Net Income From Continuing Operation Net Minority Interest": 1260000000.0,
        "Reconciled Depreciation": 518000000.0,
        "Reconciled Cost Of Revenue": 34362000000.0,
        "EBITDA": 2507000000.0,
        "EBIT": 1989000000.0,
        "Net Interest Income": 41000000.0,
        "Interest Expense": 228000000.0,
        "Normalized Income": 1305971039.182283,
        "Net Income From Continuing And Discontinued Operation": 1260000000.0,
        "Total Expenses": 36734000000.0,
        "Diluted Average Shares": 440575000.0,
        "Basic Average Shares": 437365000.0,
        "Diluted EPS": 2.86,
        "Basic EPS": 2.87,
        "Diluted NI Availto Com Stockholders": 1249000000.0,
        "Average Dilution Earnings": NaN,
        "Net Income Common Stockholders": 1257000000.0,
        "Otherunder Preferred Stock Dividend": 3000000.0,
        "Net Income": 1260000000.0,
        "Minority Interests": -25000000.0,
        "Net Income Including Noncontrolling Interests": 1285000000.0,
        "Net Income Continuous Operations": 1285000000.0,
        "Tax Provision": 476000000.0,
        "Pretax Income": 1761000000.0,
        "Other Income Expense": 184000000.0,
        "Other Non Operating Income Expenses": -34000000.0,
        "Special Income Charges": -18000000.0,
        "Gain On Sale Of Ppe": -9000000.0,
        "Write Off": 9000000.0,
        "Impairment Of Capital Assets": -2000000.0,
        "Earnings From Equity Interest": 281000000.0,
        "Gain On Sale Of Security": -45000000.0,
        "Net Non Operating Interest Income Expense": 41000000.0,
        "Interest Expense Non Operating": 228000000.0,
        "Operating Income": 1536000000.0,
        "Operating Expense": 2372000000.0,
        "Other Operating Expenses": 1559000000.0,
        "Other Taxes": 155000000.0,
        "Selling General And Administration": 658000000.0,
        "Gross Profit": 3908000000.0,
        "Cost Of Revenue": 34362000000.0,
        "Total Revenue": 38270000000.0,
        "Operating Revenue": 38270000000.0
    },
    "2024-03-31": {
        "Tax Effect Of Unusual Items": -36120000.0,
        "Tax Rate For Calcs": 0.21,
        "Normalized EBITDA": 1876000000.0,
        "Total Unusual Items": -172000000.0,
        "Total Unusual Items Excluding Goodwill": -172000000.0,
        "Net Income From Continuing Operation Net Minority Interest": 748000000.0,
        "Reconciled Depreciation": 504000000.0,
        "Reconciled Cost Of Revenue": 32890000000.0,
        "EBITDA": 1704000000.0,
        "EBIT": 1200000000.0,
        "Net Interest Income": -236000000.0,
        "Interest Expense": 236000000.0,
        "Normalized Income": 883880000.0,
        "Net Income From Continuing And Discontinued Operation": 748000000.0,
        "Total Expenses": 35064000000.0,
        "Diluted Average Shares": 431906000.0,
        "Basic Average Shares": 428959000.0,
        "Diluted EPS": 1.73,
        "Basic EPS": 1.74,
        "Diluted NI Availto Com Stockholders": 747000000.0,
        "Average Dilution Earnings": 1000000.0,
        "Net Income Common Stockholders": 746000000.0,
        "Otherunder Preferred Stock Dividend": 2000000.0,
        "Net Income": 748000000.0,
        "Minority Interests": -13000000.0,
        "Net Income Including Noncontrolling Interests": 761000000.0,
        "Net Income Continuous Operations": 761000000.0,
        "Tax Provision": 203000000.0,
        "Pretax Income": 964000000.0,
        "Other Income Expense": 453000000.0,
        "Other Non Operating Income Expenses": 97000000.0,
        "Special Income Charges": -165000000.0,
        "Gain On Sale Of Ppe": 0.0,
        "Write Off": 165000000.0,
        "Impairment Of Capital Assets": 165000000.0,
        "Earnings From Equity Interest": 528000000.0,
        "Gain On Sale Of Security": -7000000.0,
        "Net Non Operating Interest Income Expense": -236000000.0,
        "Interest Expense Non Operating": 236000000.0,
        "Operating Income": 747000000.0,
        "Operating Expense": 2174000000.0,
        "Other Operating Expenses": 1452000000.0,
        "Other Taxes": 165000000.0,
        "Selling General And Administration": 557000000.0,
        "Gross Profit": 2921000000.0,
        "Cost Of Revenue": 32890000000.0,
        "Total Revenue": 35811000000.0,
        "Operating Revenue": 35811000000.0
    },
    "2024-06-30": {
        "Tax Effect Of Unusual Items": 2420000.0,
        "Tax Rate For Calcs": 0.22,
        "Normalized EBITDA": 2038000000.0,
        "Total Unusual Items": 11000000.0,
        "Total Unusual Items Excluding Goodwill": 11000000.0,
        "Net Income From Continuing Operation Net Minority Interest": 1015000000.0,
        "Reconciled Depreciation": 497000000.0,
        "Reconciled Cost Of Revenue": 35125000000.0,
        "EBITDA": 2049000000.0,
        "EBIT": 1552000000.0,
        "Net Interest Income": -241000000.0,
        "Interest Expense": 241000000.0,
        "Normalized Income": 1006420000.0,
        "Net Income From Continuing And Discontinued Operation": 1015000000.0,
        "Total Expenses": 37133000000.0,
        "Diluted Average Shares": 425734000.0,
        "Basic Average Shares": 422869000.0,
        "Diluted EPS": 2.38,
        "Basic EPS": 2.39,
        "Diluted NI Availto Com Stockholders": 1014000000.0,
        "Average Dilution Earnings": 2000000.0,
        "Net Income Common Stockholders": 1012000000.0,
        "Otherunder Preferred Stock Dividend": 3000000.0,
        "Net Income": 1015000000.0,
        "Minority Interests": -5000000.0,
        "Net Income Including Noncontrolling Interests": 1020000000.0,
        "Net Income Continuous Operations": 1020000000.0,
        "Tax Provision": 291000000.0,
        "Pretax Income": 1311000000.0,
        "Other Income Expense": 556000000.0,
        "Other Non Operating Income Expenses": 58000000.0,
        "Special Income Charges": 12000000.0,
        "Gain On Sale Of Ppe": 237000000.0,
        "Write Off": 225000000.0,
        "Impairment Of Capital Assets": NaN,
        "Earnings From Equity Interest": 487000000.0,
        "Gain On Sale Of Security": -1000000.0,
        "Net Non Operating Interest Income Expense": -241000000.0,
        "Interest Expense Non Operating": 241000000.0,
        "Operating Income": 996000000.0,
        "Operating Expense": 2008000000.0,
        "Other Operating Expenses": 1407000000.0,
        "Other Taxes": 49000000.0,
        "Selling General And Administration": 552000000.0,
        "Gross Profit": 3004000000.0,
        "Cost Of Revenue": 35125000000.0,
        "Total Revenue": 38129000000.0,
        "Operating Revenue": 38129000000.0
    }
}