{
    "2023-03-31": {
        "Tax Effect Of Unusual Items": 0.0,
        "Tax Rate For Calcs": 0.0,
        "Normalized EBITDA": -682311.0,
        "Total Unusual Items": -4432.0,
        "Total Unusual Items Excluding Goodwill": -4432.0,
        "Net Income From Continuing Operation Net Minority Interest": -718096.0,
        "Reconciled Depreciation": 90.0,
        "EBITDA": -686743.0,
        "EBIT": -686833.0,
        "Net Interest Income": 25630.0,
        "Interest Expense": 31263.0,
        "Interest Income": 56893.0,
        "Normalized Income": -713664.0,
        "Net Income From Continuing And Discontinued Operation": -718096.0,
        "Total Expenses": 739294.0,
        "Total Operating Income As Reported": -739294.0,
        "Diluted Average Shares": 4317875.0,
        "Basic Average Shares": 4317875.0,
        "Diluted EPS": -0.17,
        "Basic EPS": -0.17,
        "Diluted NI Availto Com Stockholders": -718096.0,
        "Net Income Common Stockholders": -718096.0,
        "Net Income": -718096.0,
        "Net Income Including Noncontrolling Interests": -718096.0,
        "Net Income Continuous Operations": -718096.0,
        "Tax Provision": 0.0,
        "Pretax Income": -718096.0,
        "Other Income Expense": -4432.0,
        "Other Non Operating Income Expenses": NaN,
        "Gain On Sale Of Security": -4432.0,
        "Net Non Operating Interest Income Expense": 25630.0,
        "Interest Expense Non Operating": 31263.0,
        "Interest Income Non Operating": 56893.0,
        "Operating Income": -739294.0,
        "Operating Expense": 739294.0,
        "Research And Development": 348031.0,
        "Selling General And Administration": 391263.0,
        "General And Administrative Expense": 391263.0,
        "Other Gand A": 391263.0,
        "Total Revenue": 0.0,
        "Operating Revenue": 0.0
    },
    "2022-12-31": {
        "Tax Effect Of Unusual Items": 0.0,
        "Tax Rate For Calcs": 0.0,
        "Normalized EBITDA": -563321.0,
        "Total Unusual Items": -6065.0,
        "Total Unusual Items Excluding Goodwill": -6065.0,
        "Net Income From Continuing Operation Net Minority Interest": -601374.0,
        "Reconciled Depreciation": 30.0,
        "EBITDA": -569386.0,
        "EBIT": -569416.0,
        "Net Interest Income": 60469.0,
        "Interest Expense": 31958.0,
        "Interest Income": 92427.0,
        "Normalized Income": -595309.0,
        "Net Income From Continuing And Discontinued Operation": -601374.0,
        "Total Expenses": 655778.0,
        "Total Operating Income As Reported": -655778.0,
        "Diluted Average Shares": 4321367.0,
        "Basic Average Shares": 4321367.0,
        "Diluted EPS": -0.14,
        "Basic EPS": -0.14,
        "Diluted NI Availto Com Stockholders": -601374.0,
        "Net Income Common Stockholders": -601374.0,
        "Net Income": -601374.0,
        "Net Income Including Noncontrolling Interests": -601374.0,
        "Net Income Continuous Operations": -601374.0,
        "Tax Provision": 0.0,
        "Pretax Income": -601374.0,
        "Other Income Expense": -6065.0,
        "Other Non Operating Income Expenses": NaN,
        "Gain On Sale Of Security": -6065.0,
        "Net Non Operating Interest Income Expense": 60469.0,
        "Interest Expense Non Operating": 31958.0,
        "Interest Income Non Operating": 92427.0,
        "Operating Income": -655778.0,
        "Operating Expense": 655778.0,
        "Research And Development": 257520.0,
        "Selling General And Administration": 398258.0,
        "General And Administrative Expense": 398258.0,
        "Other Gand A": 398258.0,
        "Total Revenue": 0.0,
        "Operating Revenue": 0.0
    },
    "2022-09-30": {
        "Tax Effect Of Unusual Items": 0.0,
        "Tax Rate For Calcs": 0.0,
        "Normalized EBITDA": -881564.0,
        "Total Unusual Items": -11784.0,
        "Total Unusual Items Excluding Goodwill": -11784.0,
        "Net Income From Continuing Operation Net Minority Interest": -925305.0,
        "Reconciled Depreciation": NaN,
        "EBITDA": -893348.0,
        "EBIT": -893348.0,
        "Net Interest Income": 10539.0,
        "Interest Expense": 31957.0,
        "Interest Income": 42496.0,
        "Normalized Income": -913521.0,
        "Net Income From Continuing And Discontinued Operation": -925305.0,
        "Total Expenses": 924060.0,
        "Total Operating Income As Reported": -924060.0,
        "Diluted Average Shares": 4321315.0,
        "Basic Average Shares": 4321315.0,
        "Diluted EPS": -0.21,
        "Basic EPS": -0.21,
        "Diluted NI Availto Com Stockholders": -925305.0,
        "Net Income Common Stockholders": -925305.0,
        "Net Income": -925305.0,
        "Net Income Including Noncontrolling Interests": -925305.0,
        "Net Income Continuous Operations": -925305.0,
        "Tax Provision": 0.0,
        "Pretax Income": -925305.0,
        "Other Income Expense": -11784.0,
        "Other Non Operating Income Expenses": NaN,
        "Gain On Sale Of Security": -11784.0,
        "Net Non Operating Interest Income Expense": 10539.0,
        "Interest Expense Non Operating": 31957.0,
        "Interest Income Non Operating": 42496.0,
        "Operating Income": -924060.0,
        "Operating Expense": 924060.0,
        "Research And Development": 501366.0,
        "Selling General And Administration": 422694.0,
        "General And Administrative Expense": 422694.0,
        "Other Gand A": 422694.0,
        "Total Revenue": 0.0,
        "Operating Revenue": 0.0
    },
    "2022-06-30": {
        "Tax Effect Of Unusual Items": 0.0,
        "Tax Rate For Calcs": 0.0,
        "Normalized EBITDA": -603774.0,
        "Total Unusual Items": -23246.0,
        "Total Unusual Items Excluding Goodwill": -23246.0,
        "Net Income From Continuing Operation Net Minority Interest": -666717.0,
        "Reconciled Depreciation": NaN,
        "EBITDA": -627020.0,
        "EBIT": -627020.0,
        "Net Interest Income": -6797.0,
        "Interest Expense": 39697.0,
        "Interest Income": 32900.0,
        "Normalized Income": -643471.0,
        "Net Income From Continuing And Discontinued Operation": -666717.0,
        "Total Expenses": 636674.0,
        "Total Operating Income As Reported": -636674.0,
        "Diluted Average Shares": 4320173.0,
        "Basic Average Shares": 4320173.0,
        "Diluted EPS": -0.15,
        "Basic EPS": -0.15,
        "Diluted NI Availto Com Stockholders": -666717.0,
        "Net Income Common Stockholders": -666717.0,
        "Net Income": -666717.0,
        "Net Income Including Noncontrolling Interests": -666717.0,
        "Net Income Continuous Operations": -666717.0,
        "Tax Provision": 0.0,
        "Pretax Income": -666717.0,
        "Other Income Expense": -23246.0,
        "Gain On Sale Of Security": -23246.0,
        "Net Non Operating Interest Income Expense": -6797.0,
        "Interest Expense Non Operating": 39697.0,
        "Interest Income Non Operating": 32900.0,
        "Operating Income": -636674.0,
        "Operating Expense": 636674.0,
        "Research And Development": 160515.0,
        "Selling General And Administration": 476159.0,
        "General And Administrative Expense": 476159.0,
        "Other Gand A": 476159.0,
        "Total Revenue": 0.0,
        "Operating Revenue": 0.0
    },
    "2022-03-31": {
        "Diluted EPS": -0.32,
        "Total Revenue": NaN,
        "Gross Profit": NaN,
        "Operating Income": -1,
        "EBIT": -1,
        "Net Income": -1
    },
    "2021-12-31": {
        "Diluted EPS": -0.16,
        "Total Revenue": NaN,
        "Gross Profit": NaN,
        "Operating Income": -1,
        "EBIT": -1,
        "Net Income": -1
    },
    "2021-09-30": {
        "Diluted EPS": -0.2,
        "Total Revenue": NaN,
        "Gross Profit": NaN,
        "Operating Income": -1,
        "EBIT": -1,
        "Net Income": -1
    },
    "2021-06-30": {
        "Diluted EPS": -0.44,
        "Total Revenue": NaN,
        "Gross Profit": NaN,
        "Operating Income": -1,
        "EBIT": -1,
        "Net Income": -2
    },
    "2021-03-31": {
        "Diluted EPS": -0.44,
        "Total Revenue": NaN,
        "Gross Profit": NaN,
        "Operating Income": -1,
        "EBIT": -1,
        "Net Income": -1
    },
    "2020-12-31": {
        "Diluted EPS": -0.16,
        "Total Revenue": NaN,
        "Gross Profit": NaN,
        "Operating Income": 0,
        "EBIT": 0,
        "Net Income": 0
    },
    "2020-09-30": {
        "Diluted EPS": -0.4,
        "Total Revenue": NaN,
        "Gross Profit": NaN,
        "Operating Income": -1,
        "EBIT": -1,
        "Net Income": -1
    },
    "2020-06-30": {
        "Diluted EPS": -0.24,
        "Total Revenue": NaN,
        "Gross Profit": NaN,
        "Operating Income": 0,
        "EBIT": 0,
        "Net Income": -1
    },
    "2020-03-31": {
        "Diluted EPS": -0.2,
        "Total Revenue": NaN,
        "Gross Profit": NaN,
        "Operating Income": -1,
        "EBIT": 0,
        "Net Income": 0
    },
    "2019-12-31": {
        "Diluted EPS": -0.28,
        "Total Revenue": NaN,
        "Gross Profit": NaN,
        "Operating Income": -1,
        "EBIT": -1,
        "Net Income": -1
    },
    "2019-09-30": {
        "Diluted EPS": -0.04,
        "Total Revenue": NaN,
        "Gross Profit": NaN,
        "Operating Income": 0,
        "EBIT": 0,
        "Net Income": 0
    },
    "2019-06-30": {
        "Diluted EPS": -0.12,
        "Total Revenue": NaN,
        "Gross Profit": NaN,
        "Operating Income": -1,
        "EBIT": -1,
        "Net Income": 0
    },
    "2019-03-31": {
        "Diluted EPS": -0.24,
        "Total Revenue": NaN,
        "Gross Profit": NaN,
        "Operating Income": -1,
        "EBIT": -1,
        "Net Income": -1
    },
    "2018-12-31": {
        "Diluted EPS": -0.28,
        "Total Revenue": NaN,
        "Gross Profit": NaN,
        "Operating Income": -1,
        "EBIT": -1,
        "Net Income": -1
    },
    "2018-09-30": {
        "Diluted EPS": -0.2,
        "Total Revenue": NaN,
        "Gross Profit": NaN,
        "Operating Income": 0,
        "EBIT": 0,
        "Net Income": 0
    },
    "2018-06-30": {
        "Diluted EPS": -0.28,
        "Total Revenue": NaN,
        "Gross Profit": NaN,
        "Operating Income": -1,
        "EBIT": -1,
        "Net Income": -1
    },
    "2018-03-31": {
        "Diluted EPS": -0.24,
        "Total Revenue": NaN,
        "Gross Profit": NaN,
        "Operating Income": -1,
        "EBIT": -1,
        "Net Income": -1
    },
    "2017-12-31": {
        "Diluted EPS": -0.32,
        "Total Revenue": NaN,
        "Gross Profit": NaN,
        "Operating Income": -1,
        "EBIT": -1,
        "Net Income": -1
    },
    "2017-09-30": {
        "Diluted EPS": -0.16,
        "Total Revenue": NaN,
        "Gross Profit": NaN,
        "Operating Income": -1,
        "EBIT": -1,
        "Net Income": 0
    },
    "2017-06-30": {
        "Diluted EPS": -0.16,
        "Total Revenue": NaN,
        "Gross Profit": NaN,
        "Operating Income": 0,
        "EBIT": 0,
        "Net Income": 0
    },
    "2017-03-31": {
        "Diluted EPS": -0.24,
        "Total Revenue": NaN,
        "Gross Profit": NaN,
        "Operating Income": -1,
        "EBIT": -1,
        "Net Income": -1
    },
    "2016-12-31": {
        "Diluted EPS": 210.16,
        "Total Revenue": NaN,
        "Gross Profit": NaN,
        "Operating Income": -1,
        "EBIT": -1,
        "Net Income": -1
    },
    "2016-09-30": {
        "Diluted EPS": -0.24,
        "Total Revenue": NaN,
        "Gross Profit": NaN,
        "Operating Income": 0,
        "EBIT": 0,
        "Net Income": 0
    },
    "2016-06-30": {
        "Diluted EPS": -0.32,
        "Total Revenue": NaN,
        "Gross Profit": NaN,
        "Operating Income": 0,
        "EBIT": 0,
        "Net Income": -1
    },
    "2016-03-31": {
        "Diluted EPS": -211.32,
        "Total Revenue": NaN,
        "Gross Profit": NaN,
        "Operating Income": -1,
        "EBIT": 0,
        "Net Income": -1
    },
    "2015-12-31": {
        "Diluted EPS": 0.0,
        "Total Revenue": NaN,
        "Gross Profit": NaN,
        "Operating Income": 0,
        "EBIT": 0,
        "Net Income": 0
    },
    "2015-09-30": {
        "Diluted EPS": -0.28,
        "Total Revenue": NaN,
        "Gross Profit": NaN,
        "Operating Income": 0,
        "EBIT": 0,
        "Net Income": 0
    },
    "2015-06-30": {
        "Diluted EPS": -0.08,
        "Total Revenue": NaN,
        "Gross Profit": NaN,
        "Operating Income": 0,
        "EBIT": 0,
        "Net Income": 0
    },
    "2015-03-31": {
        "Diluted EPS": -618.43,
        "Total Revenue": NaN,
        "Gross Profit": NaN,
        "Operating Income": 0,
        "EBIT": 0,
        "Net Income": 0
    },
    "2014-12-31": {
        "Diluted EPS": 0.0,
        "Total Revenue": NaN,
        "Gross Profit": NaN,
        "Operating Income": 0,
        "EBIT": NaN,
        "Net Income": 0
    },
    "2014-09-30": {
        "Diluted EPS": 0.0,
        "Total Revenue": NaN,
        "Gross Profit": NaN,
        "Operating Income": 0,
        "EBIT": 0,
        "Net Income": 0
    },
    "2014-06-30": {
        "Diluted EPS": 0.0,
        "Total Revenue": NaN,
        "Gross Profit": NaN,
        "Operating Income": NaN,
        "EBIT": NaN,
        "Net Income": NaN
    },
    "2014-03-31": {
        "Diluted EPS": 0.0,
        "Total Revenue": NaN,
        "Gross Profit": NaN,
        "Operating Income": 0,
        "EBIT": 0,
        "Net Income": 0
    },
    "2013-12-31": {
        "Diluted EPS": 0.0,
        "Total Revenue": NaN,
        "Gross Profit": NaN,
        "Operating Income": 0,
        "EBIT": NaN,
        "Net Income": 0
    },
    "2013-09-30": {
        "Diluted EPS": 0.0,
        "Total Revenue": NaN,
        "Gross Profit": NaN,
        "Operating Income": 0,
        "EBIT": 0,
        "Net Income": 0
    },
    "2011-09-30": {
        "Diluted EPS": NaN,
        "Total Revenue": 12,
        "Gross Profit": 3,
        "Operating Income": -5,
        "EBIT": -3,
        "Net Income": -5
    },
    "2011-06-30": {
        "Diluted EPS": NaN,
        "Total Revenue": 6,
        "Gross Profit": 3,
        "Operating Income": -5,
        "EBIT": -5,
        "Net Income": -6
    },
    "2011-03-31": {
        "Diluted EPS": NaN,
        "Total Revenue": 7,
        "Gross Profit": 3,
        "Operating Income": -4,
        "EBIT": -4,
        "Net Income": -4
    },
    "2010-12-31": {
        "Diluted EPS": NaN,
        "Total Revenue": 8,
        "Gross Profit": 3,
        "Operating Income": -11,
        "EBIT": -5,
        "Net Income": -8
    },
    "2010-09-30": {
        "Diluted EPS": NaN,
        "Total Revenue": 9,
        "Gross Profit": 5,
        "Operating Income": -4,
        "EBIT": -3,
        "Net Income": -4
    },
    "2010-06-30": {
        "Diluted EPS": NaN,
        "Total Revenue": 11,
        "Gross Profit": 5,
        "Operating Income": -4,
        "EBIT": -4,
        "Net Income": -4
    },
    "2010-03-31": {
        "Diluted EPS": NaN,
        "Total Revenue": 12,
        "Gross Profit": 5,
        "Operating Income": -3,
        "EBIT": -3,
        "Net Income": -3
    },
    "2009-12-31": {
        "Diluted EPS": NaN,
        "Total Revenue": 14,
        "Gross Profit": 6,
        "Operating Income": -19,
        "EBIT": -1,
        "Net Income": -24
    },
    "2009-09-30": {
        "Diluted EPS": -0.12,
        "Total Revenue": 15,
        "Gross Profit": 5,
        "Operating Income": -5,
        "EBIT": -5,
        "Net Income": -2
    },
    "2009-06-30": {
        "Diluted EPS": -0.1,
        "Total Revenue": 17,
        "Gross Profit": 7,
        "Operating Income": -3,
        "EBIT": -2,
        "Net Income": -2
    },
    "2009-03-31": {
        "Diluted EPS": -0.06,
        "Total Revenue": 24,
        "Gross Profit": 8,
        "Operating Income": -2,
        "EBIT": 0,
        "Net Income": -1
    },
    "2023-06-30": {
        "Tax Effect Of Unusual Items": 0.0,
        "Tax Rate For Calcs": 0.0,
        "Normalized EBITDA": -1058943.0,
        "Total Unusual Items": -118947.0,
        "Total Unusual Items Excluding Goodwill": -118947.0,
        "Net Income From Continuing Operation Net Minority Interest": -1209591.0,
        "Reconciled Depreciation": 91.0,
        "EBITDA": -1177890.0,
        "EBIT": -1177981.0,
        "Net Interest Income": 53098.0,
        "Interest Expense": 31610.0,
        "Interest Income": 84708.0,
        "Normalized Income": -1090644.0,
        "Net Income From Continuing And Discontinued Operation": -1209591.0,
        "Total Expenses": 1143742.0,
        "Total Operating Income As Reported": -1143742.0,
        "Diluted Average Shares": 4330959.0,
        "Basic Average Shares": 4330959.0,
        "Diluted EPS": -0.28,
        "Basic EPS": -0.28,
        "Diluted NI Availto Com Stockholders": -1209591.0,
        "Net Income Common Stockholders": -1209591.0,
        "Net Income": -1209591.0,
        "Net Income Including Noncontrolling Interests": -1209591.0,
        "Net Income Continuous Operations": -1209591.0,
        "Tax Provision": 0.0,
        "Pretax Income": -1209591.0,
        "Other Income Expense": -118947.0,
        "Other Non Operating Income Expenses": NaN,
        "Gain On Sale Of Security": -118947.0,
        "Net Non Operating Interest Income Expense": 53098.0,
        "Interest Expense Non Operating": 31610.0,
        "Interest Income Non Operating": 84708.0,
        "Operating Income": -1143742.0,
        "Operating Expense": 1143742.0,
        "Research And Development": 836379.0,
        "Selling General And Administration": 307363.0,
        "General And Administrative Expense": 307363.0,
        "Other Gand A": 307363.0,
        "Total Revenue": 0.0,
        "Operating Revenue": 0.0
    },
    "2023-09-30": {
        "Tax Effect Of Unusual Items": 0.0,
        "Tax Rate For Calcs": 0.0,
        "Normalized EBITDA": -1340075.0,
        "Total Unusual Items": -23175.0,
        "Total Unusual Items Excluding Goodwill": -23175.0,
        "Net Income From Continuing Operation Net Minority Interest": -1396626.0,
        "Reconciled Depreciation": 1419.0,
        "EBITDA": -1363250.0,
        "EBIT": -1364669.0,
        "Net Interest Income": 37261.0,
        "Interest Expense": 31957.0,
        "Interest Income": 69218.0,
        "Normalized Income": -1373451.0,
        "Net Income From Continuing And Discontinued Operation": -1396626.0,
        "Total Expenses": 1431712.0,
        "Total Operating Income As Reported": -1431712.0,
        "Diluted Average Shares": 4330959.0,
        "Basic Average Shares": 4330959.0,
        "Diluted EPS": -0.32,
        "Basic EPS": -0.32,
        "Diluted NI Availto Com Stockholders": -1396626.0,
        "Net Income Common Stockholders": -1396626.0,
        "Net Income": -1396626.0,
        "Net Income Including Noncontrolling Interests": -1396626.0,
        "Net Income Continuous Operations": -1396626.0,
        "Tax Provision": 0.0,
        "Pretax Income": -1396626.0,
        "Other Income Expense": -2175.0,
        "Other Non Operating Income Expenses": 21000.0,
        "Gain On Sale Of Security": -23175.0,
        "Net Non Operating Interest Income Expense": 37261.0,
        "Interest Expense Non Operating": 31957.0,
        "Interest Income Non Operating": 69218.0,
        "Operating Income": -1431712.0,
        "Operating Expense": 1431712.0,
        "Research And Development": 1124030.0,
        "Selling General And Administration": 307682.0,
        "General And Administrative Expense": 307682.0,
        "Other Gand A": 307682.0,
        "Total Revenue": 0.0,
        "Operating Revenue": 0.0
    }
}