{
    "2023-03-31": {
        "Tax Effect Of Unusual Items": NaN,
        "Tax Rate For Calcs": NaN,
        "Normalized EBITDA": NaN,
        "Total Unusual Items": NaN,
        "Total Unusual Items Excluding Goodwill": NaN,
        "Net Income From Continuing Operation Net Minority Interest": NaN,
        "Reconciled Depreciation": NaN,
        "Reconciled Cost Of Revenue": NaN,
        "EBITDA": NaN,
        "EBIT": NaN,
        "Net Interest Income": NaN,
        "Interest Expense": NaN,
        "Interest Income": NaN,
        "Normalized Income": NaN,
        "Net Income From Continuing And Discontinued Operation": NaN,
        "Total Expenses": NaN,
        "Total Operating Income As Reported": NaN,
        "Diluted Average Shares": 2088698.0,
        "Basic Average Shares": 2088698.0,
        "Diluted EPS": -0.66,
        "Basic EPS": -0.66,
        "Diluted NI Availto Com Stockholders": NaN,
        "Net Income Common Stockholders": NaN,
        "Otherunder Preferred Stock Dividend": 0.0,
        "Preferred Stock Dividends": NaN,
        "Net Income": NaN,
        "Net Income Including Noncontrolling Interests": NaN,
        "Net Income Continuous Operations": NaN,
        "Tax Provision": NaN,
        "Pretax Income": NaN,
        "Other Income Expense": NaN,
        "Other Non Operating Income Expenses": NaN,
        "Special Income Charges": NaN,
        "Impairment Of Capital Assets": NaN,
        "Gain On Sale Of Security": NaN,
        "Net Non Operating Interest Income Expense": NaN,
        "Interest Expense Non Operating": NaN,
        "Interest Income Non Operating": NaN,
        "Operating Income": NaN,
        "Operating Expense": NaN,
        "Depreciation Amortization Depletion Income Statement": NaN,
        "Depreciation And Amortization In Income Statement": NaN,
        "Research And Development": NaN,
        "Selling General And Administration": NaN,
        "Gross Profit": NaN,
        "Cost Of Revenue": NaN,
        "Total Revenue": NaN,
        "Operating Revenue": NaN
    },
    "2022-12-31": {
        "Tax Effect Of Unusual Items": NaN,
        "Tax Rate For Calcs": NaN,
        "Normalized EBITDA": NaN,
        "Total Unusual Items": 0.0,
        "Total Unusual Items Excluding Goodwill": 0.0,
        "Net Income From Continuing Operation Net Minority Interest": NaN,
        "Reconciled Depreciation": NaN,
        "Reconciled Cost Of Revenue": NaN,
        "EBITDA": NaN,
        "EBIT": NaN,
        "Net Interest Income": NaN,
        "Interest Expense": NaN,
        "Interest Income": NaN,
        "Normalized Income": NaN,
        "Net Income From Continuing And Discontinued Operation": NaN,
        "Total Expenses": NaN,
        "Total Operating Income As Reported": NaN,
        "Diluted Average Shares": NaN,
        "Basic Average Shares": NaN,
        "Diluted EPS": NaN,
        "Basic EPS": NaN,
        "Diluted NI Availto Com Stockholders": NaN,
        "Net Income Common Stockholders": NaN,
        "Otherunder Preferred Stock Dividend": NaN,
        "Preferred Stock Dividends": NaN,
        "Net Income": NaN,
        "Net Income Including Noncontrolling Interests": NaN,
        "Net Income Continuous Operations": NaN,
        "Tax Provision": NaN,
        "Pretax Income": NaN,
        "Other Income Expense": 0.0,
        "Other Non Operating Income Expenses": 0.0,
        "Special Income Charges": 0.0,
        "Impairment Of Capital Assets": 0.0,
        "Gain On Sale Of Security": 0.0,
        "Net Non Operating Interest Income Expense": NaN,
        "Interest Expense Non Operating": NaN,
        "Interest Income Non Operating": NaN,
        "Operating Income": NaN,
        "Operating Expense": NaN,
        "Depreciation Amortization Depletion Income Statement": NaN,
        "Depreciation And Amortization In Income Statement": NaN,
        "Research And Development": NaN,
        "Selling General And Administration": NaN,
        "Gross Profit": NaN,
        "Cost Of Revenue": NaN,
        "Total Revenue": NaN,
        "Operating Revenue": NaN
    },
    "2022-09-30": {
        "Tax Effect Of Unusual Items": NaN,
        "Tax Rate For Calcs": NaN,
        "Normalized EBITDA": NaN,
        "Total Unusual Items": -7460000.0,
        "Total Unusual Items Excluding Goodwill": -7460000.0,
        "Net Income From Continuing Operation Net Minority Interest": NaN,
        "Reconciled Depreciation": NaN,
        "Reconciled Cost Of Revenue": NaN,
        "EBITDA": NaN,
        "EBIT": NaN,
        "Net Interest Income": NaN,
        "Interest Expense": NaN,
        "Interest Income": NaN,
        "Normalized Income": NaN,
        "Net Income From Continuing And Discontinued Operation": NaN,
        "Total Expenses": NaN,
        "Total Operating Income As Reported": NaN,
        "Diluted Average Shares": 2068472.0,
        "Basic Average Shares": 2068472.0,
        "Diluted EPS": -6.69,
        "Basic EPS": -6.69,
        "Diluted NI Availto Com Stockholders": NaN,
        "Net Income Common Stockholders": NaN,
        "Otherunder Preferred Stock Dividend": NaN,
        "Preferred Stock Dividends": NaN,
        "Net Income": NaN,
        "Net Income Including Noncontrolling Interests": NaN,
        "Net Income Continuous Operations": NaN,
        "Tax Provision": 10501.0,
        "Pretax Income": NaN,
        "Other Income Expense": -7460000.0,
        "Other Non Operating Income Expenses": NaN,
        "Special Income Charges": -7460000.0,
        "Impairment Of Capital Assets": 7460000.0,
        "Gain On Sale Of Security": NaN,
        "Net Non Operating Interest Income Expense": NaN,
        "Interest Expense Non Operating": NaN,
        "Interest Income Non Operating": NaN,
        "Operating Income": NaN,
        "Operating Expense": NaN,
        "Depreciation Amortization Depletion Income Statement": NaN,
        "Depreciation And Amortization In Income Statement": NaN,
        "Research And Development": NaN,
        "Selling General And Administration": NaN,
        "Gross Profit": NaN,
        "Cost Of Revenue": NaN,
        "Total Revenue": NaN,
        "Operating Revenue": NaN
    },
    "2022-06-30": {
        "Tax Effect Of Unusual Items": 0.0,
        "Tax Rate For Calcs": 0.0,
        "Normalized EBITDA": -100550.0,
        "Total Unusual Items": NaN,
        "Total Unusual Items Excluding Goodwill": NaN,
        "Net Income From Continuing Operation Net Minority Interest": -1811792.0,
        "Reconciled Depreciation": 1560870.0,
        "Reconciled Cost Of Revenue": 649220.0,
        "EBITDA": -100550.0,
        "EBIT": -1661420.0,
        "Net Interest Income": -150372.0,
        "Interest Expense": 150372.0,
        "Interest Income": NaN,
        "Normalized Income": -1811792.0,
        "Net Income From Continuing And Discontinued Operation": -1811792.0,
        "Total Expenses": 5847936.0,
        "Total Operating Income As Reported": -1661420.0,
        "Diluted Average Shares": 2068472.0,
        "Basic Average Shares": 2068472.0,
        "Diluted EPS": -0.88,
        "Basic EPS": -0.88,
        "Diluted NI Availto Com Stockholders": -1811792.0,
        "Net Income Common Stockholders": -1811792.0,
        "Net Income": -1811792.0,
        "Net Income Including Noncontrolling Interests": -1811792.0,
        "Net Income Continuous Operations": -1811792.0,
        "Tax Provision": 0.0,
        "Pretax Income": -1811792.0,
        "Other Income Expense": NaN,
        "Other Non Operating Income Expenses": NaN,
        "Special Income Charges": NaN,
        "Impairment Of Capital Assets": NaN,
        "Gain On Sale Of Security": NaN,
        "Net Non Operating Interest Income Expense": -150372.0,
        "Interest Expense Non Operating": 150372.0,
        "Interest Income Non Operating": NaN,
        "Operating Income": -1661420.0,
        "Operating Expense": 5198716.0,
        "Depreciation Amortization Depletion Income Statement": 1560870.0,
        "Depreciation And Amortization In Income Statement": 1560870.0,
        "Research And Development": 421242.0,
        "Selling General And Administration": 3216604.0,
        "Gross Profit": 3537296.0,
        "Cost Of Revenue": 649220.0,
        "Total Revenue": 4186516.0,
        "Operating Revenue": 4186516.0
    },
    "2022-03-31": {
        "Diluted EPS": -0.08,
        "Total Revenue": 2,
        "Gross Profit": 2,
        "Operating Income": 0,
        "EBIT": 1,
        "Net Income": 0
    },
    "2021-12-31": {
        "Diluted EPS": -7.45,
        "Total Revenue": -1,
        "Gross Profit": -1,
        "Operating Income": -8,
        "EBIT": -6,
        "Net Income": -8
    },
    "2021-09-30": {
        "Diluted EPS": -1.7,
        "Total Revenue": 2,
        "Gross Profit": 2,
        "Operating Income": -4,
        "EBIT": -2,
        "Net Income": -2
    },
    "2021-06-30": {
        "Diluted EPS": -2.2,
        "Total Revenue": 2,
        "Gross Profit": 2,
        "Operating Income": -4,
        "EBIT": -3,
        "Net Income": -2
    },
    "2021-03-31": {
        "Diluted EPS": 3.1,
        "Total Revenue": 4,
        "Gross Profit": 3,
        "Operating Income": -2,
        "EBIT": 0,
        "Net Income": 3
    },
    "2020-12-31": {
        "Diluted EPS": 0.2,
        "Total Revenue": 3,
        "Gross Profit": 1,
        "Operating Income": -4,
        "EBIT": -3,
        "Net Income": -5
    },
    "2020-09-30": {
        "Diluted EPS": -9.6,
        "Total Revenue": 3,
        "Gross Profit": 2,
        "Operating Income": -2,
        "EBIT": -1,
        "Net Income": -3
    },
    "2020-06-30": {
        "Diluted EPS": -16.8,
        "Total Revenue": 1,
        "Gross Profit": 1,
        "Operating Income": -5,
        "EBIT": -3,
        "Net Income": -6
    },
    "2020-03-31": {
        "Diluted EPS": -12.3,
        "Total Revenue": 2,
        "Gross Profit": 1,
        "Operating Income": -6,
        "EBIT": -4,
        "Net Income": -6
    },
    "2019-12-31": {
        "Diluted EPS": -83.7,
        "Total Revenue": NaN,
        "Gross Profit": NaN,
        "Operating Income": -22,
        "EBIT": -12,
        "Net Income": -20
    },
    "2019-09-30": {
        "Diluted EPS": -15.0,
        "Total Revenue": NaN,
        "Gross Profit": NaN,
        "Operating Income": -4,
        "EBIT": -4,
        "Net Income": -4
    },
    "2019-06-30": {
        "Diluted EPS": -15.5,
        "Total Revenue": NaN,
        "Gross Profit": NaN,
        "Operating Income": -4,
        "EBIT": -4,
        "Net Income": -4
    },
    "2019-03-31": {
        "Diluted EPS": -18.0,
        "Total Revenue": NaN,
        "Gross Profit": NaN,
        "Operating Income": -5,
        "EBIT": -5,
        "Net Income": -5
    },
    "2018-12-31": {
        "Diluted EPS": -22.5,
        "Total Revenue": NaN,
        "Gross Profit": NaN,
        "Operating Income": -4,
        "EBIT": -4,
        "Net Income": -4
    },
    "2018-09-30": {
        "Diluted EPS": -20.0,
        "Total Revenue": NaN,
        "Gross Profit": NaN,
        "Operating Income": -3,
        "EBIT": -3,
        "Net Income": -3
    },
    "2018-06-30": {
        "Diluted EPS": -13.5,
        "Total Revenue": NaN,
        "Gross Profit": NaN,
        "Operating Income": -2,
        "EBIT": -2,
        "Net Income": -2
    },
    "2018-03-31": {
        "Diluted EPS": -12.5,
        "Total Revenue": NaN,
        "Gross Profit": NaN,
        "Operating Income": -2,
        "EBIT": -2,
        "Net Income": -2
    },
    "2017-12-31": {
        "Diluted EPS": -27.0,
        "Total Revenue": NaN,
        "Gross Profit": NaN,
        "Operating Income": -4,
        "EBIT": -4,
        "Net Income": -4
    },
    "2017-09-30": {
        "Diluted EPS": -14.5,
        "Total Revenue": NaN,
        "Gross Profit": NaN,
        "Operating Income": -2,
        "EBIT": -2,
        "Net Income": -2
    },
    "2017-06-30": {
        "Diluted EPS": -19.0,
        "Total Revenue": NaN,
        "Gross Profit": NaN,
        "Operating Income": -3,
        "EBIT": -3,
        "Net Income": -3
    },
    "2017-03-31": {
        "Diluted EPS": -21.5,
        "Total Revenue": NaN,
        "Gross Profit": NaN,
        "Operating Income": -3,
        "EBIT": -3,
        "Net Income": -3
    },
    "2016-12-31": {
        "Diluted EPS": 21.0,
        "Total Revenue": NaN,
        "Gross Profit": NaN,
        "Operating Income": -5,
        "EBIT": -5,
        "Net Income": -3
    },
    "2016-09-30": {
        "Diluted EPS": -132.0,
        "Total Revenue": NaN,
        "Gross Profit": NaN,
        "Operating Income": -4,
        "EBIT": -4,
        "Net Income": -4
    },
    "2016-06-30": {
        "Diluted EPS": -87.5,
        "Total Revenue": NaN,
        "Gross Profit": NaN,
        "Operating Income": -2,
        "EBIT": -2,
        "Net Income": -3
    },
    "2016-03-31": {
        "Diluted EPS": -86.0,
        "Total Revenue": NaN,
        "Gross Profit": NaN,
        "Operating Income": -2,
        "EBIT": -2,
        "Net Income": -3
    },
    "2015-12-31": {
        "Diluted EPS": -118.74,
        "Total Revenue": NaN,
        "Gross Profit": NaN,
        "Operating Income": -3,
        "EBIT": -3,
        "Net Income": -2
    },
    "2015-09-30": {
        "Diluted EPS": -127.8,
        "Total Revenue": NaN,
        "Gross Profit": NaN,
        "Operating Income": -2,
        "EBIT": -2,
        "Net Income": -2
    },
    "2015-06-30": {
        "Diluted EPS": -175.72,
        "Total Revenue": NaN,
        "Gross Profit": NaN,
        "Operating Income": -3,
        "EBIT": -3,
        "Net Income": -3
    },
    "2015-03-31": {
        "Diluted EPS": -159.74,
        "Total Revenue": NaN,
        "Gross Profit": NaN,
        "Operating Income": -2,
        "EBIT": -2,
        "Net Income": -2
    },
    "2014-12-31": {
        "Diluted EPS": -127.8,
        "Total Revenue": NaN,
        "Gross Profit": NaN,
        "Operating Income": -2,
        "EBIT": -2,
        "Net Income": -2
    },
    "2014-09-30": {
        "Diluted EPS": -255.59,
        "Total Revenue": NaN,
        "Gross Profit": NaN,
        "Operating Income": -3,
        "EBIT": -3,
        "Net Income": -4
    },
    "2014-06-30": {
        "Diluted EPS": -175.72,
        "Total Revenue": NaN,
        "Gross Profit": NaN,
        "Operating Income": -2,
        "EBIT": -2,
        "Net Income": -2
    },
    "2014-03-31": {
        "Diluted EPS": -223.64,
        "Total Revenue": NaN,
        "Gross Profit": NaN,
        "Operating Income": -2,
        "EBIT": -2,
        "Net Income": -3
    },
    "2013-12-31": {
        "Diluted EPS": -207.67,
        "Total Revenue": NaN,
        "Gross Profit": NaN,
        "Operating Income": -2,
        "EBIT": -2,
        "Net Income": -3
    },
    "2013-09-30": {
        "Diluted EPS": -335.46,
        "Total Revenue": NaN,
        "Gross Profit": NaN,
        "Operating Income": -4,
        "EBIT": -4,
        "Net Income": -4
    },
    "2013-06-30": {
        "Diluted EPS": -63.9,
        "Total Revenue": NaN,
        "Gross Profit": NaN,
        "Operating Income": -1,
        "EBIT": -1,
        "Net Income": -1
    },
    "2013-03-31": {
        "Diluted EPS": -31.95,
        "Total Revenue": NaN,
        "Gross Profit": NaN,
        "Operating Income": -1,
        "EBIT": -1,
        "Net Income": -1
    },
    "2012-12-31": {
        "Diluted EPS": 0.0,
        "Total Revenue": NaN,
        "Gross Profit": NaN,
        "Operating Income": NaN,
        "EBIT": NaN,
        "Net Income": NaN
    },
    "2023-06-30": {
        "Tax Effect Of Unusual Items": NaN,
        "Tax Rate For Calcs": NaN,
        "Normalized EBITDA": NaN,
        "Total Unusual Items": NaN,
        "Total Unusual Items Excluding Goodwill": NaN,
        "Net Income From Continuing Operation Net Minority Interest": NaN,
        "Reconciled Depreciation": NaN,
        "Reconciled Cost Of Revenue": NaN,
        "EBITDA": NaN,
        "EBIT": NaN,
        "Net Interest Income": NaN,
        "Interest Expense": NaN,
        "Interest Income": NaN,
        "Normalized Income": NaN,
        "Net Income From Continuing And Discontinued Operation": NaN,
        "Total Expenses": NaN,
        "Total Operating Income As Reported": NaN,
        "Diluted Average Shares": 2117581.0,
        "Basic Average Shares": 2117581.0,
        "Diluted EPS": -1.2,
        "Basic EPS": -1.2,
        "Diluted NI Availto Com Stockholders": NaN,
        "Net Income Common Stockholders": NaN,
        "Otherunder Preferred Stock Dividend": 0.0,
        "Preferred Stock Dividends": NaN,
        "Net Income": NaN,
        "Net Income Including Noncontrolling Interests": NaN,
        "Net Income Continuous Operations": NaN,
        "Tax Provision": NaN,
        "Pretax Income": NaN,
        "Other Income Expense": NaN,
        "Other Non Operating Income Expenses": NaN,
        "Special Income Charges": NaN,
        "Impairment Of Capital Assets": NaN,
        "Gain On Sale Of Security": NaN,
        "Net Non Operating Interest Income Expense": NaN,
        "Interest Expense Non Operating": NaN,
        "Interest Income Non Operating": NaN,
        "Operating Income": NaN,
        "Operating Expense": NaN,
        "Depreciation Amortization Depletion Income Statement": NaN,
        "Depreciation And Amortization In Income Statement": NaN,
        "Research And Development": NaN,
        "Selling General And Administration": NaN,
        "Gross Profit": NaN,
        "Cost Of Revenue": NaN,
        "Total Revenue": NaN,
        "Operating Revenue": NaN
    },
    "2023-09-30": {
        "Tax Effect Of Unusual Items": 0.0,
        "Tax Rate For Calcs": 0.0,
        "Normalized EBITDA": -12011821.0,
        "Total Unusual Items": 8454000.0,
        "Total Unusual Items Excluding Goodwill": 8454000.0,
        "Net Income From Continuing Operation Net Minority Interest": -4549508.0,
        "Reconciled Depreciation": 860336.0,
        "Reconciled Cost Of Revenue": 374934.0,
        "EBITDA": -3557821.0,
        "EBIT": -4418157.0,
        "Net Interest Income": 37130.0,
        "Interest Expense": 131351.0,
        "Interest Income": 168481.0,
        "Normalized Income": -13003508.0,
        "Net Income From Continuing And Discontinued Operation": -4549508.0,
        "Total Expenses": 3626298.0,
        "Total Operating Income As Reported": -4806641.0,
        "Diluted Average Shares": 2119620.0,
        "Basic Average Shares": 2119620.0,
        "Diluted EPS": -2.85,
        "Basic EPS": -2.85,
        "Diluted NI Availto Com Stockholders": -6042586.0,
        "Net Income Common Stockholders": -6042586.0,
        "Otherunder Preferred Stock Dividend": 1153846.0,
        "Preferred Stock Dividends": 339232.0,
        "Net Income": -4549508.0,
        "Net Income Including Noncontrolling Interests": -4549508.0,
        "Net Income Continuous Operations": -4549508.0,
        "Tax Provision": 0.0,
        "Pretax Income": -4549508.0,
        "Other Income Expense": -2634997.0,
        "Other Non Operating Income Expenses": -11088997.0,
        "Special Income Charges": 0.0,
        "Impairment Of Capital Assets": 0.0,
        "Gain On Sale Of Security": 8454000.0,
        "Net Non Operating Interest Income Expense": 37130.0,
        "Interest Expense Non Operating": 131351.0,
        "Interest Income Non Operating": 168481.0,
        "Operating Income": -1951641.0,
        "Operating Expense": 3217823.0,
        "Depreciation Amortization Depletion Income Statement": 826795.0,
        "Depreciation And Amortization In Income Statement": 826795.0,
        "Research And Development": 389093.0,
        "Selling General And Administration": 2001935.0,
        "Gross Profit": 1266182.0,
        "Cost Of Revenue": 408475.0,
        "Total Revenue": 1674657.0,
        "Operating Revenue": 1674657.0
    },
    "2023-12-31": {
        "Tax Effect Of Unusual Items": 0.0,
        "Tax Rate For Calcs": 0.0,
        "Normalized EBITDA": -3876235.0,
        "Total Unusual Items": 5255000.0,
        "Total Unusual Items Excluding Goodwill": 5255000.0,
        "Net Income From Continuing Operation Net Minority Interest": 318150.0,
        "Reconciled Depreciation": 934794.0,
        "Reconciled Cost Of Revenue": 25935.0,
        "EBITDA": 1378765.0,
        "EBIT": 443971.0,
        "Net Interest Income": 101768.0,
        "Interest Expense": 125821.0,
        "Interest Income": 227589.0,
        "Normalized Income": -4936850.0,
        "Net Income From Continuing And Discontinued Operation": 318150.0,
        "Total Expenses": 4674368.0,
        "Total Operating Income As Reported": -5038618.0,
        "Diluted Average Shares": NaN,
        "Basic Average Shares": NaN,
        "Diluted EPS": NaN,
        "Basic EPS": NaN,
        "Diluted NI Availto Com Stockholders": -4993829.0,
        "Net Income Common Stockholders": -4993829.0,
        "Otherunder Preferred Stock Dividend": NaN,
        "Preferred Stock Dividends": 482224.0,
        "Net Income": 318150.0,
        "Net Income Including Noncontrolling Interests": 318150.0,
        "Net Income Continuous Operations": 318150.0,
        "Tax Provision": 0.0,
        "Pretax Income": 318150.0,
        "Other Income Expense": 5255000.0,
        "Other Non Operating Income Expenses": 0.0,
        "Special Income Charges": 0.0,
        "Impairment Of Capital Assets": 0.0,
        "Gain On Sale Of Security": 5255000.0,
        "Net Non Operating Interest Income Expense": 101768.0,
        "Interest Expense Non Operating": 125821.0,
        "Interest Income Non Operating": 227589.0,
        "Operating Income": -5038618.0,
        "Operating Expense": 4516221.0,
        "Depreciation Amortization Depletion Income Statement": 802582.0,
        "Depreciation And Amortization In Income Statement": 802582.0,
        "Research And Development": 834334.0,
        "Selling General And Administration": 2879305.0,
        "Gross Profit": -522397.0,
        "Cost Of Revenue": 158147.0,
        "Total Revenue": -364250.0,
        "Operating Revenue": -364250.0
    },
    "2024-03-31": {
        "Tax Effect Of Unusual Items": 0.0,
        "Tax Rate For Calcs": 0.0,
        "Normalized EBITDA": -3022927.0,
        "Total Unusual Items": 1734000.0,
        "Total Unusual Items Excluding Goodwill": 1734000.0,
        "Net Income From Continuing Operation Net Minority Interest": -2162663.0,
        "Reconciled Depreciation": 753527.0,
        "Reconciled Cost Of Revenue": 296143.0,
        "EBITDA": -1288927.0,
        "EBIT": -2042454.0,
        "Net Interest Income": 31610.0,
        "Interest Expense": 120209.0,
        "Interest Income": 151819.0,
        "Normalized Income": -3896663.0,
        "Net Income From Continuing And Discontinued Operation": -2162663.0,
        "Total Expenses": 5317079.0,
        "Total Operating Income As Reported": -3928273.0,
        "Diluted Average Shares": 4756952.0,
        "Basic Average Shares": 4756952.0,
        "Diluted EPS": -1.69,
        "Basic EPS": -1.69,
        "Diluted NI Availto Com Stockholders": -8026944.0,
        "Net Income Common Stockholders": -8026944.0,
        "Otherunder Preferred Stock Dividend": 5268776.0,
        "Preferred Stock Dividends": 595505.0,
        "Net Income": -2162663.0,
        "Net Income Including Noncontrolling Interests": -2162663.0,
        "Net Income Continuous Operations": -2162663.0,
        "Tax Provision": 0.0,
        "Pretax Income": -2162663.0,
        "Other Income Expense": 1734000.0,
        "Other Non Operating Income Expenses": NaN,
        "Special Income Charges": NaN,
        "Impairment Of Capital Assets": NaN,
        "Gain On Sale Of Security": 1734000.0,
        "Net Non Operating Interest Income Expense": 31610.0,
        "Interest Expense Non Operating": 120209.0,
        "Interest Income Non Operating": 151819.0,
        "Operating Income": -3928273.0,
        "Operating Expense": 4985248.0,
        "Depreciation Amortization Depletion Income Statement": 717839.0,
        "Depreciation And Amortization In Income Statement": 717839.0,
        "Research And Development": 1555953.0,
        "Selling General And Administration": 2711456.0,
        "Gross Profit": 1056975.0,
        "Cost Of Revenue": 331831.0,
        "Total Revenue": 1388806.0,
        "Operating Revenue": 1388806.0
    },
    "2024-06-30": {
        "Tax Effect Of Unusual Items": 0.0,
        "Tax Rate For Calcs": 0.0,
        "Normalized EBITDA": -1406847.0,
        "Total Unusual Items": 1614000.0,
        "Total Unusual Items Excluding Goodwill": 1614000.0,
        "Net Income From Continuing Operation Net Minority Interest": -662026.0,
        "Reconciled Depreciation": 754667.0,
        "Reconciled Cost Of Revenue": 292281.0,
        "EBITDA": 207153.0,
        "EBIT": -547514.0,
        "Net Interest Income": 4879.0,
        "Interest Expense": 114512.0,
        "Interest Income": 119391.0,
        "Normalized Income": -2276026.0,
        "Net Income From Continuing And Discontinued Operation": -662026.0,
        "Total Expenses": 3702376.0,
        "Total Operating Income As Reported": -2280905.0,
        "Diluted Average Shares": 7388107.0,
        "Basic Average Shares": 7388107.0,
        "Diluted EPS": -0.37,
        "Basic EPS": -0.37,
        "Diluted NI Availto Com Stockholders": -2734919.0,
        "Net Income Common Stockholders": -2734919.0,
        "Otherunder Preferred Stock Dividend": 1856095.0,
        "Preferred Stock Dividends": 216798.0,
        "Net Income": -662026.0,
        "Net Income Including Noncontrolling Interests": -662026.0,
        "Net Income Continuous Operations": -662026.0,
        "Tax Provision": 0.0,
        "Pretax Income": -662026.0,
        "Other Income Expense": 1614000.0,
        "Other Non Operating Income Expenses": NaN,
        "Special Income Charges": NaN,
        "Impairment Of Capital Assets": NaN,
        "Gain On Sale Of Security": 1614000.0,
        "Net Non Operating Interest Income Expense": 4879.0,
        "Interest Expense Non Operating": 114512.0,
        "Interest Income Non Operating": 119391.0,
        "Operating Income": -2280905.0,
        "Operating Expense": 3373266.0,
        "Depreciation Amortization Depletion Income Statement": 717838.0,
        "Depreciation And Amortization In Income Statement": 717838.0,
        "Research And Development": 368798.0,
        "Selling General And Administration": 2286630.0,
        "Gross Profit": 1092361.0,
        "Cost Of Revenue": 329110.0,
        "Total Revenue": 1421471.0,
        "Operating Revenue": 1421471.0
    },
    "2024-09-30": {
        "Tax Effect Of Unusual Items": 0.0,
        "Tax Rate For Calcs": 0.0,
        "Normalized EBITDA": -1495671.0,
        "Total Unusual Items": 202000.0,
        "Total Unusual Items Excluding Goodwill": 202000.0,
        "Net Income From Continuing Operation Net Minority Interest": -2220661.0,
        "Reconciled Depreciation": 768260.0,
        "Reconciled Cost Of Revenue": 258194.0,
        "EBITDA": -1293671.0,
        "EBIT": -2061931.0,
        "Net Interest Income": -82913.0,
        "Interest Expense": 158730.0,
        "Interest Income": 75817.0,
        "Normalized Income": -2422661.0,
        "Net Income From Continuing And Discontinued Operation": -2220661.0,
        "Total Expenses": 3916114.0,
        "Total Operating Income As Reported": -2339748.0,
        "Diluted Average Shares": 9829793.0,
        "Basic Average Shares": 9829793.0,
        "Diluted EPS": -0.53,
        "Basic EPS": -0.53,
        "Diluted NI Availto Com Stockholders": -5246715.0,
        "Net Income Common Stockholders": -5246715.0,
        "Otherunder Preferred Stock Dividend": 1974359.0,
        "Preferred Stock Dividends": 1051695.0,
        "Net Income": -2220661.0,
        "Net Income Including Noncontrolling Interests": -2220661.0,
        "Net Income Continuous Operations": -2220661.0,
        "Tax Provision": 0.0,
        "Pretax Income": -2220661.0,
        "Other Income Expense": 202000.0,
        "Other Non Operating Income Expenses": NaN,
        "Special Income Charges": NaN,
        "Impairment Of Capital Assets": NaN,
        "Gain On Sale Of Security": 202000.0,
        "Net Non Operating Interest Income Expense": -82913.0,
        "Interest Expense Non Operating": 158730.0,
        "Interest Income Non Operating": 75817.0,
        "Operating Income": -2339748.0,
        "Operating Expense": 3629109.0,
        "Depreciation Amortization Depletion Income Statement": 739449.0,
        "Depreciation And Amortization In Income Statement": 739449.0,
        "Research And Development": 588355.0,
        "Selling General And Administration": 2301305.0,
        "Gross Profit": 1289361.0,
        "Cost Of Revenue": 287005.0,
        "Total Revenue": 1576366.0,
        "Operating Revenue": 1576366.0
    }
}