{
    "2023-03-31": {
        "Tax Effect Of Unusual Items": NaN,
        "Tax Rate For Calcs": NaN,
        "Normalized EBITDA": NaN,
        "Total Unusual Items": NaN,
        "Total Unusual Items Excluding Goodwill": NaN,
        "Net Income From Continuing Operation Net Minority Interest": NaN,
        "Reconciled Depreciation": NaN,
        "Reconciled Cost Of Revenue": NaN,
        "EBITDA": NaN,
        "EBIT": NaN,
        "Net Interest Income": NaN,
        "Interest Expense": NaN,
        "Interest Income": NaN,
        "Normalized Income": NaN,
        "Net Income From Continuing And Discontinued Operation": NaN,
        "Total Expenses": NaN,
        "Total Operating Income As Reported": NaN,
        "Diluted Average Shares": NaN,
        "Basic Average Shares": NaN,
        "Diluted EPS": NaN,
        "Basic EPS": NaN,
        "Diluted NI Availto Com Stockholders": NaN,
        "Net Income Common Stockholders": NaN,
        "Preferred Stock Dividends": NaN,
        "Net Income": NaN,
        "Minority Interests": NaN,
        "Net Income Including Noncontrolling Interests": NaN,
        "Net Income Discontinuous Operations": NaN,
        "Net Income Continuous Operations": NaN,
        "Tax Provision": NaN,
        "Pretax Income": NaN,
        "Other Income Expense": NaN,
        "Other Non Operating Income Expenses": NaN,
        "Special Income Charges": NaN,
        "Gain On Sale Of Business": NaN,
        "Other Special Charges": NaN,
        "Restructuring And Mergern Acquisition": NaN,
        "Gain On Sale Of Security": NaN,
        "Net Non Operating Interest Income Expense": NaN,
        "Total Other Finance Cost": NaN,
        "Interest Expense Non Operating": NaN,
        "Interest Income Non Operating": NaN,
        "Operating Income": NaN,
        "Operating Expense": NaN,
        "Selling General And Administration": NaN,
        "General And Administrative Expense": 130000000.0,
        "Other Gand A": 130000000.0,
        "Gross Profit": NaN,
        "Cost Of Revenue": NaN,
        "Total Revenue": NaN,
        "Operating Revenue": NaN
    },
    "2022-12-31": {
        "Tax Effect Of Unusual Items": NaN,
        "Tax Rate For Calcs": NaN,
        "Normalized EBITDA": NaN,
        "Total Unusual Items": NaN,
        "Total Unusual Items Excluding Goodwill": NaN,
        "Net Income From Continuing Operation Net Minority Interest": NaN,
        "Reconciled Depreciation": NaN,
        "Reconciled Cost Of Revenue": NaN,
        "EBITDA": NaN,
        "EBIT": NaN,
        "Net Interest Income": NaN,
        "Interest Expense": NaN,
        "Interest Income": NaN,
        "Normalized Income": NaN,
        "Net Income From Continuing And Discontinued Operation": NaN,
        "Total Expenses": NaN,
        "Total Operating Income As Reported": NaN,
        "Diluted Average Shares": NaN,
        "Basic Average Shares": NaN,
        "Diluted EPS": NaN,
        "Basic EPS": NaN,
        "Diluted NI Availto Com Stockholders": NaN,
        "Net Income Common Stockholders": NaN,
        "Net Income": NaN,
        "Minority Interests": NaN,
        "Net Income Including Noncontrolling Interests": NaN,
        "Net Income Discontinuous Operations": 0.0,
        "Net Income Continuous Operations": NaN,
        "Tax Provision": NaN,
        "Pretax Income": NaN,
        "Other Income Expense": NaN,
        "Other Non Operating Income Expenses": NaN,
        "Special Income Charges": NaN,
        "Gain On Sale Of Business": NaN,
        "Other Special Charges": -2000000.0,
        "Restructuring And Mergern Acquisition": NaN,
        "Gain On Sale Of Security": NaN,
        "Net Non Operating Interest Income Expense": NaN,
        "Total Other Finance Cost": NaN,
        "Interest Expense Non Operating": NaN,
        "Interest Income Non Operating": NaN,
        "Operating Income": NaN,
        "Operating Expense": NaN,
        "Selling General And Administration": NaN,
        "General And Administrative Expense": NaN,
        "Other Gand A": NaN,
        "Gross Profit": NaN,
        "Cost Of Revenue": NaN,
        "Total Revenue": NaN,
        "Operating Revenue": NaN
    },
    "2022-09-30": {
        "Tax Effect Of Unusual Items": NaN,
        "Tax Rate For Calcs": NaN,
        "Normalized EBITDA": NaN,
        "Total Unusual Items": NaN,
        "Total Unusual Items Excluding Goodwill": NaN,
        "Net Income From Continuing Operation Net Minority Interest": NaN,
        "Reconciled Depreciation": NaN,
        "Reconciled Cost Of Revenue": NaN,
        "EBITDA": NaN,
        "EBIT": NaN,
        "Net Interest Income": NaN,
        "Interest Expense": NaN,
        "Interest Income": NaN,
        "Normalized Income": NaN,
        "Net Income From Continuing And Discontinued Operation": NaN,
        "Total Expenses": NaN,
        "Total Operating Income As Reported": NaN,
        "Diluted Average Shares": NaN,
        "Basic Average Shares": NaN,
        "Diluted EPS": NaN,
        "Basic EPS": NaN,
        "Diluted NI Availto Com Stockholders": NaN,
        "Net Income Common Stockholders": NaN,
        "Net Income": NaN,
        "Minority Interests": NaN,
        "Net Income Including Noncontrolling Interests": NaN,
        "Net Income Discontinuous Operations": 1000000.0,
        "Net Income Continuous Operations": NaN,
        "Tax Provision": NaN,
        "Pretax Income": NaN,
        "Other Income Expense": NaN,
        "Other Non Operating Income Expenses": NaN,
        "Special Income Charges": NaN,
        "Gain On Sale Of Business": NaN,
        "Other Special Charges": NaN,
        "Restructuring And Mergern Acquisition": NaN,
        "Gain On Sale Of Security": NaN,
        "Net Non Operating Interest Income Expense": NaN,
        "Total Other Finance Cost": NaN,
        "Interest Expense Non Operating": NaN,
        "Interest Income Non Operating": NaN,
        "Operating Income": NaN,
        "Operating Expense": NaN,
        "Selling General And Administration": NaN,
        "General And Administrative Expense": NaN,
        "Other Gand A": NaN,
        "Gross Profit": NaN,
        "Cost Of Revenue": NaN,
        "Total Revenue": NaN,
        "Operating Revenue": NaN
    },
    "2022-06-30": {
        "Tax Effect Of Unusual Items": -378151.260504,
        "Tax Rate For Calcs": 0.378151,
        "Normalized EBITDA": 256000000.0,
        "Total Unusual Items": -1000000.0,
        "Total Unusual Items Excluding Goodwill": -1000000.0,
        "Net Income From Continuing Operation Net Minority Interest": 73000000.0,
        "Reconciled Depreciation": 86000000.0,
        "Reconciled Cost Of Revenue": 1332000000.0,
        "EBITDA": 255000000.0,
        "EBIT": 169000000.0,
        "Net Interest Income": -50000000.0,
        "Interest Expense": 50000000.0,
        "Interest Income": 1000000.0,
        "Normalized Income": 73621848.739496,
        "Net Income From Continuing And Discontinued Operation": 73000000.0,
        "Total Expenses": 1468000000.0,
        "Total Operating Income As Reported": 171000000.0,
        "Diluted Average Shares": 178300000.0,
        "Basic Average Shares": 177700000.0,
        "Diluted EPS": 0.4,
        "Basic EPS": 0.41,
        "Diluted NI Availto Com Stockholders": 73000000.0,
        "Net Income Common Stockholders": 73000000.0,
        "Net Income": 73000000.0,
        "Minority Interests": -1000000.0,
        "Net Income Including Noncontrolling Interests": 74000000.0,
        "Net Income Discontinuous Operations": 0.0,
        "Net Income Continuous Operations": 74000000.0,
        "Tax Provision": 45000000.0,
        "Pretax Income": 119000000.0,
        "Other Income Expense": -3000000.0,
        "Other Non Operating Income Expenses": -2000000.0,
        "Special Income Charges": -1000000.0,
        "Gain On Sale Of Business": 0.0,
        "Other Special Charges": -15000000.0,
        "Restructuring And Mergern Acquisition": 1000000.0,
        "Gain On Sale Of Security": NaN,
        "Net Non Operating Interest Income Expense": -50000000.0,
        "Total Other Finance Cost": 3000000.0,
        "Interest Expense Non Operating": 50000000.0,
        "Interest Income Non Operating": 1000000.0,
        "Operating Income": 172000000.0,
        "Operating Expense": 136000000.0,
        "Other Operating Expenses": -12000000.0,
        "Selling General And Administration": 148000000.0,
        "General And Administrative Expense": 148000000.0,
        "Other Gand A": 148000000.0,
        "Gross Profit": 308000000.0,
        "Cost Of Revenue": 1332000000.0,
        "Total Revenue": 1640000000.0,
        "Operating Revenue": 1640000000.0
    },
    "2023-06-30": {
        "Tax Effect Of Unusual Items": NaN,
        "Tax Rate For Calcs": NaN,
        "Normalized EBITDA": NaN,
        "Total Unusual Items": NaN,
        "Total Unusual Items Excluding Goodwill": NaN,
        "Net Income From Continuing Operation Net Minority Interest": NaN,
        "Reconciled Depreciation": NaN,
        "Reconciled Cost Of Revenue": NaN,
        "EBITDA": NaN,
        "EBIT": NaN,
        "Net Interest Income": NaN,
        "Interest Expense": NaN,
        "Interest Income": NaN,
        "Normalized Income": NaN,
        "Net Income From Continuing And Discontinued Operation": NaN,
        "Total Expenses": NaN,
        "Total Operating Income As Reported": NaN,
        "Diluted Average Shares": 178500000.0,
        "Basic Average Shares": 178500000.0,
        "Diluted EPS": -0.78,
        "Basic EPS": -0.78,
        "Diluted NI Availto Com Stockholders": NaN,
        "Net Income Common Stockholders": NaN,
        "Preferred Stock Dividends": 1000000.0,
        "Net Income": NaN,
        "Minority Interests": NaN,
        "Net Income Including Noncontrolling Interests": NaN,
        "Net Income Discontinuous Operations": NaN,
        "Net Income Continuous Operations": NaN,
        "Tax Provision": NaN,
        "Pretax Income": NaN,
        "Other Income Expense": NaN,
        "Other Non Operating Income Expenses": NaN,
        "Special Income Charges": NaN,
        "Gain On Sale Of Business": NaN,
        "Other Special Charges": NaN,
        "Restructuring And Mergern Acquisition": NaN,
        "Gain On Sale Of Security": NaN,
        "Net Non Operating Interest Income Expense": NaN,
        "Total Other Finance Cost": NaN,
        "Interest Expense Non Operating": NaN,
        "Interest Income Non Operating": NaN,
        "Operating Income": NaN,
        "Operating Expense": NaN,
        "Selling General And Administration": NaN,
        "General And Administrative Expense": 136000000.0,
        "Other Gand A": 136000000.0,
        "Gross Profit": NaN,
        "Cost Of Revenue": NaN,
        "Total Revenue": NaN,
        "Operating Revenue": NaN
    },
    "2022-03-31": {
        "Diluted EPS": 0.24,
        "Total Revenue": NaN,
        "Gross Profit": 232,
        "Operating Income": 118,
        "EBIT": 202,
        "Net Income": 43
    },
    "2021-12-31": {
        "Diluted EPS": 0.18,
        "Total Revenue": NaN,
        "Gross Profit": 213,
        "Operating Income": 93,
        "EBIT": 185,
        "Net Income": 31
    },
    "2021-09-30": {
        "Diluted EPS": 0.0,
        "Total Revenue": NaN,
        "Gross Profit": 103,
        "Operating Income": 6,
        "EBIT": 110,
        "Net Income": 0
    },
    "2021-06-30": {
        "Diluted EPS": 0.04,
        "Total Revenue": NaN,
        "Gross Profit": 150,
        "Operating Income": 30,
        "EBIT": 109,
        "Net Income": 7
    },
    "2021-03-31": {
        "Diluted EPS": -0.09,
        "Total Revenue": NaN,
        "Gross Profit": 108,
        "Operating Income": -10,
        "EBIT": 64,
        "Net Income": -15
    },
    "2020-12-31": {
        "Diluted EPS": 1.7,
        "Total Revenue": NaN,
        "Gross Profit": 188,
        "Operating Income": 81,
        "EBIT": 159,
        "Net Income": 236
    },
    "2020-09-30": {
        "Diluted EPS": -2.59,
        "Total Revenue": NaN,
        "Gross Profit": 184,
        "Operating Income": -31,
        "EBIT": 103,
        "Net Income": -359
    },
    "2020-06-30": {
        "Diluted EPS": -0.3,
        "Total Revenue": NaN,
        "Gross Profit": 174,
        "Operating Income": 8,
        "EBIT": 148,
        "Net Income": -40
    },
    "2020-03-31": {
        "Diluted EPS": 1.01,
        "Total Revenue": NaN,
        "Gross Profit": 174,
        "Operating Income": 125,
        "EBIT": 263,
        "Net Income": 136
    },
    "2019-12-31": {
        "Diluted EPS": 0.0,
        "Total Revenue": NaN,
        "Gross Profit": NaN,
        "Operating Income": NaN,
        "EBIT": NaN,
        "Net Income": NaN
    },
    "2019-09-30": {
        "Diluted EPS": 0.41,
        "Total Revenue": NaN,
        "Gross Profit": 206,
        "Operating Income": 49,
        "EBIT": 49,
        "Net Income": 56
    },
    "2018-12-31": {
        "Diluted EPS": 0.0,
        "Total Revenue": NaN,
        "Gross Profit": NaN,
        "Operating Income": NaN,
        "EBIT": NaN,
        "Net Income": NaN
    },
    "2017-12-31": {
        "Diluted EPS": 0.0,
        "Total Revenue": NaN,
        "Gross Profit": NaN,
        "Operating Income": NaN,
        "EBIT": NaN,
        "Net Income": NaN
    },
    "2023-09-30": {
        "Tax Effect Of Unusual Items": -5250000.0,
        "Tax Rate For Calcs": 0.21,
        "Normalized EBITDA": 224000000.0,
        "Total Unusual Items": -25000000.0,
        "Total Unusual Items Excluding Goodwill": -25000000.0,
        "Net Income From Continuing Operation Net Minority Interest": 27000000.0,
        "Reconciled Depreciation": 85000000.0,
        "Reconciled Cost Of Revenue": 1098000000.0,
        "EBITDA": 199000000.0,
        "EBIT": 114000000.0,
        "Net Interest Income": -64000000.0,
        "Interest Expense": 64000000.0,
        "Interest Income": 3000000.0,
        "Normalized Income": 46750000.0,
        "Net Income From Continuing And Discontinued Operation": 29000000.0,
        "Total Expenses": 1235000000.0,
        "Total Operating Income As Reported": 113000000.0,
        "Diluted Average Shares": 179700000.0,
        "Basic Average Shares": 178700000.0,
        "Diluted EPS": 0.16,
        "Basic EPS": 0.16,
        "Diluted NI Availto Com Stockholders": 29000000.0,
        "Net Income Common Stockholders": 29000000.0,
        "Preferred Stock Dividends": NaN,
        "Net Income": 29000000.0,
        "Minority Interests": -1000000.0,
        "Net Income Including Noncontrolling Interests": 30000000.0,
        "Net Income Discontinuous Operations": 2000000.0,
        "Net Income Continuous Operations": 28000000.0,
        "Tax Provision": 22000000.0,
        "Pretax Income": 50000000.0,
        "Other Income Expense": -30000000.0,
        "Other Non Operating Income Expenses": -5000000.0,
        "Special Income Charges": -28000000.0,
        "Gain On Sale Of Business": 0.0,
        "Other Special Charges": NaN,
        "Restructuring And Mergern Acquisition": 28000000.0,
        "Gain On Sale Of Security": 3000000.0,
        "Net Non Operating Interest Income Expense": -64000000.0,
        "Total Other Finance Cost": 3000000.0,
        "Interest Expense Non Operating": 64000000.0,
        "Interest Income Non Operating": 3000000.0,
        "Operating Income": 144000000.0,
        "Operating Expense": 137000000.0,
        "Selling General And Administration": 137000000.0,
        "General And Administrative Expense": NaN,
        "Other Gand A": NaN,
        "Gross Profit": 281000000.0,
        "Cost Of Revenue": 1098000000.0,
        "Total Revenue": 1379000000.0,
        "Operating Revenue": 1379000000.0
    },
    "2023-12-31": {
        "Tax Effect Of Unusual Items": -3000000.0,
        "Tax Rate For Calcs": 0.083333,
        "Normalized EBITDA": 202000000.0,
        "Total Unusual Items": -36000000.0,
        "Total Unusual Items Excluding Goodwill": -36000000.0,
        "Net Income From Continuing Operation Net Minority Interest": 21000000.0,
        "Reconciled Depreciation": 82000000.0,
        "Reconciled Cost Of Revenue": 1021000000.0,
        "EBITDA": 166000000.0,
        "EBIT": 84000000.0,
        "Net Interest Income": -60000000.0,
        "Interest Expense": 60000000.0,
        "Interest Income": 2000000.0,
        "Normalized Income": 54000000.0,
        "Net Income From Continuing And Discontinued Operation": 21000000.0,
        "Total Expenses": 1154000000.0,
        "Total Operating Income As Reported": 83000000.0,
        "Diluted Average Shares": NaN,
        "Basic Average Shares": NaN,
        "Diluted EPS": NaN,
        "Basic EPS": NaN,
        "Diluted NI Availto Com Stockholders": 21000000.0,
        "Net Income Common Stockholders": 21000000.0,
        "Preferred Stock Dividends": NaN,
        "Net Income": 21000000.0,
        "Minority Interests": -1000000.0,
        "Net Income Including Noncontrolling Interests": 22000000.0,
        "Net Income Discontinuous Operations": 0.0,
        "Net Income Continuous Operations": 22000000.0,
        "Tax Provision": 2000000.0,
        "Pretax Income": 24000000.0,
        "Other Income Expense": -36000000.0,
        "Other Non Operating Income Expenses": 0.0,
        "Special Income Charges": -39000000.0,
        "Gain On Sale Of Business": -1000000.0,
        "Other Special Charges": NaN,
        "Restructuring And Mergern Acquisition": 38000000.0,
        "Gain On Sale Of Security": 3000000.0,
        "Net Non Operating Interest Income Expense": -60000000.0,
        "Total Other Finance Cost": 2000000.0,
        "Interest Expense Non Operating": 60000000.0,
        "Interest Income Non Operating": 2000000.0,
        "Operating Income": 120000000.0,
        "Operating Expense": 133000000.0,
        "Selling General And Administration": 133000000.0,
        "General And Administrative Expense": NaN,
        "Other Gand A": NaN,
        "Gross Profit": 253000000.0,
        "Cost Of Revenue": 1021000000.0,
        "Total Revenue": 1274000000.0,
        "Operating Revenue": 1274000000.0
    },
    "2024-03-31": {
        "Tax Effect Of Unusual Items": -4333333.333333,
        "Tax Rate For Calcs": 0.333333,
        "Normalized EBITDA": 167000000.0,
        "Total Unusual Items": -13000000.0,
        "Total Unusual Items Excluding Goodwill": -13000000.0,
        "Net Income From Continuing Operation Net Minority Interest": 9000000.0,
        "Reconciled Depreciation": 79000000.0,
        "Reconciled Cost Of Revenue": 1031000000.0,
        "EBITDA": 154000000.0,
        "EBIT": 75000000.0,
        "Net Interest Income": -62000000.0,
        "Interest Expense": 60000000.0,
        "Interest Income": 1000000.0,
        "Normalized Income": 17666666.666667,
        "Net Income From Continuing And Discontinued Operation": 9000000.0,
        "Total Expenses": 1164000000.0,
        "Total Operating Income As Reported": 74000000.0,
        "Diluted Average Shares": 180800000.0,
        "Basic Average Shares": 179400000.0,
        "Diluted EPS": 0.04,
        "Basic EPS": 0.04,
        "Diluted NI Availto Com Stockholders": 9000000.0,
        "Net Income Common Stockholders": 9000000.0,
        "Preferred Stock Dividends": NaN,
        "Net Income": 9000000.0,
        "Minority Interests": -1000000.0,
        "Net Income Including Noncontrolling Interests": 10000000.0,
        "Net Income Discontinuous Operations": NaN,
        "Net Income Continuous Operations": 10000000.0,
        "Tax Provision": 5000000.0,
        "Pretax Income": 15000000.0,
        "Other Income Expense": -11000000.0,
        "Other Non Operating Income Expenses": 2000000.0,
        "Special Income Charges": -16000000.0,
        "Gain On Sale Of Business": 1000000.0,
        "Other Special Charges": NaN,
        "Restructuring And Mergern Acquisition": 17000000.0,
        "Gain On Sale Of Security": 3000000.0,
        "Net Non Operating Interest Income Expense": -62000000.0,
        "Total Other Finance Cost": 3000000.0,
        "Interest Expense Non Operating": 60000000.0,
        "Interest Income Non Operating": 1000000.0,
        "Operating Income": 88000000.0,
        "Operating Expense": 133000000.0,
        "Selling General And Administration": 133000000.0,
        "General And Administrative Expense": NaN,
        "Other Gand A": NaN,
        "Gross Profit": 221000000.0,
        "Cost Of Revenue": 1031000000.0,
        "Total Revenue": 1252000000.0,
        "Operating Revenue": 1252000000.0
    },
    "2024-06-30": {
        "Tax Effect Of Unusual Items": -3548387.096774,
        "Tax Rate For Calcs": 0.354839,
        "Normalized EBITDA": 181000000.0,
        "Total Unusual Items": -10000000.0,
        "Total Unusual Items Excluding Goodwill": -10000000.0,
        "Net Income From Continuing Operation Net Minority Interest": 19000000.0,
        "Reconciled Depreciation": 80000000.0,
        "Reconciled Cost Of Revenue": 1115000000.0,
        "EBITDA": 171000000.0,
        "EBIT": 91000000.0,
        "Net Interest Income": -63000000.0,
        "Interest Expense": 60000000.0,
        "Interest Income": 1000000.0,
        "Normalized Income": 25451612.903226,
        "Net Income From Continuing And Discontinued Operation": 19000000.0,
        "Total Expenses": 1237000000.0,
        "Total Operating Income As Reported": 97000000.0,
        "Diluted Average Shares": 181000000.0,
        "Basic Average Shares": 179700000.0,
        "Diluted EPS": 0.1,
        "Basic EPS": 0.11,
        "Diluted NI Availto Com Stockholders": 19000000.0,
        "Net Income Common Stockholders": 19000000.0,
        "Preferred Stock Dividends": NaN,
        "Net Income": 19000000.0,
        "Minority Interests": -1000000.0,
        "Net Income Including Noncontrolling Interests": 20000000.0,
        "Net Income Discontinuous Operations": NaN,
        "Net Income Continuous Operations": 20000000.0,
        "Tax Provision": 11000000.0,
        "Pretax Income": 31000000.0,
        "Other Income Expense": -7000000.0,
        "Other Non Operating Income Expenses": 3000000.0,
        "Special Income Charges": -13000000.0,
        "Gain On Sale Of Business": -1000000.0,
        "Other Special Charges": 6000000.0,
        "Restructuring And Mergern Acquisition": 6000000.0,
        "Gain On Sale Of Security": 3000000.0,
        "Net Non Operating Interest Income Expense": -63000000.0,
        "Total Other Finance Cost": 4000000.0,
        "Interest Expense Non Operating": 60000000.0,
        "Interest Income Non Operating": 1000000.0,
        "Operating Income": 101000000.0,
        "Operating Expense": 122000000.0,
        "Selling General And Administration": 122000000.0,
        "General And Administrative Expense": 122000000.0,
        "Other Gand A": 122000000.0,
        "Gross Profit": 223000000.0,
        "Cost Of Revenue": 1115000000.0,
        "Total Revenue": 1338000000.0,
        "Operating Revenue": 1338000000.0
    },
    "2024-09-30": {
        "Tax Effect Of Unusual Items": -50717131.474104,
        "Tax Rate For Calcs": 0.151394,
        "Normalized EBITDA": 215000000.0,
        "Total Unusual Items": -335000000.0,
        "Total Unusual Items Excluding Goodwill": -335000000.0,
        "Net Income From Continuing Operation Net Minority Interest": -213000000.0,
        "Reconciled Depreciation": 75000000.0,
        "Reconciled Cost Of Revenue": 1078000000.0,
        "EBITDA": -120000000.0,
        "EBIT": -195000000.0,
        "Net Interest Income": -59000000.0,
        "Interest Expense": 56000000.0,
        "Interest Income": 1000000.0,
        "Normalized Income": 71282868.525896,
        "Net Income From Continuing And Discontinued Operation": -213000000.0,
        "Total Expenses": 1193000000.0,
        "Total Operating Income As Reported": -196000000.0,
        "Diluted Average Shares": 179900000.0,
        "Basic Average Shares": 179900000.0,
        "Diluted EPS": -1.18,
        "Basic EPS": -1.18,
        "Diluted NI Availto Com Stockholders": -213000000.0,
        "Net Income Common Stockholders": -213000000.0,
        "Preferred Stock Dividends": NaN,
        "Net Income": -213000000.0,
        "Minority Interests": 0.0,
        "Net Income Including Noncontrolling Interests": -213000000.0,
        "Net Income Discontinuous Operations": 0.0,
        "Net Income Continuous Operations": -213000000.0,
        "Tax Provision": -38000000.0,
        "Pretax Income": -251000000.0,
        "Other Income Expense": -332000000.0,
        "Other Non Operating Income Expenses": 3000000.0,
        "Special Income Charges": -338000000.0,
        "Gain On Sale Of Business": 0.0,
        "Other Special Charges": NaN,
        "Restructuring And Mergern Acquisition": 338000000.0,
        "Gain On Sale Of Security": 3000000.0,
        "Net Non Operating Interest Income Expense": -59000000.0,
        "Total Other Finance Cost": 4000000.0,
        "Interest Expense Non Operating": 56000000.0,
        "Interest Income Non Operating": 1000000.0,
        "Operating Income": 140000000.0,
        "Operating Expense": 115000000.0,
        "Selling General And Administration": 115000000.0,
        "General And Administrative Expense": NaN,
        "Other Gand A": NaN,
        "Gross Profit": 255000000.0,
        "Cost Of Revenue": 1078000000.0,
        "Total Revenue": 1333000000.0,
        "Operating Revenue": 1333000000.0
    }
}