{
    "2023-04-30": {
        "Tax Effect Of Unusual Items": 0.0,
        "Tax Rate For Calcs": 0.231,
        "Normalized EBITDA": 274400000.0,
        "Total Unusual Items": NaN,
        "Total Unusual Items Excluding Goodwill": NaN,
        "Net Income From Continuing Operation Net Minority Interest": 136000000.0,
        "Reconciled Depreciation": 72300000.0,
        "Reconciled Cost Of Revenue": 907600000.0,
        "EBITDA": 274400000.0,
        "EBIT": 202100000.0,
        "Net Interest Income": -22000000.0,
        "Interest Expense": 25300000.0,
        "Interest Income": 3300000.0,
        "Normalized Income": 136000000.0,
        "Net Income From Continuing And Discontinued Operation": 136000000.0,
        "Total Expenses": 1971600000.0,
        "Diluted NI Availto Com Stockholders": 136000000.0,
        "Net Income Common Stockholders": 136000000.0,
        "Net Income": 136000000.0,
        "Minority Interests": NaN,
        "Net Income Including Noncontrolling Interests": 136000000.0,
        "Net Income Continuous Operations": 136000000.0,
        "Tax Provision": 40800000.0,
        "Pretax Income": 176800000.0,
        "Other Income Expense": 12500000.0,
        "Other Non Operating Income Expenses": 600000.0,
        "Special Income Charges": NaN,
        "Impairment Of Capital Assets": NaN,
        "Earnings From Equity Interest": 11900000.0,
        "Net Non Operating Interest Income Expense": -22000000.0,
        "Interest Expense Non Operating": 25300000.0,
        "Interest Income Non Operating": 3300000.0,
        "Operating Income": 186300000.0,
        "Operating Expense": 1064000000.0,
        "Selling General And Administration": 1064000000.0,
        "General And Administrative Expense": NaN,
        "Other Gand A": NaN,
        "Gross Profit": 1250300000.0,
        "Cost Of Revenue": 907600000.0,
        "Total Revenue": 2157900000.0,
        "Operating Revenue": 2157900000.0
    },
    "2023-01-31": {
        "Tax Effect Of Unusual Items": 0.0,
        "Tax Rate For Calcs": 0.21,
        "Normalized EBITDA": 375700000.0,
        "Total Unusual Items": 0.0,
        "Total Unusual Items Excluding Goodwill": 0.0,
        "Net Income From Continuing Operation Net Minority Interest": 138700000.0,
        "Reconciled Depreciation": 76200000.0,
        "Reconciled Cost Of Revenue": 1098200000.0,
        "EBITDA": 375700000.0,
        "EBIT": 299500000.0,
        "Net Interest Income": -21600000.0,
        "Interest Expense": 23700000.0,
        "Interest Income": 2100000.0,
        "Normalized Income": 138700000.0,
        "Net Income From Continuing And Discontinued Operation": 138700000.0,
        "Total Expenses": 2280800000.0,
        "Diluted NI Availto Com Stockholders": 138700000.0,
        "Net Income Common Stockholders": 138700000.0,
        "Net Income": 138700000.0,
        "Minority Interests": 0.0,
        "Net Income Including Noncontrolling Interests": 138700000.0,
        "Net Income Continuous Operations": 138700000.0,
        "Tax Provision": 137100000.0,
        "Pretax Income": 275800000.0,
        "Other Income Expense": 89500000.0,
        "Other Non Operating Income Expenses": 81700000.0,
        "Special Income Charges": 0.0,
        "Impairment Of Capital Assets": 0.0,
        "Earnings From Equity Interest": 7800000.0,
        "Net Non Operating Interest Income Expense": -21600000.0,
        "Interest Expense Non Operating": 23700000.0,
        "Interest Income Non Operating": 2100000.0,
        "Operating Income": 207900000.0,
        "Operating Expense": 1182600000.0,
        "Selling General And Administration": 1182600000.0,
        "General And Administrative Expense": NaN,
        "Other Gand A": NaN,
        "Gross Profit": 1390500000.0,
        "Cost Of Revenue": 1098200000.0,
        "Total Revenue": 2488700000.0,
        "Operating Revenue": 2488700000.0
    },
    "2022-10-31": {
        "Tax Effect Of Unusual Items": -82585800.0,
        "Tax Rate For Calcs": 0.198,
        "Normalized EBITDA": 278500000.0,
        "Total Unusual Items": -417100000.0,
        "Total Unusual Items Excluding Goodwill": -417100000.0,
        "Net Income From Continuing Operation Net Minority Interest": -186700000.0,
        "Reconciled Depreciation": 73100000.0,
        "Reconciled Cost Of Revenue": 1006600000.0,
        "EBITDA": -138600000.0,
        "EBIT": -211700000.0,
        "Net Interest Income": -18800000.0,
        "Interest Expense": 21100000.0,
        "Interest Income": 2300000.0,
        "Normalized Income": 147814200.0,
        "Net Income From Continuing And Discontinued Operation": -186700000.0,
        "Total Expenses": 2091600000.0,
        "Diluted NI Availto Com Stockholders": -186700000.0,
        "Net Income Common Stockholders": -186700000.0,
        "Net Income": -186700000.0,
        "Minority Interests": 0.0,
        "Net Income Including Noncontrolling Interests": -186700000.0,
        "Net Income Continuous Operations": -186700000.0,
        "Tax Provision": -46100000.0,
        "Pretax Income": -232800000.0,
        "Other Income Expense": -403200000.0,
        "Other Non Operating Income Expenses": 3400000.0,
        "Special Income Charges": -417100000.0,
        "Impairment Of Capital Assets": 417100000.0,
        "Earnings From Equity Interest": 10500000.0,
        "Net Non Operating Interest Income Expense": -18800000.0,
        "Interest Expense Non Operating": 21100000.0,
        "Interest Income Non Operating": 2300000.0,
        "Operating Income": 189200000.0,
        "Operating Expense": 1085000000.0,
        "Selling General And Administration": 1085000000.0,
        "General And Administrative Expense": 1085000000.0,
        "Other Gand A": 1085000000.0,
        "Gross Profit": 1274200000.0,
        "Cost Of Revenue": 1006600000.0,
        "Total Revenue": 2280800000.0,
        "Operating Revenue": 2280800000.0
    },
    "2022-07-31": {
        "Tax Effect Of Unusual Items": 0.0,
        "Tax Rate For Calcs": 0.264,
        "Normalized EBITDA": 149100000.0,
        "Total Unusual Items": NaN,
        "Total Unusual Items Excluding Goodwill": NaN,
        "Net Income From Continuing Operation Net Minority Interest": 115300000.0,
        "Reconciled Depreciation": 75400000.0,
        "Reconciled Cost Of Revenue": 912500000.0,
        "EBITDA": 149100000.0,
        "EBIT": 149100000.0,
        "Net Interest Income": -20300000.0,
        "Interest Expense": 21800000.0,
        "Interest Income": 1500000.0,
        "Normalized Income": 115300000.0,
        "Net Income From Continuing And Discontinued Operation": 115300000.0,
        "Total Expenses": 1982900000.0,
        "Diluted Average Shares": 67000000.0,
        "Basic Average Shares": 66600000.0,
        "Diluted EPS": 1.72,
        "Basic EPS": 1.73,
        "Diluted NI Availto Com Stockholders": 115300000.0,
        "Net Income Common Stockholders": 115300000.0,
        "Net Income": 115300000.0,
        "Minority Interests": 0.0,
        "Net Income Including Noncontrolling Interests": 115300000.0,
        "Net Income Continuous Operations": 115300000.0,
        "Tax Provision": 41400000.0,
        "Pretax Income": 156700000.0,
        "Other Income Expense": 27900000.0,
        "Other Non Operating Income Expenses": 3200000.0,
        "Special Income Charges": NaN,
        "Impairment Of Capital Assets": NaN,
        "Earnings From Equity Interest": 24700000.0,
        "Net Non Operating Interest Income Expense": -20300000.0,
        "Total Other Finance Cost": 20300000.0,
        "Interest Expense Non Operating": 21800000.0,
        "Interest Income Non Operating": 1500000.0,
        "Operating Income": 149100000.0,
        "Operating Expense": 1070400000.0,
        "Selling General And Administration": 1070400000.0,
        "General And Administrative Expense": NaN,
        "Other Gand A": NaN,
        "Gross Profit": 1219500000.0,
        "Cost Of Revenue": 912500000.0,
        "Total Revenue": 2132000000.0,
        "Operating Revenue": 2132000000.0
    },
    "2022-04-30": {
        "Diluted EPS": 1.94,
        "Total Revenue": NaN,
        "Gross Profit": NaN,
        "Operating Income": 210,
        "EBIT": 287,
        "Net Income": 133
    },
    "2022-01-31": {
        "Diluted EPS": 5.47,
        "Total Revenue": NaN,
        "Gross Profit": NaN,
        "Operating Income": 223,
        "EBIT": 303,
        "Net Income": 391
    },
    "2021-10-31": {
        "Diluted EPS": 3.89,
        "Total Revenue": NaN,
        "Gross Profit": NaN,
        "Operating Income": 258,
        "EBIT": 336,
        "Net Income": 280
    },
    "2021-07-31": {
        "Diluted EPS": 2.51,
        "Total Revenue": NaN,
        "Gross Profit": NaN,
        "Operating Income": 279,
        "EBIT": 357,
        "Net Income": 182
    },
    "2021-04-30": {
        "Diluted EPS": 1.38,
        "Total Revenue": NaN,
        "Gross Profit": NaN,
        "Operating Income": 197,
        "EBIT": 275,
        "Net Income": 100
    },
    "2021-01-31": {
        "Diluted EPS": -0.85,
        "Total Revenue": NaN,
        "Gross Profit": NaN,
        "Operating Income": 26,
        "EBIT": NaN,
        "Net Income": -58
    },
    "2020-10-31": {
        "Diluted EPS": 0.98,
        "Total Revenue": NaN,
        "Gross Profit": NaN,
        "Operating Income": 122,
        "EBIT": -731,
        "Net Income": 70
    },
    "2020-07-31": {
        "Diluted EPS": -0.72,
        "Total Revenue": NaN,
        "Gross Profit": 883,
        "Operating Income": -2,
        "EBIT": NaN,
        "Net Income": -51
    },
    "2020-04-30": {
        "Diluted EPS": -15.37,
        "Total Revenue": NaN,
        "Gross Profit": 666,
        "Operating Income": -282,
        "EBIT": -201,
        "Net Income": NaN
    },
    "2020-01-31": {
        "Diluted EPS": -0.88,
        "Total Revenue": NaN,
        "Gross Profit": NaN,
        "Operating Income": 46,
        "EBIT": 134,
        "Net Income": -67
    },
    "2019-10-31": {
        "Diluted EPS": 2.82,
        "Total Revenue": NaN,
        "Gross Profit": NaN,
        "Operating Income": 270,
        "EBIT": 351,
        "Net Income": 209
    },
    "2019-07-31": {
        "Diluted EPS": 2.58,
        "Total Revenue": NaN,
        "Gross Profit": NaN,
        "Operating Income": 137,
        "EBIT": 215,
        "Net Income": 194
    },
    "2019-04-30": {
        "Diluted EPS": 1.08,
        "Total Revenue": NaN,
        "Gross Profit": NaN,
        "Operating Income": 135,
        "EBIT": 212,
        "Net Income": 82
    },
    "2019-01-31": {
        "Diluted EPS": 2.09,
        "Total Revenue": NaN,
        "Gross Profit": NaN,
        "Operating Income": 134,
        "EBIT": 221,
        "Net Income": 159
    },
    "2018-10-31": {
        "Diluted EPS": 3.15,
        "Total Revenue": NaN,
        "Gross Profit": NaN,
        "Operating Income": 282,
        "EBIT": 364,
        "Net Income": 243
    },
    "2018-07-31": {
        "Diluted EPS": 2.12,
        "Total Revenue": NaN,
        "Gross Profit": NaN,
        "Operating Income": 231,
        "EBIT": 314,
        "Net Income": 165
    },
    "2018-04-30": {
        "Diluted EPS": 2.29,
        "Total Revenue": NaN,
        "Gross Profit": NaN,
        "Operating Income": 244,
        "EBIT": 328,
        "Net Income": 179
    },
    "2018-01-31": {
        "Diluted EPS": 1.38,
        "Total Revenue": NaN,
        "Gross Profit": NaN,
        "Operating Income": 58,
        "EBIT": 144,
        "Net Income": 109
    },
    "2017-10-31": {
        "Diluted EPS": 3.05,
        "Total Revenue": NaN,
        "Gross Profit": NaN,
        "Operating Income": 281,
        "EBIT": 362,
        "Net Income": 239
    },
    "2017-07-31": {
        "Diluted EPS": 1.52,
        "Total Revenue": NaN,
        "Gross Profit": NaN,
        "Operating Income": 181,
        "EBIT": 261,
        "Net Income": 120
    },
    "2017-04-30": {
        "Diluted EPS": 0.89,
        "Total Revenue": NaN,
        "Gross Profit": NaN,
        "Operating Income": 113,
        "EBIT": 190,
        "Net Income": 70
    },
    "2017-01-31": {
        "Diluted EPS": 1.29,
        "Total Revenue": NaN,
        "Gross Profit": NaN,
        "Operating Income": 323,
        "EBIT": 407,
        "Net Income": 101
    },
    "2016-10-31": {
        "Diluted EPS": 1.56,
        "Total Revenue": NaN,
        "Gross Profit": NaN,
        "Operating Income": 198,
        "EBIT": 282,
        "Net Income": 126
    },
    "2016-07-31": {
        "Diluted EPS": 1.11,
        "Total Revenue": NaN,
        "Gross Profit": NaN,
        "Operating Income": 143,
        "EBIT": 226,
        "Net Income": 91
    },
    "2016-04-30": {
        "Diluted EPS": 2.83,
        "Total Revenue": NaN,
        "Gross Profit": NaN,
        "Operating Income": 142,
        "EBIT": 212,
        "Net Income": 232
    },
    "2016-01-31": {
        "Diluted EPS": 1.63,
        "Total Revenue": NaN,
        "Gross Profit": NaN,
        "Operating Income": 176,
        "EBIT": 246,
        "Net Income": 134
    },
    "2015-10-31": {
        "Diluted EPS": 2.67,
        "Total Revenue": NaN,
        "Gross Profit": NaN,
        "Operating Income": 254,
        "EBIT": 317,
        "Net Income": 222
    },
    "2015-07-31": {
        "Diluted EPS": 1.22,
        "Total Revenue": NaN,
        "Gross Profit": NaN,
        "Operating Income": 154,
        "EBIT": 217,
        "Net Income": 102
    },
    "2015-04-30": {
        "Diluted EPS": 1.37,
        "Total Revenue": NaN,
        "Gross Profit": 986,
        "Operating Income": 177,
        "EBIT": 238,
        "Net Income": 114
    },
    "2015-01-31": {
        "Diluted EPS": 0.62,
        "Total Revenue": NaN,
        "Gross Profit": NaN,
        "Operating Income": 6,
        "EBIT": 69,
        "Net Income": 52
    },
    "2014-10-31": {
        "Diluted EPS": 2.71,
        "Total Revenue": NaN,
        "Gross Profit": NaN,
        "Operating Income": 280,
        "EBIT": 340,
        "Net Income": 226
    },
    "2014-07-31": {
        "Diluted EPS": 1.52,
        "Total Revenue": NaN,
        "Gross Profit": NaN,
        "Operating Income": 159,
        "EBIT": 220,
        "Net Income": 127
    },
    "2014-04-30": {
        "Diluted EPS": 0.42,
        "Total Revenue": NaN,
        "Gross Profit": NaN,
        "Operating Income": 85,
        "EBIT": 145,
        "Net Income": 35
    },
    "2014-01-31": {
        "Diluted EPS": -0.43,
        "Total Revenue": NaN,
        "Gross Profit": NaN,
        "Operating Income": 160,
        "EBIT": 231,
        "Net Income": -38
    },
    "2013-10-31": {
        "Diluted EPS": 2.37,
        "Total Revenue": NaN,
        "Gross Profit": NaN,
        "Operating Income": 249,
        "EBIT": 311,
        "Net Income": 197
    },
    "2013-07-31": {
        "Diluted EPS": -0.07,
        "Total Revenue": NaN,
        "Gross Profit": NaN,
        "Operating Income": 86,
        "EBIT": 183,
        "Net Income": -5
    },
    "2013-04-30": {
        "Diluted EPS": -0.13,
        "Total Revenue": NaN,
        "Gross Profit": 952,
        "Operating Income": 18,
        "EBIT": 103,
        "Net Income": -10
    },
    "2013-01-31": {
        "Diluted EPS": 1.08,
        "Total Revenue": NaN,
        "Gross Profit": 881,
        "Operating Income": 110,
        "EBIT": 148,
        "Net Income": 80
    },
    "2012-10-31": {
        "Diluted EPS": 2.27,
        "Total Revenue": NaN,
        "Gross Profit": 869,
        "Operating Income": 241,
        "EBIT": 276,
        "Net Income": 163
    },
    "2012-07-31": {
        "Diluted EPS": 1.22,
        "Total Revenue": NaN,
        "Gross Profit": 743,
        "Operating Income": 153,
        "EBIT": 188,
        "Net Income": 87
    },
    "2012-04-30": {
        "Diluted EPS": 1.3,
        "Total Revenue": NaN,
        "Gross Profit": 757,
        "Operating Income": 156,
        "EBIT": 190,
        "Net Income": 91
    },
    "2012-01-31": {
        "Diluted EPS": 0.53,
        "Total Revenue": NaN,
        "Gross Profit": 774,
        "Operating Income": 24,
        "EBIT": 57,
        "Net Income": 37
    },
    "2011-10-31": {
        "Diluted EPS": 1.54,
        "Total Revenue": NaN,
        "Gross Profit": 829,
        "Operating Income": 197,
        "EBIT": 229,
        "Net Income": 106
    },
    "2011-07-31": {
        "Diluted EPS": 0.92,
        "Total Revenue": NaN,
        "Gross Profit": 724,
        "Operating Income": 133,
        "EBIT": 165,
        "Net Income": 63
    },
    "2011-04-30": {
        "Diluted EPS": 0.79,
        "Total Revenue": NaN,
        "Gross Profit": 729,
        "Operating Income": 137,
        "EBIT": 171,
        "Net Income": 54
    },
    "2011-01-31": {
        "Diluted EPS": 1.02,
        "Total Revenue": NaN,
        "Gross Profit": 736,
        "Operating Income": 3,
        "EBIT": 37,
        "Net Income": 50
    },
    "2010-10-31": {
        "Diluted EPS": 1.39,
        "Total Revenue": NaN,
        "Gross Profit": 793,
        "Operating Income": 178,
        "EBIT": 230,
        "Net Income": 100
    },
    "2010-07-31": {
        "Diluted EPS": -1.07,
        "Total Revenue": NaN,
        "Gross Profit": 575,
        "Operating Income": 44,
        "EBIT": 94,
        "Net Income": -71
    },
    "2010-04-30": {
        "Diluted EPS": -0.53,
        "Total Revenue": 619,
        "Gross Profit": 317,
        "Operating Income": -23,
        "EBIT": -10,
        "Net Income": -28
    },
    "2010-01-31": {
        "Diluted EPS": 0.51,
        "Total Revenue": 615,
        "Gross Profit": 307,
        "Operating Income": 53,
        "EBIT": 65,
        "Net Income": 27
    },
    "2009-10-31": {
        "Diluted EPS": 1.58,
        "Total Revenue": 697,
        "Gross Profit": 338,
        "Operating Income": 90,
        "EBIT": 103,
        "Net Income": 84
    },
    "2009-07-31": {
        "Diluted EPS": 0.51,
        "Total Revenue": 529,
        "Gross Profit": 266,
        "Operating Income": 51,
        "EBIT": 64,
        "Net Income": 27
    },
    "2009-04-30": {
        "Diluted EPS": 0.48,
        "Total Revenue": 557,
        "Gross Profit": 272,
        "Operating Income": 49,
        "EBIT": 62,
        "Net Income": 25
    },
    "2009-01-31": {
        "Diluted EPS": -0.73,
        "Total Revenue": 578,
        "Gross Profit": 260,
        "Operating Income": -50,
        "EBIT": -35,
        "Net Income": -38
    },
    "2023-07-31": {
        "Tax Effect Of Unusual Items": 0.0,
        "Tax Rate For Calcs": 0.213,
        "Normalized EBITDA": 221100000.0,
        "Total Unusual Items": NaN,
        "Total Unusual Items Excluding Goodwill": NaN,
        "Net Income From Continuing Operation Net Minority Interest": 94200000.0,
        "Reconciled Depreciation": 75500000.0,
        "Reconciled Cost Of Revenue": 934700000.0,
        "EBITDA": 221100000.0,
        "EBIT": 145600000.0,
        "Net Interest Income": -23600000.0,
        "Interest Expense": 25900000.0,
        "Interest Income": 2300000.0,
        "Normalized Income": 94200000.0,
        "Net Income From Continuing And Discontinued Operation": 94200000.0,
        "Total Expenses": 2073200000.0,
        "Diluted NI Availto Com Stockholders": 94200000.0,
        "Net Income Common Stockholders": 94200000.0,
        "Net Income": 94200000.0,
        "Minority Interests": NaN,
        "Net Income Including Noncontrolling Interests": 94200000.0,
        "Net Income Continuous Operations": 94200000.0,
        "Tax Provision": 25500000.0,
        "Pretax Income": 119700000.0,
        "Other Income Expense": 9500000.0,
        "Other Non Operating Income Expenses": 300000.0,
        "Special Income Charges": NaN,
        "Impairment Of Capital Assets": NaN,
        "Earnings From Equity Interest": 9200000.0,
        "Net Non Operating Interest Income Expense": -23600000.0,
        "Interest Expense Non Operating": 25900000.0,
        "Interest Income Non Operating": 2300000.0,
        "Operating Income": 133800000.0,
        "Operating Expense": 1138500000.0,
        "Selling General And Administration": 1138500000.0,
        "General And Administrative Expense": NaN,
        "Other Gand A": NaN,
        "Gross Profit": 1272300000.0,
        "Cost Of Revenue": 934700000.0,
        "Total Revenue": 2207000000.0,
        "Operating Revenue": 2207000000.0
    },
    "2023-10-31": {
        "Tax Effect Of Unusual Items": 0.0,
        "Tax Rate For Calcs": 0.222,
        "Normalized EBITDA": 307100000.0,
        "Total Unusual Items": 0.0,
        "Total Unusual Items Excluding Goodwill": 0.0,
        "Net Income From Continuing Operation Net Minority Interest": 161600000.0,
        "Reconciled Depreciation": 75200000.0,
        "Reconciled Cost Of Revenue": 1023500000.0,
        "EBITDA": 307100000.0,
        "EBIT": 231900000.0,
        "Net Interest Income": -22200000.0,
        "Interest Expense": 24300000.0,
        "Interest Income": 2100000.0,
        "Normalized Income": 161600000.0,
        "Net Income From Continuing And Discontinued Operation": 161600000.0,
        "Total Expenses": 2147300000.0,
        "Diluted NI Availto Com Stockholders": 161600000.0,
        "Net Income Common Stockholders": 161600000.0,
        "Net Income": 161600000.0,
        "Minority Interests": NaN,
        "Net Income Including Noncontrolling Interests": 161600000.0,
        "Net Income Continuous Operations": 161600000.0,
        "Tax Provision": 46000000.0,
        "Pretax Income": 207600000.0,
        "Other Income Expense": 14200000.0,
        "Other Non Operating Income Expenses": 500000.0,
        "Special Income Charges": 0.0,
        "Impairment Of Capital Assets": 0.0,
        "Earnings From Equity Interest": 13700000.0,
        "Net Non Operating Interest Income Expense": -22200000.0,
        "Interest Expense Non Operating": 24300000.0,
        "Interest Income Non Operating": 2100000.0,
        "Operating Income": 215600000.0,
        "Operating Expense": 1123800000.0,
        "Selling General And Administration": 1123800000.0,
        "General And Administrative Expense": NaN,
        "Other Gand A": NaN,
        "Gross Profit": 1339400000.0,
        "Cost Of Revenue": 1023500000.0,
        "Total Revenue": 2362900000.0,
        "Operating Revenue": 2362900000.0
    }
}