{
    "2023-03-31": {
        "Tax Effect Of Unusual Items": 0.0,
        "Tax Rate For Calcs": 0.21,
        "Normalized EBITDA": 286027000.0,
        "Total Unusual Items": 0.0,
        "Total Unusual Items Excluding Goodwill": 0.0,
        "Net Income From Continuing Operation Net Minority Interest": 95046000.0,
        "Reconciled Depreciation": 150785000.0,
        "Reconciled Cost Of Revenue": 3777249000.0,
        "EBITDA": 286027000.0,
        "EBIT": 135242000.0,
        "Net Interest Income": -40177000.0,
        "Interest Expense": 41693000.0,
        "Interest Income": 1516000.0,
        "Normalized Income": 95046000.0,
        "Net Income From Continuing And Discontinued Operation": 95046000.0,
        "Total Expenses": 4312586000.0,
        "Total Operating Income As Reported": 125860000.0,
        "Diluted Average Shares": 148661000.0,
        "Basic Average Shares": 144467000.0,
        "Diluted EPS": 0.64,
        "Basic EPS": 0.66,
        "Diluted NI Availto Com Stockholders": 95046000.0,
        "Net Income Common Stockholders": 95046000.0,
        "Net Income": 95046000.0,
        "Minority Interests": -1924000.0,
        "Net Income Including Noncontrolling Interests": 96970000.0,
        "Net Income Continuous Operations": 96970000.0,
        "Tax Provision": -3421000.0,
        "Pretax Income": 93549000.0,
        "Other Income Expense": 17486000.0,
        "Other Non Operating Income Expenses": 7866000.0,
        "Special Income Charges": 0.0,
        "Write Off": NaN,
        "Impairment Of Capital Assets": NaN,
        "Restructuring And Mergern Acquisition": 0.0,
        "Earnings From Equity Interest": 9620000.0,
        "Net Non Operating Interest Income Expense": -40177000.0,
        "Interest Expense Non Operating": 41693000.0,
        "Interest Income Non Operating": 1516000.0,
        "Operating Income": 116240000.0,
        "Operating Expense": 456955000.0,
        "Depreciation Amortization Depletion Income Statement": 72403000.0,
        "Depreciation And Amortization In Income Statement": 72403000.0,
        "Amortization": 72403000.0,
        "Amortization Of Intangibles Income Statement": 72403000.0,
        "Selling General And Administration": 384552000.0,
        "Gross Profit": 573195000.0,
        "Cost Of Revenue": 3855631000.0,
        "Total Revenue": 4428826000.0,
        "Operating Revenue": 4428826000.0
    },
    "2022-12-31": {
        "Tax Effect Of Unusual Items": NaN,
        "Tax Rate For Calcs": NaN,
        "Normalized EBITDA": NaN,
        "Total Unusual Items": NaN,
        "Total Unusual Items Excluding Goodwill": NaN,
        "Net Income From Continuing Operation Net Minority Interest": NaN,
        "Reconciled Depreciation": NaN,
        "Reconciled Cost Of Revenue": NaN,
        "EBITDA": NaN,
        "EBIT": NaN,
        "Net Interest Income": NaN,
        "Interest Expense": NaN,
        "Interest Income": NaN,
        "Normalized Income": NaN,
        "Net Income From Continuing And Discontinued Operation": NaN,
        "Total Expenses": NaN,
        "Total Operating Income As Reported": NaN,
        "Diluted Average Shares": NaN,
        "Basic Average Shares": NaN,
        "Diluted EPS": NaN,
        "Basic EPS": NaN,
        "Diluted NI Availto Com Stockholders": NaN,
        "Net Income Common Stockholders": NaN,
        "Net Income": NaN,
        "Minority Interests": NaN,
        "Net Income Including Noncontrolling Interests": NaN,
        "Net Income Continuous Operations": NaN,
        "Tax Provision": NaN,
        "Pretax Income": NaN,
        "Other Income Expense": NaN,
        "Other Non Operating Income Expenses": NaN,
        "Special Income Charges": NaN,
        "Write Off": 11657000.0,
        "Impairment Of Capital Assets": 11657000.0,
        "Restructuring And Mergern Acquisition": NaN,
        "Earnings From Equity Interest": NaN,
        "Net Non Operating Interest Income Expense": NaN,
        "Interest Expense Non Operating": NaN,
        "Interest Income Non Operating": NaN,
        "Operating Income": NaN,
        "Operating Expense": NaN,
        "Depreciation Amortization Depletion Income Statement": NaN,
        "Depreciation And Amortization In Income Statement": NaN,
        "Amortization": NaN,
        "Amortization Of Intangibles Income Statement": NaN,
        "Selling General And Administration": NaN,
        "Gross Profit": NaN,
        "Cost Of Revenue": NaN,
        "Total Revenue": NaN,
        "Operating Revenue": NaN
    },
    "2022-09-30": {
        "Tax Effect Of Unusual Items": NaN,
        "Tax Rate For Calcs": NaN,
        "Normalized EBITDA": NaN,
        "Total Unusual Items": NaN,
        "Total Unusual Items Excluding Goodwill": NaN,
        "Net Income From Continuing Operation Net Minority Interest": NaN,
        "Reconciled Depreciation": NaN,
        "Reconciled Cost Of Revenue": NaN,
        "EBITDA": NaN,
        "EBIT": NaN,
        "Net Interest Income": NaN,
        "Interest Expense": NaN,
        "Interest Income": NaN,
        "Normalized Income": NaN,
        "Net Income From Continuing And Discontinued Operation": NaN,
        "Total Expenses": NaN,
        "Total Operating Income As Reported": NaN,
        "Diluted Average Shares": NaN,
        "Basic Average Shares": NaN,
        "Diluted EPS": NaN,
        "Basic EPS": NaN,
        "Diluted NI Availto Com Stockholders": NaN,
        "Net Income Common Stockholders": NaN,
        "Net Income": NaN,
        "Minority Interests": NaN,
        "Net Income Including Noncontrolling Interests": NaN,
        "Net Income Continuous Operations": NaN,
        "Tax Provision": NaN,
        "Pretax Income": NaN,
        "Other Income Expense": NaN,
        "Other Non Operating Income Expenses": NaN,
        "Special Income Charges": NaN,
        "Write Off": 0.0,
        "Impairment Of Capital Assets": 0.0,
        "Restructuring And Mergern Acquisition": NaN,
        "Earnings From Equity Interest": NaN,
        "Net Non Operating Interest Income Expense": NaN,
        "Interest Expense Non Operating": NaN,
        "Interest Income Non Operating": NaN,
        "Operating Income": NaN,
        "Operating Expense": NaN,
        "Depreciation Amortization Depletion Income Statement": NaN,
        "Depreciation And Amortization In Income Statement": NaN,
        "Amortization": NaN,
        "Amortization Of Intangibles Income Statement": NaN,
        "Selling General And Administration": NaN,
        "Gross Profit": NaN,
        "Cost Of Revenue": NaN,
        "Total Revenue": NaN,
        "Operating Revenue": NaN
    },
    "2022-06-30": {
        "Tax Effect Of Unusual Items": -1082700.0,
        "Tax Rate For Calcs": 0.3,
        "Normalized EBITDA": 351564000.0,
        "Total Unusual Items": -3609000.0,
        "Total Unusual Items Excluding Goodwill": -3609000.0,
        "Net Income From Continuing Operation Net Minority Interest": 88020000.0,
        "Reconciled Depreciation": 181904000.0,
        "Reconciled Cost Of Revenue": 3533454000.0,
        "EBITDA": 347955000.0,
        "EBIT": 166051000.0,
        "Net Interest Income": -28417000.0,
        "Interest Expense": 28639000.0,
        "Interest Income": 222000.0,
        "Normalized Income": 90546300.0,
        "Net Income From Continuing And Discontinued Operation": 88020000.0,
        "Total Expenses": 4038603000.0,
        "Total Operating Income As Reported": 208356000.0,
        "Diluted Average Shares": 148211000.0,
        "Basic Average Shares": 143851000.0,
        "Diluted EPS": 0.59,
        "Basic EPS": 0.61,
        "Diluted NI Availto Com Stockholders": 88020000.0,
        "Net Income Common Stockholders": 88020000.0,
        "Net Income": 88020000.0,
        "Minority Interests": -8140000.0,
        "Net Income Including Noncontrolling Interests": 96160000.0,
        "Net Income Continuous Operations": 96160000.0,
        "Tax Provision": 41252000.0,
        "Pretax Income": 137412000.0,
        "Other Income Expense": -27571000.0,
        "Other Non Operating Income Expenses": -42527000.0,
        "Special Income Charges": -3609000.0,
        "Write Off": 2800000.0,
        "Restructuring And Mergern Acquisition": 809000.0,
        "Earnings From Equity Interest": 18565000.0,
        "Net Non Operating Interest Income Expense": -28417000.0,
        "Interest Expense Non Operating": 28639000.0,
        "Interest Income Non Operating": 222000.0,
        "Operating Income": 193400000.0,
        "Operating Expense": 431190000.0,
        "Depreciation Amortization Depletion Income Statement": 107945000.0,
        "Depreciation And Amortization In Income Statement": 107945000.0,
        "Amortization": 107945000.0,
        "Amortization Of Intangibles Income Statement": 107945000.0,
        "Selling General And Administration": 323245000.0,
        "Gross Profit": 624590000.0,
        "Cost Of Revenue": 3607413000.0,
        "Total Revenue": 4232003000.0,
        "Operating Revenue": 4232003000.0
    },
    "2023-06-30": {
        "Tax Effect Of Unusual Items": 0.0,
        "Tax Rate For Calcs": 0.294,
        "Normalized EBITDA": 434041000.0,
        "Total Unusual Items": 0.0,
        "Total Unusual Items Excluding Goodwill": 0.0,
        "Net Income From Continuing Operation Net Minority Interest": 165899000.0,
        "Reconciled Depreciation": 149901000.0,
        "Reconciled Cost Of Revenue": 4244635000.0,
        "EBITDA": 434041000.0,
        "EBIT": 284140000.0,
        "Net Interest Income": -46741000.0,
        "Interest Expense": 48189000.0,
        "Interest Income": 1448000.0,
        "Normalized Income": 165899000.0,
        "Net Income From Continuing And Discontinued Operation": 165899000.0,
        "Total Expenses": 4778707000.0,
        "Total Operating Income As Reported": 279273000.0,
        "Diluted Average Shares": 148773000.0,
        "Basic Average Shares": 145422000.0,
        "Diluted EPS": 1.12,
        "Basic EPS": 1.14,
        "Diluted NI Availto Com Stockholders": 165899000.0,
        "Net Income Common Stockholders": 165899000.0,
        "Net Income": 165899000.0,
        "Minority Interests": -685000.0,
        "Net Income Including Noncontrolling Interests": 166584000.0,
        "Net Income Continuous Operations": 166584000.0,
        "Tax Provision": 69367000.0,
        "Pretax Income": 235951000.0,
        "Other Income Expense": 12789000.0,
        "Other Non Operating Income Expenses": 3419000.0,
        "Special Income Charges": 0.0,
        "Write Off": 0.0,
        "Impairment Of Capital Assets": 0.0,
        "Restructuring And Mergern Acquisition": 0.0,
        "Earnings From Equity Interest": 9370000.0,
        "Net Non Operating Interest Income Expense": -46741000.0,
        "Interest Expense Non Operating": 48189000.0,
        "Interest Income Non Operating": 1448000.0,
        "Operating Income": 269903000.0,
        "Operating Expense": 454196000.0,
        "Depreciation Amortization Depletion Income Statement": 70025000.0,
        "Depreciation And Amortization In Income Statement": 70025000.0,
        "Amortization": 70025000.0,
        "Amortization Of Intangibles Income Statement": 70025000.0,
        "Selling General And Administration": 384171000.0,
        "Gross Profit": 724099000.0,
        "Cost Of Revenue": 4324511000.0,
        "Total Revenue": 5048610000.0,
        "Operating Revenue": 5048610000.0
    },
    "2022-03-31": {
        "Diluted EPS": 0.57,
        "Total Revenue": NaN,
        "Gross Profit": 548,
        "Operating Income": 118,
        "EBIT": 306,
        "Net Income": 85
    },
    "2021-12-31": {
        "Diluted EPS": 0.7,
        "Total Revenue": NaN,
        "Gross Profit": 598,
        "Operating Income": 140,
        "EBIT": 312,
        "Net Income": 105
    },
    "2021-09-30": {
        "Diluted EPS": 1.21,
        "Total Revenue": NaN,
        "Gross Profit": 535,
        "Operating Income": 248,
        "EBIT": 338,
        "Net Income": 174
    },
    "2021-06-30": {
        "Diluted EPS": 0.81,
        "Total Revenue": NaN,
        "Gross Profit": 448,
        "Operating Income": 162,
        "EBIT": 245,
        "Net Income": 117
    },
    "2021-03-31": {
        "Diluted EPS": 0.62,
        "Total Revenue": NaN,
        "Gross Profit": 373,
        "Operating Income": 114,
        "EBIT": 198,
        "Net Income": 90
    },
    "2020-12-31": {
        "Diluted EPS": 1.16,
        "Total Revenue": NaN,
        "Gross Profit": 466,
        "Operating Income": 176,
        "EBIT": 258,
        "Net Income": 170
    },
    "2020-09-30": {
        "Diluted EPS": 1.13,
        "Total Revenue": NaN,
        "Gross Profit": 508,
        "Operating Income": 242,
        "EBIT": 321,
        "Net Income": 163
    },
    "2020-06-30": {
        "Diluted EPS": 0.52,
        "Total Revenue": NaN,
        "Gross Profit": 355,
        "Operating Income": 113,
        "EBIT": 186,
        "Net Income": 74
    },
    "2020-03-31": {
        "Diluted EPS": 0.26,
        "Total Revenue": NaN,
        "Gross Profit": 332,
        "Operating Income": 81,
        "EBIT": 154,
        "Net Income": 39
    },
    "2019-12-31": {
        "Diluted EPS": 0.8,
        "Total Revenue": NaN,
        "Gross Profit": 443,
        "Operating Income": 147,
        "EBIT": 226,
        "Net Income": 118
    },
    "2019-09-30": {
        "Diluted EPS": 0.92,
        "Total Revenue": NaN,
        "Gross Profit": 473,
        "Operating Income": 209,
        "EBIT": 281,
        "Net Income": 136
    },
    "2019-06-30": {
        "Diluted EPS": 0.19,
        "Total Revenue": NaN,
        "Gross Profit": 320,
        "Operating Income": 79,
        "EBIT": 145,
        "Net Income": 27
    },
    "2019-03-31": {
        "Diluted EPS": 0.82,
        "Total Revenue": NaN,
        "Gross Profit": 364,
        "Operating Income": 119,
        "EBIT": 185,
        "Net Income": 120
    },
    "2018-12-31": {
        "Diluted EPS": 0.37,
        "Total Revenue": NaN,
        "Gross Profit": 420,
        "Operating Income": 149,
        "EBIT": 215,
        "Net Income": 57
    },
    "2018-09-30": {
        "Diluted EPS": 0.81,
        "Total Revenue": NaN,
        "Gross Profit": 426,
        "Operating Income": 193,
        "EBIT": 255,
        "Net Income": 125
    },
    "2018-06-30": {
        "Diluted EPS": 0.48,
        "Total Revenue": NaN,
        "Gross Profit": 333,
        "Operating Income": 123,
        "EBIT": 184,
        "Net Income": 74
    },
    "2018-03-31": {
        "Diluted EPS": 0.24,
        "Total Revenue": NaN,
        "Gross Profit": 301,
        "Operating Income": 75,
        "EBIT": 135,
        "Net Income": 38
    },
    "2017-12-31": {
        "Diluted EPS": 0.72,
        "Total Revenue": NaN,
        "Gross Profit": 323,
        "Operating Income": 54,
        "EBIT": 112,
        "Net Income": 114
    },
    "2017-09-30": {
        "Diluted EPS": 0.56,
        "Total Revenue": NaN,
        "Gross Profit": 351,
        "Operating Income": 140,
        "EBIT": 198,
        "Net Income": 89
    },
    "2017-06-30": {
        "Diluted EPS": 0.41,
        "Total Revenue": NaN,
        "Gross Profit": 302,
        "Operating Income": 110,
        "EBIT": 161,
        "Net Income": 64
    },
    "2017-03-31": {
        "Diluted EPS": 0.31,
        "Total Revenue": NaN,
        "Gross Profit": 266,
        "Operating Income": 75,
        "EBIT": 125,
        "Net Income": 48
    },
    "2016-12-31": {
        "Diluted EPS": 0.54,
        "Total Revenue": NaN,
        "Gross Profit": 308,
        "Operating Income": 118,
        "EBIT": 170,
        "Net Income": 88
    },
    "2016-09-30": {
        "Diluted EPS": 0.48,
        "Total Revenue": NaN,
        "Gross Profit": 303,
        "Operating Income": 130,
        "EBIT": 181,
        "Net Income": 74
    },
    "2016-06-30": {
        "Diluted EPS": 0.11,
        "Total Revenue": NaN,
        "Gross Profit": 200,
        "Operating Income": 35,
        "EBIT": 87,
        "Net Income": 17
    },
    "2016-03-31": {
        "Diluted EPS": 0.13,
        "Total Revenue": NaN,
        "Gross Profit": 203,
        "Operating Income": 37,
        "EBIT": 86,
        "Net Income": 20
    },
    "2015-12-31": {
        "Diluted EPS": -0.03,
        "Total Revenue": NaN,
        "Gross Profit": 223,
        "Operating Income": 4,
        "EBIT": 55,
        "Net Income": -5
    },
    "2015-09-30": {
        "Diluted EPS": 1.15,
        "Total Revenue": NaN,
        "Gross Profit": 235,
        "Operating Income": 81,
        "EBIT": 131,
        "Net Income": 216
    },
    "2015-06-30": {
        "Diluted EPS": 0.22,
        "Total Revenue": NaN,
        "Gross Profit": 228,
        "Operating Income": 69,
        "EBIT": 119,
        "Net Income": 46
    },
    "2015-03-31": {
        "Diluted EPS": 0.25,
        "Total Revenue": NaN,
        "Gross Profit": 238,
        "Operating Income": 84,
        "EBIT": 132,
        "Net Income": 53
    },
    "2014-12-31": {
        "Diluted EPS": 0.3,
        "Total Revenue": NaN,
        "Gross Profit": 296,
        "Operating Income": 86,
        "EBIT": 134,
        "Net Income": 67
    },
    "2014-09-30": {
        "Diluted EPS": 0.43,
        "Total Revenue": NaN,
        "Gross Profit": 337,
        "Operating Income": 131,
        "EBIT": 177,
        "Net Income": 95
    },
    "2014-06-30": {
        "Diluted EPS": 0.37,
        "Total Revenue": NaN,
        "Gross Profit": 264,
        "Operating Income": 121,
        "EBIT": 161,
        "Net Income": 81
    },
    "2014-03-31": {
        "Diluted EPS": 0.25,
        "Total Revenue": NaN,
        "Gross Profit": 272,
        "Operating Income": 90,
        "EBIT": 133,
        "Net Income": 54
    },
    "2013-12-31": {
        "Diluted EPS": 0.77,
        "Total Revenue": NaN,
        "Gross Profit": 234,
        "Operating Income": 98,
        "EBIT": 136,
        "Net Income": 167
    },
    "2013-09-30": {
        "Diluted EPS": 0.43,
        "Total Revenue": NaN,
        "Gross Profit": 273,
        "Operating Income": 141,
        "EBIT": 180,
        "Net Income": 93
    },
    "2013-06-30": {
        "Diluted EPS": 0.33,
        "Total Revenue": NaN,
        "Gross Profit": 241,
        "Operating Income": 117,
        "EBIT": 152,
        "Net Income": 70
    },
    "2013-03-31": {
        "Diluted EPS": 0.34,
        "Total Revenue": NaN,
        "Gross Profit": 238,
        "Operating Income": 119,
        "EBIT": 154,
        "Net Income": 72
    },
    "2012-12-31": {
        "Diluted EPS": 0.46,
        "Total Revenue": NaN,
        "Gross Profit": 287,
        "Operating Income": 161,
        "EBIT": 199,
        "Net Income": 99
    },
    "2012-09-30": {
        "Diluted EPS": 0.45,
        "Total Revenue": NaN,
        "Gross Profit": 252,
        "Operating Income": 127,
        "EBIT": 166,
        "Net Income": 96
    },
    "2012-06-30": {
        "Diluted EPS": 0.31,
        "Total Revenue": NaN,
        "Gross Profit": 213,
        "Operating Income": 98,
        "EBIT": 135,
        "Net Income": 66
    },
    "2012-03-31": {
        "Diluted EPS": 0.22,
        "Total Revenue": NaN,
        "Gross Profit": 186,
        "Operating Income": 79,
        "EBIT": 115,
        "Net Income": 46
    },
    "2011-12-31": {
        "Diluted EPS": 0.3,
        "Total Revenue": NaN,
        "Gross Profit": 142,
        "Operating Income": 70,
        "EBIT": 99,
        "Net Income": 66
    },
    "2011-09-30": {
        "Diluted EPS": 0.25,
        "Total Revenue": NaN,
        "Gross Profit": 195,
        "Operating Income": 94,
        "EBIT": 129,
        "Net Income": 52
    },
    "2011-06-30": {
        "Diluted EPS": 0.15,
        "Total Revenue": NaN,
        "Gross Profit": 154,
        "Operating Income": 58,
        "EBIT": 91,
        "Net Income": 32
    },
    "2011-03-31": {
        "Diluted EPS": -0.08,
        "Total Revenue": 849,
        "Gross Profit": 71,
        "Operating Income": -27,
        "EBIT": 5,
        "Net Income": -18
    },
    "2010-12-31": {
        "Diluted EPS": 0.15,
        "Total Revenue": 805,
        "Gross Profit": 114,
        "Operating Income": 42,
        "EBIT": 70,
        "Net Income": 34
    },
    "2010-09-30": {
        "Diluted EPS": 0.3,
        "Total Revenue": NaN,
        "Gross Profit": 190,
        "Operating Income": 95,
        "EBIT": 132,
        "Net Income": 63
    },
    "2010-06-30": {
        "Diluted EPS": 0.16,
        "Total Revenue": 871,
        "Gross Profit": 156,
        "Operating Income": 65,
        "EBIT": 96,
        "Net Income": 33
    },
    "2010-03-31": {
        "Diluted EPS": 0.11,
        "Total Revenue": 748,
        "Gross Profit": 129,
        "Operating Income": 42,
        "EBIT": 74,
        "Net Income": 24
    },
    "2009-12-31": {
        "Diluted EPS": 0.21,
        "Total Revenue": 985,
        "Gross Profit": 191,
        "Operating Income": 72,
        "EBIT": 119,
        "Net Income": 44
    },
    "2009-09-30": {
        "Diluted EPS": 0.32,
        "Total Revenue": 781,
        "Gross Profit": 148,
        "Operating Income": 71,
        "EBIT": 94,
        "Net Income": 63
    },
    "2009-06-30": {
        "Diluted EPS": 0.17,
        "Total Revenue": 813,
        "Gross Profit": 138,
        "Operating Income": 60,
        "EBIT": 81,
        "Net Income": 33
    },
    "2009-03-31": {
        "Diluted EPS": 0.11,
        "Total Revenue": 739,
        "Gross Profit": 117,
        "Operating Income": 39,
        "EBIT": 61,
        "Net Income": 21
    },
    "2023-09-30": {
        "Tax Effect Of Unusual Items": -177463.0,
        "Tax Rate For Calcs": 0.221,
        "Normalized EBITDA": 552230000.0,
        "Total Unusual Items": -803000.0,
        "Total Unusual Items Excluding Goodwill": -803000.0,
        "Net Income From Continuing Operation Net Minority Interest": 272836000.0,
        "Reconciled Depreciation": 152849000.0,
        "Reconciled Cost Of Revenue": 4692010000.0,
        "EBITDA": 551427000.0,
        "EBIT": 398578000.0,
        "Net Interest Income": -45538000.0,
        "Interest Expense": 47531000.0,
        "Interest Income": 1993000.0,
        "Normalized Income": 273461537.0,
        "Net Income From Continuing And Discontinued Operation": 272836000.0,
        "Total Expenses": 5231397000.0,
        "Total Operating Income As Reported": 400329000.0,
        "Diluted Average Shares": 148792000.0,
        "Basic Average Shares": 145455000.0,
        "Diluted EPS": 1.83,
        "Basic EPS": 1.88,
        "Diluted NI Availto Com Stockholders": 272836000.0,
        "Net Income Common Stockholders": 272836000.0,
        "Net Income": 272836000.0,
        "Minority Interests": -689000.0,
        "Net Income Including Noncontrolling Interests": 273525000.0,
        "Net Income Continuous Operations": 273525000.0,
        "Tax Provision": 77522000.0,
        "Pretax Income": 351047000.0,
        "Other Income Expense": 7160000.0,
        "Other Non Operating Income Expenses": -3744000.0,
        "Special Income Charges": -803000.0,
        "Write Off": 0.0,
        "Impairment Of Capital Assets": 0.0,
        "Restructuring And Mergern Acquisition": 803000.0,
        "Earnings From Equity Interest": 11707000.0,
        "Net Non Operating Interest Income Expense": -45538000.0,
        "Interest Expense Non Operating": 47531000.0,
        "Interest Income Non Operating": 1993000.0,
        "Operating Income": 389425000.0,
        "Operating Expense": 457899000.0,
        "Depreciation Amortization Depletion Income Statement": 71361000.0,
        "Depreciation And Amortization In Income Statement": 71361000.0,
        "Amortization": 71361000.0,
        "Amortization Of Intangibles Income Statement": 71361000.0,
        "Selling General And Administration": 386538000.0,
        "Gross Profit": 847324000.0,
        "Cost Of Revenue": 4773498000.0,
        "Total Revenue": 5620822000.0,
        "Operating Revenue": 5620822000.0
    },
    "2023-12-31": {
        "Tax Effect Of Unusual Items": -1509908.935106,
        "Tax Rate For Calcs": 0.26191,
        "Normalized EBITDA": 504939000.0,
        "Total Unusual Items": -5765000.0,
        "Total Unusual Items Excluding Goodwill": -5765000.0,
        "Net Income From Continuing Operation Net Minority Interest": 210908000.0,
        "Reconciled Depreciation": 160265000.0,
        "Reconciled Cost Of Revenue": 4906440000.0,
        "EBITDA": 499174000.0,
        "EBIT": 338909000.0,
        "Net Interest Income": -43627000.0,
        "Interest Expense": 49500000.0,
        "Interest Income": 5873000.0,
        "Normalized Income": 215163091.064894,
        "Net Income From Continuing And Discontinued Operation": 210908000.0,
        "Total Expenses": 5466581000.0,
        "Total Operating Income As Reported": 322514000.0,
        "Diluted Average Shares": 148906000.0,
        "Basic Average Shares": 145530000.0,
        "Diluted EPS": 1.42,
        "Basic EPS": 1.45,
        "Diluted NI Availto Com Stockholders": 210908000.0,
        "Net Income Common Stockholders": 210908000.0,
        "Net Income": 210908000.0,
        "Minority Interests": -2702000.0,
        "Net Income Including Noncontrolling Interests": 213610000.0,
        "Net Income Continuous Operations": 213610000.0,
        "Tax Provision": 75799000.0,
        "Pretax Income": 289409000.0,
        "Other Income Expense": 15669000.0,
        "Other Non Operating Income Expenses": 10522000.0,
        "Special Income Charges": -5765000.0,
        "Write Off": NaN,
        "Impairment Of Capital Assets": 0.0,
        "Restructuring And Mergern Acquisition": 5765000.0,
        "Earnings From Equity Interest": 10912000.0,
        "Net Non Operating Interest Income Expense": -43627000.0,
        "Interest Expense Non Operating": 49500000.0,
        "Interest Income Non Operating": 5873000.0,
        "Operating Income": 317367000.0,
        "Operating Expense": 475101000.0,
        "Depreciation Amortization Depletion Income Statement": 75225000.0,
        "Depreciation And Amortization In Income Statement": 75225000.0,
        "Amortization": 75225000.0,
        "Amortization Of Intangibles Income Statement": 75225000.0,
        "Selling General And Administration": 399876000.0,
        "Gross Profit": 792468000.0,
        "Cost Of Revenue": 4991480000.0,
        "Total Revenue": 5783948000.0,
        "Operating Revenue": 5783948000.0
    },
    "2024-03-31": {
        "Tax Effect Of Unusual Items": -89089.0,
        "Tax Rate For Calcs": 0.143,
        "Normalized EBITDA": 355288000.0,
        "Total Unusual Items": -623000.0,
        "Total Unusual Items Excluding Goodwill": -623000.0,
        "Net Income From Continuing Operation Net Minority Interest": 118360000.0,
        "Reconciled Depreciation": 166406000.0,
        "Reconciled Cost Of Revenue": 4319430000.0,
        "EBITDA": 354665000.0,
        "EBIT": 188259000.0,
        "Net Interest Income": -33049000.0,
        "Interest Expense": 41072000.0,
        "Interest Income": 8023000.0,
        "Normalized Income": 118893911.0,
        "Net Income From Continuing And Discontinued Operation": 118360000.0,
        "Total Expenses": 4888176000.0,
        "Total Operating Income As Reported": 155354000.0,
        "Diluted Average Shares": 149350000.0,
        "Basic Average Shares": 145936000.0,
        "Diluted EPS": 0.79,
        "Basic EPS": 0.81,
        "Diluted NI Availto Com Stockholders": 118360000.0,
        "Net Income Common Stockholders": 118360000.0,
        "Net Income": 118360000.0,
        "Minority Interests": -7731000.0,
        "Net Income Including Noncontrolling Interests": 126091000.0,
        "Net Income Continuous Operations": 126091000.0,
        "Tax Provision": 21096000.0,
        "Pretax Income": 147187000.0,
        "Other Income Expense": 36593000.0,
        "Other Non Operating Income Expenses": 24882000.0,
        "Special Income Charges": -623000.0,
        "Write Off": NaN,
        "Impairment Of Capital Assets": NaN,
        "Restructuring And Mergern Acquisition": 623000.0,
        "Earnings From Equity Interest": 12334000.0,
        "Net Non Operating Interest Income Expense": -33049000.0,
        "Interest Expense Non Operating": 41072000.0,
        "Interest Income Non Operating": 8023000.0,
        "Operating Income": 143643000.0,
        "Operating Expense": 479851000.0,
        "Depreciation Amortization Depletion Income Statement": 77511000.0,
        "Depreciation And Amortization In Income Statement": 77511000.0,
        "Amortization": 77511000.0,
        "Amortization Of Intangibles Income Statement": 77511000.0,
        "Selling General And Administration": 402340000.0,
        "Gross Profit": 623494000.0,
        "Cost Of Revenue": 4408325000.0,
        "Total Revenue": 5031819000.0,
        "Operating Revenue": 5031819000.0
    },
    "2024-06-30": {
        "Tax Effect Of Unusual Items": -314994.0,
        "Tax Rate For Calcs": 0.282,
        "Normalized EBITDA": 476386000.0,
        "Total Unusual Items": -1117000.0,
        "Total Unusual Items Excluding Goodwill": -1117000.0,
        "Net Income From Continuing Operation Net Minority Interest": 188159000.0,
        "Reconciled Depreciation": 162865000.0,
        "Reconciled Cost Of Revenue": 4699405000.0,
        "EBITDA": 475269000.0,
        "EBIT": 312404000.0,
        "Net Interest Income": -41764000.0,
        "Interest Expense": 45321000.0,
        "Interest Income": 3557000.0,
        "Normalized Income": 188961006.0,
        "Net Income From Continuing And Discontinued Operation": 188159000.0,
        "Total Expenses": 5294626000.0,
        "Total Operating Income As Reported": 307230000.0,
        "Diluted Average Shares": 149788000.0,
        "Basic Average Shares": 146580000.0,
        "Diluted EPS": 1.26,
        "Basic EPS": 1.28,
        "Diluted NI Availto Com Stockholders": 188159000.0,
        "Net Income Common Stockholders": 188159000.0,
        "Net Income": 188159000.0,
        "Minority Interests": -3725000.0,
        "Net Income Including Noncontrolling Interests": 191884000.0,
        "Net Income Continuous Operations": 191884000.0,
        "Tax Provision": 75199000.0,
        "Pretax Income": 267083000.0,
        "Other Income Expense": 9086000.0,
        "Other Non Operating Income Expenses": 1617000.0,
        "Special Income Charges": -1117000.0,
        "Write Off": NaN,
        "Impairment Of Capital Assets": NaN,
        "Restructuring And Mergern Acquisition": 1117000.0,
        "Earnings From Equity Interest": 8586000.0,
        "Net Non Operating Interest Income Expense": -41764000.0,
        "Interest Expense Non Operating": 45321000.0,
        "Interest Income Non Operating": 3557000.0,
        "Operating Income": 299761000.0,
        "Operating Expense": 511570000.0,
        "Depreciation Amortization Depletion Income Statement": 79214000.0,
        "Depreciation And Amortization In Income Statement": 79214000.0,
        "Amortization": 79214000.0,
        "Amortization Of Intangibles Income Statement": 79214000.0,
        "Selling General And Administration": 432356000.0,
        "Gross Profit": 811331000.0,
        "Cost Of Revenue": 4783056000.0,
        "Total Revenue": 5594387000.0,
        "Operating Revenue": 5594387000.0
    }
}