{
    "2023-03-31": {
        "Tax Effect Of Unusual Items": NaN,
        "Tax Rate For Calcs": NaN,
        "Normalized EBITDA": NaN,
        "Net Income From Continuing Operation Net Minority Interest": NaN,
        "EBITDA": NaN,
        "EBIT": NaN,
        "Net Interest Income": NaN,
        "Interest Expense": NaN,
        "Normalized Income": NaN,
        "Net Income From Continuing And Discontinued Operation": NaN,
        "Total Expenses": NaN,
        "Total Operating Income As Reported": NaN,
        "Diluted Average Shares": NaN,
        "Basic Average Shares": NaN,
        "Diluted EPS": NaN,
        "Basic EPS": NaN,
        "Diluted NI Availto Com Stockholders": NaN,
        "Net Income Common Stockholders": NaN,
        "Net Income": NaN,
        "Net Income Including Noncontrolling Interests": NaN,
        "Net Income Continuous Operations": NaN,
        "Tax Provision": NaN,
        "Pretax Income": NaN,
        "Net Non Operating Interest Income Expense": NaN,
        "Total Other Finance Cost": 255000.0,
        "Interest Expense Non Operating": NaN,
        "Operating Income": NaN,
        "Operating Expense": NaN,
        "Research And Development": NaN,
        "Selling General And Administration": NaN,
        "Selling And Marketing Expense": NaN,
        "General And Administrative Expense": NaN,
        "Other Gand A": NaN,
        "Salaries And Wages": NaN,
        "Total Revenue": NaN,
        "Operating Revenue": NaN
    },
    "2022-12-31": {
        "Tax Effect Of Unusual Items": NaN,
        "Tax Rate For Calcs": NaN,
        "Normalized EBITDA": NaN,
        "Net Income From Continuing Operation Net Minority Interest": NaN,
        "EBITDA": NaN,
        "EBIT": NaN,
        "Net Interest Income": NaN,
        "Interest Expense": NaN,
        "Normalized Income": NaN,
        "Net Income From Continuing And Discontinued Operation": NaN,
        "Total Expenses": NaN,
        "Total Operating Income As Reported": NaN,
        "Diluted Average Shares": NaN,
        "Basic Average Shares": NaN,
        "Diluted EPS": NaN,
        "Basic EPS": NaN,
        "Diluted NI Availto Com Stockholders": NaN,
        "Net Income Common Stockholders": NaN,
        "Net Income": NaN,
        "Net Income Including Noncontrolling Interests": NaN,
        "Net Income Continuous Operations": NaN,
        "Tax Provision": NaN,
        "Pretax Income": NaN,
        "Net Non Operating Interest Income Expense": NaN,
        "Total Other Finance Cost": -324000.0,
        "Interest Expense Non Operating": NaN,
        "Operating Income": NaN,
        "Operating Expense": NaN,
        "Research And Development": NaN,
        "Selling General And Administration": NaN,
        "Selling And Marketing Expense": NaN,
        "General And Administrative Expense": NaN,
        "Other Gand A": NaN,
        "Salaries And Wages": NaN,
        "Total Revenue": NaN,
        "Operating Revenue": NaN
    },
    "2022-09-30": {
        "Tax Effect Of Unusual Items": NaN,
        "Tax Rate For Calcs": NaN,
        "Normalized EBITDA": NaN,
        "Net Income From Continuing Operation Net Minority Interest": NaN,
        "EBITDA": NaN,
        "EBIT": NaN,
        "Net Interest Income": NaN,
        "Interest Expense": 437000.0,
        "Normalized Income": NaN,
        "Net Income From Continuing And Discontinued Operation": NaN,
        "Total Expenses": NaN,
        "Total Operating Income As Reported": NaN,
        "Diluted Average Shares": NaN,
        "Basic Average Shares": NaN,
        "Diluted EPS": NaN,
        "Basic EPS": NaN,
        "Diluted NI Availto Com Stockholders": NaN,
        "Net Income Common Stockholders": NaN,
        "Net Income": NaN,
        "Net Income Including Noncontrolling Interests": NaN,
        "Net Income Continuous Operations": NaN,
        "Tax Provision": NaN,
        "Pretax Income": NaN,
        "Net Non Operating Interest Income Expense": NaN,
        "Total Other Finance Cost": 437000.0,
        "Interest Expense Non Operating": 437000.0,
        "Operating Income": NaN,
        "Operating Expense": NaN,
        "Research And Development": NaN,
        "Selling General And Administration": NaN,
        "Selling And Marketing Expense": NaN,
        "General And Administrative Expense": NaN,
        "Other Gand A": NaN,
        "Salaries And Wages": NaN,
        "Total Revenue": NaN,
        "Operating Revenue": NaN
    },
    "2022-06-30": {
        "Tax Effect Of Unusual Items": 0.0,
        "Tax Rate For Calcs": 0.0,
        "Normalized EBITDA": -11564000.0,
        "Net Income From Continuing Operation Net Minority Interest": -11845000.0,
        "EBITDA": -11564000.0,
        "EBIT": -11564000.0,
        "Net Interest Income": -281000.0,
        "Interest Expense": NaN,
        "Normalized Income": -11845000.0,
        "Net Income From Continuing And Discontinued Operation": -11845000.0,
        "Total Expenses": 11564000.0,
        "Total Operating Income As Reported": 11564000.0,
        "Diluted Average Shares": 19505246.0,
        "Basic Average Shares": 19505246.0,
        "Diluted EPS": -0.61,
        "Basic EPS": -0.61,
        "Diluted NI Availto Com Stockholders": -11845000.0,
        "Net Income Common Stockholders": -11845000.0,
        "Net Income": -11845000.0,
        "Net Income Including Noncontrolling Interests": -11845000.0,
        "Net Income Continuous Operations": -11845000.0,
        "Tax Provision": NaN,
        "Pretax Income": -11845000.0,
        "Net Non Operating Interest Income Expense": -281000.0,
        "Total Other Finance Cost": 281000.0,
        "Interest Expense Non Operating": NaN,
        "Operating Income": -11564000.0,
        "Operating Expense": 11564000.0,
        "Research And Development": 8398000.0,
        "Selling General And Administration": 3166000.0,
        "Selling And Marketing Expense": 923000.0,
        "General And Administrative Expense": 2243000.0,
        "Other Gand A": 2243000.0,
        "Salaries And Wages": NaN,
        "Total Revenue": 0.0,
        "Operating Revenue": 0.0
    },
    "2022-03-31": {
        "Diluted EPS": -0.63,
        "Total Revenue": NaN,
        "Gross Profit": NaN,
        "Operating Income": -12,
        "EBIT": -12,
        "Net Income": -12
    },
    "2021-12-31": {
        "Diluted EPS": -0.72,
        "Total Revenue": NaN,
        "Gross Profit": NaN,
        "Operating Income": -14,
        "EBIT": -14,
        "Net Income": -14
    },
    "2021-09-30": {
        "Diluted EPS": -0.53,
        "Total Revenue": NaN,
        "Gross Profit": NaN,
        "Operating Income": -10,
        "EBIT": -10,
        "Net Income": -10
    },
    "2021-06-30": {
        "Diluted EPS": -0.56,
        "Total Revenue": NaN,
        "Gross Profit": NaN,
        "Operating Income": -11,
        "EBIT": -11,
        "Net Income": -10
    },
    "2021-03-31": {
        "Diluted EPS": -0.47,
        "Total Revenue": NaN,
        "Gross Profit": NaN,
        "Operating Income": -9,
        "EBIT": -9,
        "Net Income": -9
    },
    "2020-12-31": {
        "Diluted EPS": 35.07,
        "Total Revenue": NaN,
        "Gross Profit": NaN,
        "Operating Income": -8,
        "EBIT": -8,
        "Net Income": -11
    },
    "2020-09-30": {
        "Diluted EPS": -0.35,
        "Total Revenue": NaN,
        "Gross Profit": NaN,
        "Operating Income": -7,
        "EBIT": -7,
        "Net Income": -6
    },
    "2020-06-30": {
        "Diluted EPS": -25.3,
        "Total Revenue": NaN,
        "Gross Profit": NaN,
        "Operating Income": -7,
        "EBIT": -7,
        "Net Income": -19
    },
    "2020-03-31": {
        "Diluted EPS": -13.9,
        "Total Revenue": NaN,
        "Gross Profit": NaN,
        "Operating Income": -4,
        "EBIT": -4,
        "Net Income": -6
    },
    "2019-12-31": {
        "Diluted EPS": -13.34,
        "Total Revenue": NaN,
        "Gross Profit": NaN,
        "Operating Income": -4,
        "EBIT": -3,
        "Net Income": -4
    },
    "2019-09-30": {
        "Diluted EPS": -6.94,
        "Total Revenue": NaN,
        "Gross Profit": NaN,
        "Operating Income": -5,
        "EBIT": -5,
        "Net Income": -2
    },
    "2019-06-30": {
        "Diluted EPS": 1.1,
        "Total Revenue": NaN,
        "Gross Profit": NaN,
        "Operating Income": -5,
        "EBIT": -5,
        "Net Income": 0
    },
    "2019-03-31": {
        "Diluted EPS": -4.51,
        "Total Revenue": NaN,
        "Gross Profit": NaN,
        "Operating Income": -4,
        "EBIT": -4,
        "Net Income": -1
    },
    "2018-12-31": {
        "Diluted EPS": 0.0,
        "Total Revenue": NaN,
        "Gross Profit": NaN,
        "Operating Income": NaN,
        "EBIT": NaN,
        "Net Income": NaN
    },
    "2023-06-30": {
        "Tax Effect Of Unusual Items": NaN,
        "Tax Rate For Calcs": NaN,
        "Normalized EBITDA": NaN,
        "Net Income From Continuing Operation Net Minority Interest": NaN,
        "EBITDA": NaN,
        "EBIT": NaN,
        "Net Interest Income": NaN,
        "Interest Expense": 7000.0,
        "Normalized Income": NaN,
        "Net Income From Continuing And Discontinued Operation": NaN,
        "Total Expenses": NaN,
        "Total Operating Income As Reported": NaN,
        "Diluted Average Shares": NaN,
        "Basic Average Shares": NaN,
        "Diluted EPS": NaN,
        "Basic EPS": NaN,
        "Diluted NI Availto Com Stockholders": NaN,
        "Net Income Common Stockholders": NaN,
        "Net Income": NaN,
        "Net Income Including Noncontrolling Interests": NaN,
        "Net Income Continuous Operations": NaN,
        "Tax Provision": NaN,
        "Pretax Income": NaN,
        "Net Non Operating Interest Income Expense": NaN,
        "Total Other Finance Cost": 7000.0,
        "Interest Expense Non Operating": 7000.0,
        "Operating Income": NaN,
        "Operating Expense": NaN,
        "Research And Development": NaN,
        "Selling General And Administration": NaN,
        "Selling And Marketing Expense": NaN,
        "General And Administrative Expense": NaN,
        "Other Gand A": NaN,
        "Salaries And Wages": 948000.0,
        "Total Revenue": NaN,
        "Operating Revenue": NaN
    },
    "2023-09-30": {
        "Tax Effect Of Unusual Items": 0.0,
        "Tax Rate For Calcs": 0.23,
        "Normalized EBITDA": -5260000.0,
        "Net Income From Continuing Operation Net Minority Interest": -5604000.0,
        "EBITDA": -5260000.0,
        "EBIT": -5260000.0,
        "Net Interest Income": -319000.0,
        "Interest Expense": 319000.0,
        "Normalized Income": -5604000.0,
        "Net Income From Continuing And Discontinued Operation": -5604000.0,
        "Total Expenses": 5260000.0,
        "Total Operating Income As Reported": -5260000.0,
        "Diluted Average Shares": 1650259.0,
        "Basic Average Shares": 1650259.0,
        "Diluted EPS": -3.4,
        "Basic EPS": -3.4,
        "Diluted NI Availto Com Stockholders": -5604000.0,
        "Net Income Common Stockholders": -5604000.0,
        "Net Income": -5604000.0,
        "Net Income Including Noncontrolling Interests": -5604000.0,
        "Net Income Continuous Operations": -5604000.0,
        "Tax Provision": 25000.0,
        "Pretax Income": -5579000.0,
        "Net Non Operating Interest Income Expense": -319000.0,
        "Total Other Finance Cost": NaN,
        "Interest Expense Non Operating": 319000.0,
        "Operating Income": -5260000.0,
        "Operating Expense": 5260000.0,
        "Research And Development": 3806000.0,
        "Selling General And Administration": 1454000.0,
        "Selling And Marketing Expense": 261000.0,
        "General And Administrative Expense": 1193000.0,
        "Other Gand A": 1193000.0,
        "Salaries And Wages": NaN,
        "Total Revenue": 0.0,
        "Operating Revenue": 0.0
    },
    "2023-12-31": {
        "Tax Effect Of Unusual Items": 0.0,
        "Tax Rate For Calcs": 0.23,
        "Normalized EBITDA": -5310000.0,
        "Net Income From Continuing Operation Net Minority Interest": -6356000.0,
        "EBITDA": -5310000.0,
        "EBIT": -5310000.0,
        "Net Interest Income": -582000.0,
        "Interest Expense": 1037000.0,
        "Normalized Income": -6356000.0,
        "Net Income From Continuing And Discontinued Operation": -6356000.0,
        "Total Expenses": 5999000.0,
        "Total Operating Income As Reported": -5999000.0,
        "Diluted Average Shares": 1653559.0,
        "Basic Average Shares": 1653559.0,
        "Diluted EPS": -3.97,
        "Basic EPS": -3.84,
        "Diluted NI Availto Com Stockholders": -6356000.0,
        "Net Income Common Stockholders": -6356000.0,
        "Net Income": -6356000.0,
        "Net Income Including Noncontrolling Interests": -6356000.0,
        "Net Income Continuous Operations": -6356000.0,
        "Tax Provision": 9000.0,
        "Pretax Income": -6347000.0,
        "Net Non Operating Interest Income Expense": -582000.0,
        "Total Other Finance Cost": NaN,
        "Interest Expense Non Operating": 1037000.0,
        "Operating Income": -5999000.0,
        "Operating Expense": 5999000.0,
        "Research And Development": 4588000.0,
        "Selling General And Administration": 1411000.0,
        "Selling And Marketing Expense": 193000.0,
        "General And Administrative Expense": 1218000.0,
        "Other Gand A": 1218000.0,
        "Salaries And Wages": NaN,
        "Total Revenue": 0.0,
        "Operating Revenue": 0.0
    },
    "2024-03-31": {
        "Tax Effect Of Unusual Items": 0.0,
        "Tax Rate For Calcs": 0.23,
        "Normalized EBITDA": -6301000.0,
        "Net Income From Continuing Operation Net Minority Interest": -6448000.0,
        "EBITDA": -6301000.0,
        "EBIT": -6301000.0,
        "Net Interest Income": -140000.0,
        "Interest Expense": NaN,
        "Normalized Income": -6448000.0,
        "Net Income From Continuing And Discontinued Operation": -6448000.0,
        "Total Expenses": 6301000.0,
        "Total Operating Income As Reported": -6301000.0,
        "Diluted Average Shares": 4691445.0,
        "Basic Average Shares": 4691445.0,
        "Diluted EPS": -1.37,
        "Basic EPS": -1.37,
        "Diluted NI Availto Com Stockholders": -6448000.0,
        "Net Income Common Stockholders": -6448000.0,
        "Net Income": -6448000.0,
        "Net Income Including Noncontrolling Interests": -6448000.0,
        "Net Income Continuous Operations": -6448000.0,
        "Tax Provision": 7000.0,
        "Pretax Income": -6441000.0,
        "Net Non Operating Interest Income Expense": -140000.0,
        "Total Other Finance Cost": 140000.0,
        "Interest Expense Non Operating": NaN,
        "Operating Income": -6301000.0,
        "Operating Expense": 6301000.0,
        "Research And Development": 5050000.0,
        "Selling General And Administration": 1251000.0,
        "Selling And Marketing Expense": 236000.0,
        "General And Administrative Expense": 1015000.0,
        "Other Gand A": 1015000.0,
        "Salaries And Wages": NaN,
        "Total Revenue": 0.0,
        "Operating Revenue": 0.0
    },
    "2024-06-30": {
        "Tax Effect Of Unusual Items": 0.0,
        "Tax Rate For Calcs": 0.23,
        "Normalized EBITDA": -6121000.0,
        "Net Income From Continuing Operation Net Minority Interest": -6294000.0,
        "EBITDA": -6121000.0,
        "EBIT": -6121000.0,
        "Net Interest Income": -171000.0,
        "Interest Expense": 171000.0,
        "Normalized Income": -6294000.0,
        "Net Income From Continuing And Discontinued Operation": -6294000.0,
        "Total Expenses": 6121000.0,
        "Total Operating Income As Reported": -6121000.0,
        "Diluted Average Shares": 5024871.0,
        "Basic Average Shares": 5024871.0,
        "Diluted EPS": -1.25,
        "Basic EPS": -1.25,
        "Diluted NI Availto Com Stockholders": -6294000.0,
        "Net Income Common Stockholders": -6294000.0,
        "Net Income": -6294000.0,
        "Net Income Including Noncontrolling Interests": -6294000.0,
        "Net Income Continuous Operations": -6294000.0,
        "Tax Provision": 2000.0,
        "Pretax Income": -6292000.0,
        "Net Non Operating Interest Income Expense": -171000.0,
        "Total Other Finance Cost": NaN,
        "Interest Expense Non Operating": 171000.0,
        "Operating Income": -6121000.0,
        "Operating Expense": 6121000.0,
        "Research And Development": 4760000.0,
        "Selling General And Administration": 1361000.0,
        "Selling And Marketing Expense": 265000.0,
        "General And Administrative Expense": 1096000.0,
        "Other Gand A": 1096000.0,
        "Salaries And Wages": NaN,
        "Total Revenue": 0.0,
        "Operating Revenue": 0.0
    },
    "2024-09-30": {
        "Tax Effect Of Unusual Items": 0.0,
        "Tax Rate For Calcs": 0.23,
        "Normalized EBITDA": -7386000.0,
        "Net Income From Continuing Operation Net Minority Interest": -7760000.0,
        "EBITDA": -7386000.0,
        "EBIT": -7386000.0,
        "Net Interest Income": -354000.0,
        "Interest Expense": 354000.0,
        "Normalized Income": -7760000.0,
        "Net Income From Continuing And Discontinued Operation": -7760000.0,
        "Total Expenses": 7386000.0,
        "Total Operating Income As Reported": -7386000.0,
        "Diluted Average Shares": 6361286.0,
        "Basic Average Shares": 6361286.0,
        "Diluted EPS": -1.22,
        "Basic EPS": -1.22,
        "Diluted NI Availto Com Stockholders": -7760000.0,
        "Net Income Common Stockholders": -7760000.0,
        "Net Income": -7760000.0,
        "Net Income Including Noncontrolling Interests": -7760000.0,
        "Net Income Continuous Operations": -7760000.0,
        "Tax Provision": 20000.0,
        "Pretax Income": -7740000.0,
        "Net Non Operating Interest Income Expense": -354000.0,
        "Total Other Finance Cost": NaN,
        "Interest Expense Non Operating": 354000.0,
        "Operating Income": -7386000.0,
        "Operating Expense": 7386000.0,
        "Research And Development": 5974000.0,
        "Selling General And Administration": 1412000.0,
        "Selling And Marketing Expense": 246000.0,
        "General And Administrative Expense": 1166000.0,
        "Other Gand A": 1166000.0,
        "Salaries And Wages": NaN,
        "Total Revenue": 0.0,
        "Operating Revenue": 0.0
    }
}