{
    "2023-03-31": {
        "Tax Effect Of Unusual Items": NaN,
        "Tax Rate For Calcs": NaN,
        "Normalized EBITDA": NaN,
        "Net Income From Continuing Operation Net Minority Interest": NaN,
        "Reconciled Depreciation": NaN,
        "Reconciled Cost Of Revenue": 0.0,
        "EBITDA": NaN,
        "EBIT": NaN,
        "Net Interest Income": NaN,
        "Interest Income": NaN,
        "Normalized Income": NaN,
        "Net Income From Continuing And Discontinued Operation": NaN,
        "Total Expenses": NaN,
        "Total Operating Income As Reported": NaN,
        "Diluted Average Shares": 35351671.0,
        "Basic Average Shares": 35351671.0,
        "Diluted EPS": -0.54,
        "Basic EPS": -0.54,
        "Diluted NI Availto Com Stockholders": NaN,
        "Net Income Common Stockholders": NaN,
        "Net Income": NaN,
        "Net Income Including Noncontrolling Interests": NaN,
        "Net Income Continuous Operations": NaN,
        "Pretax Income": NaN,
        "Other Income Expense": NaN,
        "Other Non Operating Income Expenses": NaN,
        "Net Non Operating Interest Income Expense": NaN,
        "Interest Income Non Operating": NaN,
        "Operating Income": NaN,
        "Operating Expense": NaN,
        "Research And Development": NaN,
        "Selling General And Administration": NaN,
        "General And Administrative Expense": NaN,
        "Other Gand A": NaN,
        "Insurance And Claims": 1285000.0,
        "Salaries And Wages": NaN,
        "Gross Profit": 0.0,
        "Cost Of Revenue": 0.0,
        "Total Revenue": NaN,
        "Operating Revenue": NaN
    },
    "2022-12-31": {
        "Tax Effect Of Unusual Items": NaN,
        "Tax Rate For Calcs": NaN,
        "Normalized EBITDA": NaN,
        "Net Income From Continuing Operation Net Minority Interest": NaN,
        "Reconciled Depreciation": NaN,
        "Reconciled Cost Of Revenue": NaN,
        "EBITDA": NaN,
        "EBIT": NaN,
        "Net Interest Income": NaN,
        "Interest Income": NaN,
        "Normalized Income": NaN,
        "Net Income From Continuing And Discontinued Operation": NaN,
        "Total Expenses": NaN,
        "Total Operating Income As Reported": NaN,
        "Diluted Average Shares": NaN,
        "Basic Average Shares": NaN,
        "Diluted EPS": NaN,
        "Basic EPS": NaN,
        "Diluted NI Availto Com Stockholders": NaN,
        "Net Income Common Stockholders": NaN,
        "Net Income": NaN,
        "Net Income Including Noncontrolling Interests": NaN,
        "Net Income Continuous Operations": NaN,
        "Pretax Income": NaN,
        "Other Income Expense": NaN,
        "Other Non Operating Income Expenses": NaN,
        "Earnings From Equity Interest": 0.0,
        "Net Non Operating Interest Income Expense": NaN,
        "Interest Income Non Operating": NaN,
        "Operating Income": NaN,
        "Operating Expense": NaN,
        "Research And Development": NaN,
        "Selling General And Administration": NaN,
        "General And Administrative Expense": NaN,
        "Other Gand A": NaN,
        "Insurance And Claims": NaN,
        "Salaries And Wages": NaN,
        "Gross Profit": NaN,
        "Cost Of Revenue": NaN,
        "Total Revenue": NaN,
        "Operating Revenue": NaN
    },
    "2022-09-30": {
        "Tax Effect Of Unusual Items": NaN,
        "Tax Rate For Calcs": NaN,
        "Normalized EBITDA": NaN,
        "Net Income From Continuing Operation Net Minority Interest": NaN,
        "Reconciled Depreciation": NaN,
        "Reconciled Cost Of Revenue": NaN,
        "EBITDA": NaN,
        "EBIT": NaN,
        "Net Interest Income": NaN,
        "Interest Income": NaN,
        "Normalized Income": NaN,
        "Net Income From Continuing And Discontinued Operation": NaN,
        "Total Expenses": NaN,
        "Total Operating Income As Reported": NaN,
        "Diluted Average Shares": 32561228.0,
        "Basic Average Shares": 32561228.0,
        "Diluted EPS": -0.85,
        "Basic EPS": -0.85,
        "Diluted NI Availto Com Stockholders": NaN,
        "Net Income Common Stockholders": NaN,
        "Net Income": NaN,
        "Net Income Including Noncontrolling Interests": NaN,
        "Net Income Continuous Operations": NaN,
        "Pretax Income": NaN,
        "Other Income Expense": NaN,
        "Other Non Operating Income Expenses": NaN,
        "Earnings From Equity Interest": 0.0,
        "Net Non Operating Interest Income Expense": NaN,
        "Interest Income Non Operating": NaN,
        "Operating Income": NaN,
        "Operating Expense": NaN,
        "Research And Development": NaN,
        "Selling General And Administration": NaN,
        "General And Administrative Expense": NaN,
        "Other Gand A": NaN,
        "Insurance And Claims": NaN,
        "Salaries And Wages": NaN,
        "Gross Profit": NaN,
        "Cost Of Revenue": NaN,
        "Total Revenue": NaN,
        "Operating Revenue": NaN
    },
    "2022-06-30": {
        "Tax Effect Of Unusual Items": 0.0,
        "Tax Rate For Calcs": 0.0,
        "Normalized EBITDA": -25567000.0,
        "Net Income From Continuing Operation Net Minority Interest": -25562000.0,
        "Reconciled Depreciation": 159000.0,
        "EBITDA": -25567000.0,
        "EBIT": -25726000.0,
        "Net Interest Income": 164000.0,
        "Interest Income": 164000.0,
        "Normalized Income": -25562000.0,
        "Net Income From Continuing And Discontinued Operation": -25562000.0,
        "Total Expenses": 25726000.0,
        "Total Operating Income As Reported": -25726000.0,
        "Diluted Average Shares": 32451610.0,
        "Basic Average Shares": 32451610.0,
        "Diluted EPS": -0.79,
        "Basic EPS": -0.79,
        "Diluted NI Availto Com Stockholders": -25562000.0,
        "Net Income Common Stockholders": -25562000.0,
        "Net Income": -25562000.0,
        "Net Income Including Noncontrolling Interests": -25562000.0,
        "Net Income Continuous Operations": -25562000.0,
        "Pretax Income": -25562000.0,
        "Other Income Expense": NaN,
        "Other Non Operating Income Expenses": NaN,
        "Earnings From Equity Interest": 0.0,
        "Net Non Operating Interest Income Expense": 164000.0,
        "Interest Income Non Operating": 164000.0,
        "Operating Income": -25726000.0,
        "Operating Expense": 25726000.0,
        "Research And Development": 17170000.0,
        "Selling General And Administration": 8556000.0,
        "General And Administrative Expense": 8556000.0,
        "Other Gand A": 3616000.0,
        "Salaries And Wages": 4940000.0,
        "Total Revenue": 0.0,
        "Operating Revenue": 0.0
    },
    "2022-03-31": {
        "Diluted EPS": -0.97,
        "Total Revenue": NaN,
        "Gross Profit": NaN,
        "Operating Income": -31,
        "EBIT": -31,
        "Net Income": -31
    },
    "2021-12-31": {
        "Diluted EPS": 32.81,
        "Total Revenue": NaN,
        "Gross Profit": NaN,
        "Operating Income": -16,
        "EBIT": -16,
        "Net Income": -17
    },
    "2021-09-30": {
        "Diluted EPS": -8.96,
        "Total Revenue": NaN,
        "Gross Profit": NaN,
        "Operating Income": -12,
        "EBIT": -11,
        "Net Income": -14
    },
    "2021-06-30": {
        "Diluted EPS": -5.54,
        "Total Revenue": NaN,
        "Gross Profit": NaN,
        "Operating Income": -6,
        "EBIT": -6,
        "Net Income": -8
    },
    "2021-03-31": {
        "Diluted EPS": -27.26,
        "Total Revenue": NaN,
        "Gross Profit": NaN,
        "Operating Income": -36,
        "EBIT": -36,
        "Net Income": -37
    },
    "2020-12-31": {
        "Diluted EPS": 0.0,
        "Total Revenue": NaN,
        "Gross Profit": NaN,
        "Operating Income": NaN,
        "EBIT": NaN,
        "Net Income": NaN
    },
    "2020-09-30": {
        "Diluted EPS": -2.93,
        "Total Revenue": NaN,
        "Gross Profit": NaN,
        "Operating Income": -3,
        "EBIT": -3,
        "Net Income": -3
    },
    "2023-06-30": {
        "Tax Effect Of Unusual Items": NaN,
        "Tax Rate For Calcs": NaN,
        "Normalized EBITDA": NaN,
        "Net Income From Continuing Operation Net Minority Interest": NaN,
        "Reconciled Depreciation": NaN,
        "Reconciled Cost Of Revenue": 0.0,
        "EBITDA": NaN,
        "EBIT": NaN,
        "Net Interest Income": NaN,
        "Interest Income": NaN,
        "Normalized Income": NaN,
        "Net Income From Continuing And Discontinued Operation": NaN,
        "Total Expenses": NaN,
        "Total Operating Income As Reported": NaN,
        "Diluted Average Shares": 38389123.0,
        "Basic Average Shares": 38389123.0,
        "Diluted EPS": -0.41,
        "Basic EPS": -0.41,
        "Diluted NI Availto Com Stockholders": NaN,
        "Net Income Common Stockholders": NaN,
        "Net Income": NaN,
        "Net Income Including Noncontrolling Interests": NaN,
        "Net Income Continuous Operations": NaN,
        "Pretax Income": NaN,
        "Other Income Expense": NaN,
        "Other Non Operating Income Expenses": NaN,
        "Net Non Operating Interest Income Expense": NaN,
        "Interest Income Non Operating": NaN,
        "Operating Income": NaN,
        "Operating Expense": NaN,
        "Research And Development": NaN,
        "Selling General And Administration": NaN,
        "General And Administrative Expense": NaN,
        "Other Gand A": NaN,
        "Insurance And Claims": 1204000.0,
        "Salaries And Wages": NaN,
        "Gross Profit": 0.0,
        "Cost Of Revenue": 0.0,
        "Total Revenue": NaN,
        "Operating Revenue": NaN
    },
    "2023-09-30": {
        "Tax Effect Of Unusual Items": 0.0,
        "Tax Rate For Calcs": 0.0,
        "Normalized EBITDA": -24831000.0,
        "Net Income From Continuing Operation Net Minority Interest": -23049000.0,
        "Reconciled Depreciation": 523000.0,
        "Reconciled Cost Of Revenue": 0.0,
        "EBITDA": -24831000.0,
        "EBIT": -25354000.0,
        "Net Interest Income": 1707000.0,
        "Interest Income": 1707000.0,
        "Normalized Income": -23049000.0,
        "Net Income From Continuing And Discontinued Operation": -23049000.0,
        "Total Expenses": 25354000.0,
        "Total Operating Income As Reported": -25354000.0,
        "Diluted Average Shares": 41331806.0,
        "Basic Average Shares": 41331806.0,
        "Diluted EPS": -0.56,
        "Basic EPS": -0.56,
        "Diluted NI Availto Com Stockholders": -23049000.0,
        "Net Income Common Stockholders": -23049000.0,
        "Net Income": -23049000.0,
        "Net Income Including Noncontrolling Interests": -23049000.0,
        "Net Income Continuous Operations": -23049000.0,
        "Pretax Income": -23049000.0,
        "Other Income Expense": 598000.0,
        "Other Non Operating Income Expenses": 598000.0,
        "Net Non Operating Interest Income Expense": 1707000.0,
        "Interest Income Non Operating": 1707000.0,
        "Operating Income": -25354000.0,
        "Operating Expense": 25354000.0,
        "Research And Development": 14687000.0,
        "Selling General And Administration": 10667000.0,
        "General And Administrative Expense": 10667000.0,
        "Other Gand A": 1961000.0,
        "Insurance And Claims": 1223000.0,
        "Salaries And Wages": 7483000.0,
        "Gross Profit": 0.0,
        "Cost Of Revenue": 0.0,
        "Total Revenue": 0.0,
        "Operating Revenue": 0.0
    },
    "2023-12-31": {
        "Tax Effect Of Unusual Items": 0.0,
        "Tax Rate For Calcs": 0.0,
        "Normalized EBITDA": -17077000.0,
        "Net Income From Continuing Operation Net Minority Interest": -15597000.0,
        "Reconciled Depreciation": 690000.0,
        "Reconciled Cost Of Revenue": NaN,
        "EBITDA": -17077000.0,
        "EBIT": -17767000.0,
        "Net Interest Income": 1594000.0,
        "Interest Income": 1594000.0,
        "Normalized Income": -15597000.0,
        "Net Income From Continuing And Discontinued Operation": -15597000.0,
        "Total Expenses": 17767000.0,
        "Total Operating Income As Reported": -17767000.0,
        "Diluted Average Shares": NaN,
        "Basic Average Shares": NaN,
        "Diluted EPS": NaN,
        "Basic EPS": NaN,
        "Diluted NI Availto Com Stockholders": -15597000.0,
        "Net Income Common Stockholders": -15597000.0,
        "Net Income": -15597000.0,
        "Net Income Including Noncontrolling Interests": -15597000.0,
        "Net Income Continuous Operations": -15597000.0,
        "Pretax Income": -15597000.0,
        "Other Income Expense": 576000.0,
        "Other Non Operating Income Expenses": 576000.0,
        "Net Non Operating Interest Income Expense": 1594000.0,
        "Interest Income Non Operating": 1594000.0,
        "Operating Income": -17767000.0,
        "Operating Expense": 17767000.0,
        "Research And Development": 11607000.0,
        "Selling General And Administration": 6160000.0,
        "General And Administrative Expense": 6160000.0,
        "Other Gand A": -1097000.0,
        "Insurance And Claims": NaN,
        "Salaries And Wages": 4310000.0,
        "Gross Profit": NaN,
        "Cost Of Revenue": NaN,
        "Total Revenue": 0.0,
        "Operating Revenue": 0.0
    },
    "2024-03-31": {
        "Tax Effect Of Unusual Items": 0.0,
        "Tax Rate For Calcs": 0.0,
        "Normalized EBITDA": -4489000.0,
        "Net Income From Continuing Operation Net Minority Interest": -3256000.0,
        "Reconciled Depreciation": 1116000.0,
        "Reconciled Cost Of Revenue": 475000.0,
        "EBITDA": -4489000.0,
        "EBIT": -5605000.0,
        "Net Interest Income": 1550000.0,
        "Interest Income": 1550000.0,
        "Normalized Income": -3256000.0,
        "Net Income From Continuing And Discontinued Operation": -3256000.0,
        "Total Expenses": 21751000.0,
        "Total Operating Income As Reported": -5605000.0,
        "Diluted Average Shares": 51289284.0,
        "Basic Average Shares": 51289284.0,
        "Diluted EPS": -0.06,
        "Basic EPS": -0.06,
        "Diluted NI Availto Com Stockholders": -3256000.0,
        "Net Income Common Stockholders": -3256000.0,
        "Net Income": -3256000.0,
        "Net Income Including Noncontrolling Interests": -3256000.0,
        "Net Income Continuous Operations": -3256000.0,
        "Pretax Income": -3256000.0,
        "Other Income Expense": 799000.0,
        "Other Non Operating Income Expenses": 799000.0,
        "Net Non Operating Interest Income Expense": 1550000.0,
        "Interest Income Non Operating": 1550000.0,
        "Operating Income": -5605000.0,
        "Operating Expense": 21276000.0,
        "Research And Development": 13029000.0,
        "Selling General And Administration": 8247000.0,
        "General And Administrative Expense": 8247000.0,
        "Other Gand A": 1080000.0,
        "Insurance And Claims": 1606000.0,
        "Salaries And Wages": 5561000.0,
        "Gross Profit": 15671000.0,
        "Cost Of Revenue": 475000.0,
        "Total Revenue": 16146000.0,
        "Operating Revenue": 16146000.0
    },
    "2024-06-30": {
        "Tax Effect Of Unusual Items": 0.0,
        "Tax Rate For Calcs": 0.0,
        "Normalized EBITDA": -19447000.0,
        "Net Income From Continuing Operation Net Minority Interest": -17301000.0,
        "Reconciled Depreciation": 585000.0,
        "Reconciled Cost Of Revenue": 0.0,
        "EBITDA": -19447000.0,
        "EBIT": -20032000.0,
        "Net Interest Income": 2023000.0,
        "Interest Income": 2023000.0,
        "Normalized Income": -17301000.0,
        "Net Income From Continuing And Discontinued Operation": -17301000.0,
        "Total Expenses": 20032000.0,
        "Total Operating Income As Reported": -20032000.0,
        "Diluted Average Shares": 60495675.0,
        "Basic Average Shares": 60495675.0,
        "Diluted EPS": -0.29,
        "Basic EPS": -0.29,
        "Diluted NI Availto Com Stockholders": -17301000.0,
        "Net Income Common Stockholders": -17301000.0,
        "Net Income": -17301000.0,
        "Net Income Including Noncontrolling Interests": -17301000.0,
        "Net Income Continuous Operations": -17301000.0,
        "Pretax Income": -17301000.0,
        "Other Income Expense": 708000.0,
        "Other Non Operating Income Expenses": 708000.0,
        "Net Non Operating Interest Income Expense": 2023000.0,
        "Interest Income Non Operating": 2023000.0,
        "Operating Income": -20032000.0,
        "Operating Expense": 20032000.0,
        "Research And Development": 13953000.0,
        "Selling General And Administration": 6079000.0,
        "General And Administrative Expense": 6079000.0,
        "Other Gand A": 1134000.0,
        "Insurance And Claims": 1610000.0,
        "Salaries And Wages": 3335000.0,
        "Gross Profit": 0.0,
        "Cost Of Revenue": 0.0,
        "Total Revenue": 0.0,
        "Operating Revenue": 0.0
    },
    "2024-09-30": {
        "Tax Effect Of Unusual Items": 0.0,
        "Tax Rate For Calcs": 0.0,
        "Normalized EBITDA": -23023000.0,
        "Net Income From Continuing Operation Net Minority Interest": -21203000.0,
        "Reconciled Depreciation": 731000.0,
        "Reconciled Cost Of Revenue": 0.0,
        "EBITDA": -23023000.0,
        "EBIT": -23754000.0,
        "Net Interest Income": 1846000.0,
        "Interest Income": 1846000.0,
        "Normalized Income": -21203000.0,
        "Net Income From Continuing And Discontinued Operation": -21203000.0,
        "Total Expenses": 23754000.0,
        "Total Operating Income As Reported": -23754000.0,
        "Diluted Average Shares": 60715041.0,
        "Basic Average Shares": 60715041.0,
        "Diluted EPS": -0.35,
        "Basic EPS": -0.35,
        "Diluted NI Availto Com Stockholders": -21203000.0,
        "Net Income Common Stockholders": -21203000.0,
        "Net Income": -21203000.0,
        "Net Income Including Noncontrolling Interests": -21203000.0,
        "Net Income Continuous Operations": -21203000.0,
        "Pretax Income": -21203000.0,
        "Other Income Expense": 705000.0,
        "Other Non Operating Income Expenses": 705000.0,
        "Net Non Operating Interest Income Expense": 1846000.0,
        "Interest Income Non Operating": 1846000.0,
        "Operating Income": -23754000.0,
        "Operating Expense": 23754000.0,
        "Research And Development": 17741000.0,
        "Selling General And Administration": 6013000.0,
        "General And Administrative Expense": 6013000.0,
        "Other Gand A": 1023000.0,
        "Insurance And Claims": 1599000.0,
        "Salaries And Wages": 3391000.0,
        "Gross Profit": 0.0,
        "Cost Of Revenue": 0.0,
        "Total Revenue": 0.0,
        "Operating Revenue": 0.0
    }
}