{
    "2023-03-31": {
        "Tax Effect Of Unusual Items": -7800000.0,
        "Tax Rate For Calcs": 0.1,
        "Normalized EBITDA": 2622000000.0,
        "Total Unusual Items": -78000000.0,
        "Total Unusual Items Excluding Goodwill": -78000000.0,
        "Net Income From Continuing Operation Net Minority Interest": 1702000000.0,
        "Reconciled Depreciation": 470000000.0,
        "Reconciled Cost Of Revenue": 4153000000.0,
        "EBITDA": 2544000000.0,
        "EBIT": 2074000000.0,
        "Net Interest Income": -120000000.0,
        "Interest Expense": 179000000.0,
        "Interest Income": 59000000.0,
        "Normalized Income": 1772200000.0,
        "Net Income From Continuing And Discontinued Operation": 1704000000.0,
        "Total Expenses": 7185000000.0,
        "Total Operating Income As Reported": 2090000000.0,
        "Diluted Average Shares": 1123000000.0,
        "Basic Average Shares": 1116000000.0,
        "Diluted EPS": 1.52,
        "Basic EPS": 1.53,
        "Diluted NI Availto Com Stockholders": 1704000000.0,
        "Net Income Common Stockholders": 1704000000.0,
        "Net Income": 1704000000.0,
        "Net Income Including Noncontrolling Interests": 1704000000.0,
        "Net Income Discontinuous Operations": 2000000.0,
        "Net Income Continuous Operations": 1702000000.0,
        "Tax Provision": 193000000.0,
        "Pretax Income": 1895000000.0,
        "Other Income Expense": -75000000.0,
        "Other Non Operating Income Expenses": 3000000.0,
        "Special Income Charges": -87000000.0,
        "Other Special Charges": NaN,
        "Write Off": 87000000.0,
        "Earnings From Equity Interest": NaN,
        "Gain On Sale Of Security": 9000000.0,
        "Net Non Operating Interest Income Expense": -120000000.0,
        "Interest Expense Non Operating": 179000000.0,
        "Interest Income Non Operating": 59000000.0,
        "Operating Income": 2090000000.0,
        "Operating Expense": 3032000000.0,
        "Other Operating Expenses": 208000000.0,
        "Research And Development": 2210000000.0,
        "Selling General And Administration": 614000000.0,
        "Gross Profit": 5122000000.0,
        "Cost Of Revenue": 4153000000.0,
        "Total Revenue": 9275000000.0,
        "Operating Revenue": 9275000000.0
    },
    "2022-12-31": {
        "Tax Effect Of Unusual Items": -200000.0,
        "Tax Rate For Calcs": 0.04,
        "Normalized EBITDA": 2944000000.0,
        "Total Unusual Items": -5000000.0,
        "Total Unusual Items Excluding Goodwill": -5000000.0,
        "Net Income From Continuing Operation Net Minority Interest": 2273000000.0,
        "Reconciled Depreciation": 398000000.0,
        "Reconciled Cost Of Revenue": 4044000000.0,
        "EBITDA": 2939000000.0,
        "EBIT": 2541000000.0,
        "Net Interest Income": -115000000.0,
        "Interest Expense": 170000000.0,
        "Interest Income": 55000000.0,
        "Normalized Income": 2277800000.0,
        "Net Income From Continuing And Discontinued Operation": 2235000000.0,
        "Total Expenses": 6998000000.0,
        "Total Operating Income As Reported": 2465000000.0,
        "Diluted Average Shares": 1131000000.0,
        "Basic Average Shares": 1122000000.0,
        "Diluted EPS": 1.98,
        "Basic EPS": 1.99,
        "Diluted NI Availto Com Stockholders": 2235000000.0,
        "Net Income Common Stockholders": 2235000000.0,
        "Net Income": 2235000000.0,
        "Net Income Including Noncontrolling Interests": 2235000000.0,
        "Net Income Discontinuous Operations": -38000000.0,
        "Net Income Continuous Operations": 2273000000.0,
        "Tax Provision": 98000000.0,
        "Pretax Income": 2371000000.0,
        "Other Income Expense": 21000000.0,
        "Other Non Operating Income Expenses": 26000000.0,
        "Special Income Charges": -14000000.0,
        "Other Special Charges": NaN,
        "Write Off": 14000000.0,
        "Earnings From Equity Interest": -8000000.0,
        "Gain On Sale Of Security": 9000000.0,
        "Net Non Operating Interest Income Expense": -115000000.0,
        "Interest Expense Non Operating": 170000000.0,
        "Interest Income Non Operating": 55000000.0,
        "Operating Income": 2465000000.0,
        "Operating Expense": 2954000000.0,
        "Other Operating Expenses": 80000000.0,
        "Research And Development": 2251000000.0,
        "Selling General And Administration": 623000000.0,
        "Gross Profit": 5419000000.0,
        "Cost Of Revenue": 4044000000.0,
        "Total Revenue": 9463000000.0,
        "Operating Revenue": 9463000000.0
    },
    "2022-09-30": {
        "Tax Effect Of Unusual Items": -173242939.481268,
        "Tax Rate For Calcs": 0.157637,
        "Normalized EBITDA": 5204000000.0,
        "Total Unusual Items": -1099000000.0,
        "Total Unusual Items Excluding Goodwill": -1099000000.0,
        "Net Income From Continuing Operation Net Minority Interest": 2923000000.0,
        "Reconciled Depreciation": 490000000.0,
        "Reconciled Cost Of Revenue": 4868000000.0,
        "EBITDA": 4105000000.0,
        "EBIT": 3615000000.0,
        "Net Interest Income": -113000000.0,
        "Interest Expense": 145000000.0,
        "Interest Income": 32000000.0,
        "Normalized Income": 3848757060.518732,
        "Net Income From Continuing And Discontinued Operation": 2873000000.0,
        "Total Expenses": 6670000000.0,
        "Total Operating Income As Reported": 3666000000.0,
        "Diluted Average Shares": 1131000000.0,
        "Basic Average Shares": 1120000000.0,
        "Diluted EPS": 2.53,
        "Basic EPS": 2.56,
        "Diluted NI Availto Com Stockholders": 2873000000.0,
        "Net Income Common Stockholders": 2873000000.0,
        "Net Income": 2873000000.0,
        "Net Income Including Noncontrolling Interests": 2873000000.0,
        "Net Income Discontinuous Operations": NaN,
        "Net Income Continuous Operations": 2923000000.0,
        "Tax Provision": 547000000.0,
        "Pretax Income": 3470000000.0,
        "Other Income Expense": -1142000000.0,
        "Other Non Operating Income Expenses": -31000000.0,
        "Special Income Charges": -1065000000.0,
        "Other Special Charges": NaN,
        "Write Off": 6000000.0,
        "Earnings From Equity Interest": -12000000.0,
        "Gain On Sale Of Security": -34000000.0,
        "Net Non Operating Interest Income Expense": -113000000.0,
        "Interest Expense Non Operating": 145000000.0,
        "Interest Income Non Operating": 32000000.0,
        "Operating Income": 4725000000.0,
        "Operating Expense": 1802000000.0,
        "Other Operating Expenses": NaN,
        "Research And Development": 2178000000.0,
        "Selling General And Administration": 683000000.0,
        "Gross Profit": 6527000000.0,
        "Cost Of Revenue": 4868000000.0,
        "Total Revenue": 11395000000.0,
        "Operating Revenue": 11395000000.0
    },
    "2022-06-30": {
        "Tax Effect Of Unusual Items": 115920000.0,
        "Tax Rate For Calcs": 0.12,
        "Normalized EBITDA": 3781000000.0,
        "Total Unusual Items": 966000000.0,
        "Total Unusual Items Excluding Goodwill": 966000000.0,
        "Net Income From Continuing Operation Net Minority Interest": 3730000000.0,
        "Reconciled Depreciation": 438000000.0,
        "Reconciled Cost Of Revenue": 4816000000.0,
        "EBITDA": 4747000000.0,
        "EBIT": 4309000000.0,
        "Net Interest Income": -48000000.0,
        "Interest Expense": 70000000.0,
        "Interest Income": 22000000.0,
        "Normalized Income": 2879920000.0,
        "Net Income From Continuing And Discontinued Operation": 3730000000.0,
        "Total Expenses": 7523000000.0,
        "Total Operating Income As Reported": 4472000000.0,
        "Diluted Average Shares": 1134000000.0,
        "Basic Average Shares": 1122000000.0,
        "Diluted EPS": 3.29,
        "Basic EPS": 3.32,
        "Diluted NI Availto Com Stockholders": 3730000000.0,
        "Net Income Common Stockholders": 3730000000.0,
        "Net Income": 3730000000.0,
        "Net Income Including Noncontrolling Interests": 3730000000.0,
        "Net Income Discontinuous Operations": NaN,
        "Net Income Continuous Operations": 3730000000.0,
        "Tax Provision": 509000000.0,
        "Pretax Income": 4239000000.0,
        "Other Income Expense": 874000000.0,
        "Other Non Operating Income Expenses": -80000000.0,
        "Special Income Charges": 1039000000.0,
        "Other Special Charges": -1059000000.0,
        "Write Off": 20000000.0,
        "Earnings From Equity Interest": -12000000.0,
        "Gain On Sale Of Security": -73000000.0,
        "Net Non Operating Interest Income Expense": -48000000.0,
        "Interest Expense Non Operating": 70000000.0,
        "Interest Income Non Operating": 22000000.0,
        "Operating Income": 3413000000.0,
        "Operating Expense": 2707000000.0,
        "Other Operating Expenses": -1059000000.0,
        "Research And Development": 2052000000.0,
        "Selling General And Administration": 655000000.0,
        "Gross Profit": 6120000000.0,
        "Cost Of Revenue": 4816000000.0,
        "Total Revenue": 10936000000.0,
        "Operating Revenue": 10936000000.0
    },
    "2023-06-30": {
        "Tax Effect Of Unusual Items": -210000.0,
        "Tax Rate For Calcs": 0.01,
        "Normalized EBITDA": 2429000000.0,
        "Total Unusual Items": -21000000.0,
        "Total Unusual Items Excluding Goodwill": -21000000.0,
        "Net Income From Continuing Operation Net Minority Interest": 1735000000.0,
        "Reconciled Depreciation": 479000000.0,
        "Reconciled Cost Of Revenue": 3792000000.0,
        "EBITDA": 2408000000.0,
        "EBIT": 1929000000.0,
        "Net Interest Income": -93000000.0,
        "Interest Expense": 172000000.0,
        "Interest Income": 79000000.0,
        "Normalized Income": 1755790000.0,
        "Net Income From Continuing And Discontinued Operation": 1803000000.0,
        "Total Expenses": 6632000000.0,
        "Total Operating Income As Reported": 1823000000.0,
        "Diluted Average Shares": 1124000000.0,
        "Basic Average Shares": 1115000000.0,
        "Diluted EPS": 1.6,
        "Basic EPS": 1.62,
        "Diluted NI Availto Com Stockholders": 1803000000.0,
        "Net Income Common Stockholders": 1803000000.0,
        "Net Income": 1803000000.0,
        "Net Income Including Noncontrolling Interests": 1803000000.0,
        "Net Income Discontinuous Operations": 68000000.0,
        "Net Income Continuous Operations": 1735000000.0,
        "Tax Provision": 22000000.0,
        "Pretax Income": 1757000000.0,
        "Other Income Expense": 31000000.0,
        "Other Non Operating Income Expenses": 52000000.0,
        "Special Income Charges": -15000000.0,
        "Other Special Charges": -4000000.0,
        "Write Off": 19000000.0,
        "Earnings From Equity Interest": NaN,
        "Gain On Sale Of Security": -6000000.0,
        "Net Non Operating Interest Income Expense": -93000000.0,
        "Interest Expense Non Operating": 172000000.0,
        "Interest Income Non Operating": 79000000.0,
        "Operating Income": 1819000000.0,
        "Operating Expense": 2840000000.0,
        "Other Operating Expenses": NaN,
        "Research And Development": 2222000000.0,
        "Selling General And Administration": 618000000.0,
        "Gross Profit": 4659000000.0,
        "Cost Of Revenue": 3792000000.0,
        "Total Revenue": 8451000000.0,
        "Operating Revenue": 8451000000.0
    },
    "2022-03-31": {
        "Diluted EPS": 2.57,
        "Total Revenue": NaN,
        "Gross Profit": NaN,
        "Operating Income": NaN,
        "EBIT": NaN,
        "Net Income": NaN
    },
    "2021-12-31": {
        "Diluted EPS": 2.98,
        "Total Revenue": NaN,
        "Gross Profit": NaN,
        "Operating Income": NaN,
        "EBIT": NaN,
        "Net Income": NaN
    },
    "2021-09-30": {
        "Diluted EPS": 2.45,
        "Total Revenue": NaN,
        "Gross Profit": NaN,
        "Operating Income": NaN,
        "EBIT": NaN,
        "Net Income": NaN
    },
    "2021-06-30": {
        "Diluted EPS": 1.77,
        "Total Revenue": NaN,
        "Gross Profit": NaN,
        "Operating Income": NaN,
        "EBIT": NaN,
        "Net Income": NaN
    },
    "2021-03-31": {
        "Diluted EPS": 1.53,
        "Total Revenue": NaN,
        "Gross Profit": NaN,
        "Operating Income": NaN,
        "EBIT": NaN,
        "Net Income": NaN
    },
    "2020-12-31": {
        "Diluted EPS": 2.12,
        "Total Revenue": NaN,
        "Gross Profit": NaN,
        "Operating Income": NaN,
        "EBIT": NaN,
        "Net Income": NaN
    },
    "2020-09-30": {
        "Diluted EPS": 2.57,
        "Total Revenue": NaN,
        "Gross Profit": NaN,
        "Operating Income": NaN,
        "EBIT": NaN,
        "Net Income": NaN
    },
    "2020-06-30": {
        "Diluted EPS": 0.74,
        "Total Revenue": NaN,
        "Gross Profit": NaN,
        "Operating Income": 782,
        "EBIT": NaN,
        "Net Income": 845
    },
    "2020-03-31": {
        "Diluted EPS": 0.41,
        "Total Revenue": NaN,
        "Gross Profit": NaN,
        "Operating Income": 991,
        "EBIT": NaN,
        "Net Income": 468
    },
    "2019-12-31": {
        "Diluted EPS": 0.8,
        "Total Revenue": NaN,
        "Gross Profit": NaN,
        "Operating Income": NaN,
        "EBIT": NaN,
        "Net Income": 925
    },
    "2019-09-30": {
        "Diluted EPS": 0.42,
        "Total Revenue": NaN,
        "Gross Profit": NaN,
        "Operating Income": 700,
        "EBIT": NaN,
        "Net Income": 506
    },
    "2019-06-30": {
        "Diluted EPS": 1.75,
        "Total Revenue": NaN,
        "Gross Profit": NaN,
        "Operating Income": NaN,
        "EBIT": NaN,
        "Net Income": NaN
    },
    "2019-03-31": {
        "Diluted EPS": 0.55,
        "Total Revenue": NaN,
        "Gross Profit": NaN,
        "Operating Income": 940,
        "EBIT": NaN,
        "Net Income": 663
    },
    "2018-12-31": {
        "Diluted EPS": 0.87,
        "Total Revenue": NaN,
        "Gross Profit": NaN,
        "Operating Income": 710,
        "EBIT": NaN,
        "Net Income": NaN
    },
    "2018-09-30": {
        "Diluted EPS": -0.37,
        "Total Revenue": NaN,
        "Gross Profit": NaN,
        "Operating Income": -678,
        "EBIT": -105,
        "Net Income": -513
    },
    "2018-06-30": {
        "Diluted EPS": 0.81,
        "Total Revenue": NaN,
        "Gross Profit": NaN,
        "Operating Income": 903,
        "EBIT": NaN,
        "Net Income": NaN
    },
    "2018-03-31": {
        "Diluted EPS": 0.22,
        "Total Revenue": NaN,
        "Gross Profit": NaN,
        "Operating Income": 400,
        "EBIT": 788,
        "Net Income": 330
    },
    "2017-12-31": {
        "Diluted EPS": -4.05,
        "Total Revenue": NaN,
        "Gross Profit": NaN,
        "Operating Income": -4,
        "EBIT": 359,
        "Net Income": NaN
    },
    "2017-09-30": {
        "Diluted EPS": 0.1,
        "Total Revenue": NaN,
        "Gross Profit": NaN,
        "Operating Income": 301,
        "EBIT": 774,
        "Net Income": 148
    },
    "2017-06-30": {
        "Diluted EPS": 0.58,
        "Total Revenue": NaN,
        "Gross Profit": NaN,
        "Operating Income": 773,
        "EBIT": NaN,
        "Net Income": 866
    },
    "2017-03-31": {
        "Diluted EPS": 0.5,
        "Total Revenue": NaN,
        "Gross Profit": NaN,
        "Operating Income": 729,
        "EBIT": NaN,
        "Net Income": 749
    },
    "2016-12-31": {
        "Diluted EPS": 0.46,
        "Total Revenue": NaN,
        "Gross Profit": NaN,
        "Operating Income": 778,
        "EBIT": NaN,
        "Net Income": 682
    },
    "2016-09-30": {
        "Diluted EPS": 1.07,
        "Total Revenue": NaN,
        "Gross Profit": NaN,
        "Operating Income": NaN,
        "EBIT": NaN,
        "Net Income": NaN
    },
    "2016-06-30": {
        "Diluted EPS": 0.97,
        "Total Revenue": NaN,
        "Gross Profit": NaN,
        "Operating Income": NaN,
        "EBIT": NaN,
        "Net Income": NaN
    },
    "2016-03-31": {
        "Diluted EPS": 0.78,
        "Total Revenue": NaN,
        "Gross Profit": NaN,
        "Operating Income": NaN,
        "EBIT": NaN,
        "Net Income": NaN
    },
    "2015-12-31": {
        "Diluted EPS": 0.99,
        "Total Revenue": NaN,
        "Gross Profit": NaN,
        "Operating Income": NaN,
        "EBIT": NaN,
        "Net Income": NaN
    },
    "2015-09-30": {
        "Diluted EPS": 0.69,
        "Total Revenue": NaN,
        "Gross Profit": NaN,
        "Operating Income": NaN,
        "EBIT": NaN,
        "Net Income": NaN
    },
    "2015-06-30": {
        "Diluted EPS": 0.73,
        "Total Revenue": NaN,
        "Gross Profit": NaN,
        "Operating Income": NaN,
        "EBIT": NaN,
        "Net Income": NaN
    },
    "2015-03-31": {
        "Diluted EPS": 0.63,
        "Total Revenue": NaN,
        "Gross Profit": NaN,
        "Operating Income": NaN,
        "EBIT": NaN,
        "Net Income": NaN
    },
    "2014-12-31": {
        "Diluted EPS": 1.17,
        "Total Revenue": NaN,
        "Gross Profit": NaN,
        "Operating Income": NaN,
        "EBIT": NaN,
        "Net Income": NaN
    },
    "2014-09-30": {
        "Diluted EPS": 1.11,
        "Total Revenue": NaN,
        "Gross Profit": NaN,
        "Operating Income": NaN,
        "EBIT": NaN,
        "Net Income": NaN
    },
    "2014-06-30": {
        "Diluted EPS": 1.31,
        "Total Revenue": NaN,
        "Gross Profit": NaN,
        "Operating Income": NaN,
        "EBIT": NaN,
        "Net Income": NaN
    },
    "2014-03-31": {
        "Diluted EPS": 1.14,
        "Total Revenue": NaN,
        "Gross Profit": NaN,
        "Operating Income": NaN,
        "EBIT": NaN,
        "Net Income": NaN
    },
    "2013-12-31": {
        "Diluted EPS": 1.09,
        "Total Revenue": NaN,
        "Gross Profit": NaN,
        "Operating Income": NaN,
        "EBIT": NaN,
        "Net Income": NaN
    },
    "2013-09-30": {
        "Diluted EPS": 0.86,
        "Total Revenue": NaN,
        "Gross Profit": NaN,
        "Operating Income": NaN,
        "EBIT": NaN,
        "Net Income": NaN
    },
    "2013-06-30": {
        "Diluted EPS": 0.9,
        "Total Revenue": NaN,
        "Gross Profit": NaN,
        "Operating Income": NaN,
        "EBIT": NaN,
        "Net Income": NaN
    },
    "2013-03-31": {
        "Diluted EPS": 1.06,
        "Total Revenue": NaN,
        "Gross Profit": NaN,
        "Operating Income": NaN,
        "EBIT": NaN,
        "Net Income": NaN
    },
    "2012-12-31": {
        "Diluted EPS": 1.09,
        "Total Revenue": NaN,
        "Gross Profit": NaN,
        "Operating Income": NaN,
        "EBIT": NaN,
        "Net Income": NaN
    },
    "2012-09-30": {
        "Diluted EPS": 0.73,
        "Total Revenue": NaN,
        "Gross Profit": NaN,
        "Operating Income": NaN,
        "EBIT": NaN,
        "Net Income": NaN
    },
    "2012-06-30": {
        "Diluted EPS": 0.69,
        "Total Revenue": NaN,
        "Gross Profit": NaN,
        "Operating Income": NaN,
        "EBIT": NaN,
        "Net Income": NaN
    },
    "2012-03-31": {
        "Diluted EPS": 1.28,
        "Total Revenue": NaN,
        "Gross Profit": NaN,
        "Operating Income": NaN,
        "EBIT": NaN,
        "Net Income": NaN
    },
    "2011-12-31": {
        "Diluted EPS": 0.81,
        "Total Revenue": NaN,
        "Gross Profit": NaN,
        "Operating Income": NaN,
        "EBIT": NaN,
        "Net Income": NaN
    },
    "2011-09-30": {
        "Diluted EPS": 0.61,
        "Total Revenue": NaN,
        "Gross Profit": NaN,
        "Operating Income": NaN,
        "EBIT": NaN,
        "Net Income": NaN
    },
    "2011-06-30": {
        "Diluted EPS": 0.61,
        "Total Revenue": NaN,
        "Gross Profit": NaN,
        "Operating Income": NaN,
        "EBIT": NaN,
        "Net Income": NaN
    },
    "2011-03-31": {
        "Diluted EPS": 0.59,
        "Total Revenue": NaN,
        "Gross Profit": NaN,
        "Operating Income": NaN,
        "EBIT": NaN,
        "Net Income": 999
    },
    "2010-12-31": {
        "Diluted EPS": 0.71,
        "Total Revenue": NaN,
        "Gross Profit": NaN,
        "Operating Income": NaN,
        "EBIT": NaN,
        "Net Income": NaN
    },
    "2010-09-30": {
        "Diluted EPS": 0.53,
        "Total Revenue": NaN,
        "Gross Profit": NaN,
        "Operating Income": NaN,
        "EBIT": NaN,
        "Net Income": 865
    },
    "2010-06-30": {
        "Diluted EPS": 0.47,
        "Total Revenue": NaN,
        "Gross Profit": NaN,
        "Operating Income": 893,
        "EBIT": NaN,
        "Net Income": 767
    },
    "2010-03-31": {
        "Diluted EPS": 0.46,
        "Total Revenue": NaN,
        "Gross Profit": NaN,
        "Operating Income": 776,
        "EBIT": 943,
        "Net Income": 774
    },
    "2009-12-31": {
        "Diluted EPS": 0.5,
        "Total Revenue": NaN,
        "Gross Profit": NaN,
        "Operating Income": 879,
        "EBIT": NaN,
        "Net Income": 841
    },
    "2009-09-30": {
        "Diluted EPS": 0.49,
        "Total Revenue": NaN,
        "Gross Profit": NaN,
        "Operating Income": 913,
        "EBIT": NaN,
        "Net Income": 803
    },
    "2009-06-30": {
        "Diluted EPS": 0.44,
        "Total Revenue": NaN,
        "Gross Profit": NaN,
        "Operating Income": 894,
        "EBIT": NaN,
        "Net Income": 737
    },
    "2009-03-31": {
        "Diluted EPS": -0.18,
        "Total Revenue": NaN,
        "Gross Profit": NaN,
        "Operating Income": -10,
        "EBIT": 144,
        "Net Income": -289
    },
    "2023-09-30": {
        "Tax Effect Of Unusual Items": 71610000.0,
        "Tax Rate For Calcs": 0.21,
        "Normalized EBITDA": 1714000000.0,
        "Total Unusual Items": 341000000.0,
        "Total Unusual Items Excluding Goodwill": 341000000.0,
        "Net Income From Continuing Operation Net Minority Interest": 1629000000.0,
        "Reconciled Depreciation": 462000000.0,
        "Reconciled Cost Of Revenue": 3880000000.0,
        "EBITDA": 2055000000.0,
        "EBIT": 1593000000.0,
        "Net Interest Income": -53000000.0,
        "Interest Expense": 173000000.0,
        "Interest Income": 120000000.0,
        "Normalized Income": 1359610000.0,
        "Net Income From Continuing And Discontinued Operation": 1490000000.0,
        "Total Expenses": 7506000000.0,
        "Total Operating Income As Reported": 1410000000.0,
        "Diluted Average Shares": 1125000000.0,
        "Basic Average Shares": 1116000000.0,
        "Diluted EPS": 1.32,
        "Basic EPS": 1.33,
        "Diluted NI Availto Com Stockholders": 1490000000.0,
        "Net Income Common Stockholders": 1490000000.0,
        "Net Income": 1490000000.0,
        "Net Income Including Noncontrolling Interests": 1490000000.0,
        "Net Income Discontinuous Operations": -139000000.0,
        "Net Income Continuous Operations": 1629000000.0,
        "Tax Provision": -209000000.0,
        "Pretax Income": 1420000000.0,
        "Other Income Expense": 348000000.0,
        "Other Non Operating Income Expenses": 7000000.0,
        "Special Income Charges": 273000000.0,
        "Other Special Charges": NaN,
        "Write Off": 12000000.0,
        "Earnings From Equity Interest": NaN,
        "Gain On Sale Of Security": 68000000.0,
        "Net Non Operating Interest Income Expense": -53000000.0,
        "Interest Expense Non Operating": 173000000.0,
        "Interest Income Non Operating": 120000000.0,
        "Operating Income": 1125000000.0,
        "Operating Expense": 3626000000.0,
        "Other Operating Expenses": NaN,
        "Research And Development": 2135000000.0,
        "Selling General And Administration": 629000000.0,
        "Gross Profit": 4751000000.0,
        "Cost Of Revenue": 3880000000.0,
        "Total Revenue": 8631000000.0,
        "Operating Revenue": 8631000000.0
    },
    "2023-12-31": {
        "Tax Effect Of Unusual Items": -150000.0,
        "Tax Rate For Calcs": 0.05,
        "Normalized EBITDA": 3580000000.0,
        "Total Unusual Items": -3000000.0,
        "Total Unusual Items Excluding Goodwill": -3000000.0,
        "Net Income From Continuing Operation Net Minority Interest": 2811000000.0,
        "Reconciled Depreciation": 437000000.0,
        "Reconciled Cost Of Revenue": 4312000000.0,
        "EBITDA": 3577000000.0,
        "EBIT": 3140000000.0,
        "Net Interest Income": -29000000.0,
        "Interest Expense": 178000000.0,
        "Interest Income": 149000000.0,
        "Normalized Income": 2813850000.0,
        "Net Income From Continuing And Discontinued Operation": 2767000000.0,
        "Total Expenses": 7007000000.0,
        "Total Operating Income As Reported": 2928000000.0,
        "Diluted Average Shares": 1127000000.0,
        "Basic Average Shares": 1116000000.0,
        "Diluted EPS": 2.46,
        "Basic EPS": 2.48,
        "Diluted NI Availto Com Stockholders": 2767000000.0,
        "Net Income Common Stockholders": 2767000000.0,
        "Net Income": 2767000000.0,
        "Net Income Including Noncontrolling Interests": 2767000000.0,
        "Net Income Discontinuous Operations": -44000000.0,
        "Net Income Continuous Operations": 2811000000.0,
        "Tax Provision": 151000000.0,
        "Pretax Income": 2962000000.0,
        "Other Income Expense": 63000000.0,
        "Other Non Operating Income Expenses": 66000000.0,
        "Special Income Charges": -12000000.0,
        "Other Special Charges": NaN,
        "Write Off": 12000000.0,
        "Earnings From Equity Interest": NaN,
        "Gain On Sale Of Security": 9000000.0,
        "Net Non Operating Interest Income Expense": -29000000.0,
        "Interest Expense Non Operating": 178000000.0,
        "Interest Income Non Operating": 149000000.0,
        "Operating Income": 2928000000.0,
        "Operating Expense": 2695000000.0,
        "Other Operating Expenses": -28000000.0,
        "Research And Development": 2096000000.0,
        "Selling General And Administration": 627000000.0,
        "Gross Profit": 5623000000.0,
        "Cost Of Revenue": 4312000000.0,
        "Total Revenue": 9935000000.0,
        "Operating Revenue": 9935000000.0
    }
}