{
    "2023-03-31": {
        "Tax Effect Of Unusual Items": NaN,
        "Tax Rate For Calcs": NaN,
        "Normalized EBITDA": NaN,
        "Total Unusual Items": NaN,
        "Total Unusual Items Excluding Goodwill": NaN,
        "Net Income From Continuing Operation Net Minority Interest": NaN,
        "Reconciled Cost Of Revenue": NaN,
        "EBITDA": NaN,
        "EBIT": NaN,
        "Net Interest Income": NaN,
        "Interest Income": 241287000.0,
        "Normalized Income": NaN,
        "Net Income From Continuing And Discontinued Operation": NaN,
        "Total Expenses": NaN,
        "Total Operating Income As Reported": NaN,
        "Diluted Average Shares": NaN,
        "Basic Average Shares": NaN,
        "Diluted EPS": NaN,
        "Basic EPS": NaN,
        "Diluted NI Availto Com Stockholders": NaN,
        "Net Income Common Stockholders": NaN,
        "Net Income": NaN,
        "Minority Interests": 0.0,
        "Net Income Including Noncontrolling Interests": NaN,
        "Net Income Continuous Operations": NaN,
        "Tax Provision": NaN,
        "Pretax Income": NaN,
        "Other Income Expense": NaN,
        "Other Non Operating Income Expenses": NaN,
        "Special Income Charges": NaN,
        "Write Off": 2661000.0,
        "Earnings From Equity Interest": NaN,
        "Gain On Sale Of Security": NaN,
        "Net Non Operating Interest Income Expense": NaN,
        "Total Other Finance Cost": -241287000.0,
        "Interest Income Non Operating": 241287000.0,
        "Operating Income": NaN,
        "Operating Expense": NaN,
        "Other Operating Expenses": NaN,
        "Provision For Doubtful Accounts": NaN,
        "Research And Development": NaN,
        "Selling General And Administration": NaN,
        "Selling And Marketing Expense": NaN,
        "General And Administrative Expense": NaN,
        "Other Gand A": NaN,
        "Gross Profit": NaN,
        "Cost Of Revenue": NaN,
        "Total Revenue": NaN,
        "Operating Revenue": NaN
    },
    "2022-12-31": {
        "Tax Effect Of Unusual Items": NaN,
        "Tax Rate For Calcs": NaN,
        "Normalized EBITDA": NaN,
        "Total Unusual Items": NaN,
        "Total Unusual Items Excluding Goodwill": NaN,
        "Net Income From Continuing Operation Net Minority Interest": NaN,
        "Reconciled Cost Of Revenue": NaN,
        "EBITDA": NaN,
        "EBIT": NaN,
        "Net Interest Income": NaN,
        "Interest Income": NaN,
        "Normalized Income": NaN,
        "Net Income From Continuing And Discontinued Operation": NaN,
        "Total Expenses": NaN,
        "Total Operating Income As Reported": NaN,
        "Diluted Average Shares": NaN,
        "Basic Average Shares": NaN,
        "Diluted EPS": NaN,
        "Basic EPS": NaN,
        "Diluted NI Availto Com Stockholders": NaN,
        "Net Income Common Stockholders": NaN,
        "Net Income": NaN,
        "Minority Interests": -167.0,
        "Net Income Including Noncontrolling Interests": NaN,
        "Net Income Continuous Operations": NaN,
        "Tax Provision": NaN,
        "Pretax Income": NaN,
        "Other Income Expense": NaN,
        "Other Non Operating Income Expenses": NaN,
        "Special Income Charges": NaN,
        "Write Off": NaN,
        "Impairment Of Capital Assets": 103949952.0,
        "Earnings From Equity Interest": NaN,
        "Gain On Sale Of Security": NaN,
        "Net Non Operating Interest Income Expense": NaN,
        "Total Other Finance Cost": NaN,
        "Interest Income Non Operating": NaN,
        "Operating Income": NaN,
        "Operating Expense": NaN,
        "Other Operating Expenses": NaN,
        "Provision For Doubtful Accounts": NaN,
        "Research And Development": NaN,
        "Selling General And Administration": NaN,
        "Selling And Marketing Expense": NaN,
        "General And Administrative Expense": NaN,
        "Other Gand A": NaN,
        "Gross Profit": NaN,
        "Cost Of Revenue": NaN,
        "Total Revenue": NaN,
        "Operating Revenue": NaN
    },
    "2022-09-30": {
        "Tax Effect Of Unusual Items": NaN,
        "Tax Rate For Calcs": NaN,
        "Normalized EBITDA": NaN,
        "Total Unusual Items": NaN,
        "Total Unusual Items Excluding Goodwill": NaN,
        "Net Income From Continuing Operation Net Minority Interest": NaN,
        "Reconciled Cost Of Revenue": NaN,
        "EBITDA": NaN,
        "EBIT": NaN,
        "Net Interest Income": NaN,
        "Interest Income": NaN,
        "Normalized Income": NaN,
        "Net Income From Continuing And Discontinued Operation": NaN,
        "Total Expenses": NaN,
        "Total Operating Income As Reported": NaN,
        "Diluted Average Shares": NaN,
        "Basic Average Shares": NaN,
        "Diluted EPS": NaN,
        "Basic EPS": NaN,
        "Diluted NI Availto Com Stockholders": NaN,
        "Net Income Common Stockholders": NaN,
        "Net Income": NaN,
        "Minority Interests": NaN,
        "Net Income Including Noncontrolling Interests": NaN,
        "Net Income Continuous Operations": NaN,
        "Tax Provision": NaN,
        "Pretax Income": NaN,
        "Other Income Expense": NaN,
        "Other Non Operating Income Expenses": NaN,
        "Special Income Charges": NaN,
        "Write Off": 5913000.0,
        "Impairment Of Capital Assets": 5913000.0,
        "Earnings From Equity Interest": NaN,
        "Gain On Sale Of Security": NaN,
        "Net Non Operating Interest Income Expense": NaN,
        "Total Other Finance Cost": 73610000.0,
        "Interest Income Non Operating": NaN,
        "Operating Income": NaN,
        "Operating Expense": NaN,
        "Other Operating Expenses": NaN,
        "Provision For Doubtful Accounts": NaN,
        "Research And Development": NaN,
        "Selling General And Administration": NaN,
        "Selling And Marketing Expense": NaN,
        "General And Administrative Expense": NaN,
        "Other Gand A": NaN,
        "Gross Profit": NaN,
        "Cost Of Revenue": NaN,
        "Total Revenue": NaN,
        "Operating Revenue": NaN
    },
    "2022-06-30": {
        "Tax Effect Of Unusual Items": -31763600.0,
        "Tax Rate For Calcs": 0.4,
        "Normalized EBITDA": 66745000.0,
        "Total Unusual Items": -79409000.0,
        "Total Unusual Items Excluding Goodwill": -79409000.0,
        "Net Income From Continuing Operation Net Minority Interest": -61315000.0,
        "Reconciled Cost Of Revenue": 41083000.0,
        "EBITDA": -12664000.0,
        "EBIT": -12664000.0,
        "Net Interest Income": 4646000.0,
        "Interest Income": 4646000.0,
        "Normalized Income": -13669600.0,
        "Net Income From Continuing And Discontinued Operation": -61315000.0,
        "Total Expenses": 118110000.0,
        "Total Operating Income As Reported": -29361000.0,
        "Diluted Average Shares": 253530688.0,
        "Basic Average Shares": 248458980.0,
        "Diluted EPS": -0.25,
        "Basic EPS": -0.25,
        "Diluted NI Availto Com Stockholders": -61315000.0,
        "Net Income Common Stockholders": -61315000.0,
        "Net Income": -61315000.0,
        "Minority Interests": 0.0,
        "Net Income Including Noncontrolling Interests": -61315000.0,
        "Net Income Continuous Operations": -61315000.0,
        "Tax Provision": 7081000.0,
        "Pretax Income": -54234000.0,
        "Other Income Expense": -46216000.0,
        "Other Non Operating Income Expenses": 33434000.0,
        "Special Income Charges": -45536000.0,
        "Write Off": NaN,
        "Impairment Of Capital Assets": 45536000.0,
        "Earnings From Equity Interest": -241000.0,
        "Gain On Sale Of Security": -33873000.0,
        "Net Non Operating Interest Income Expense": 4646000.0,
        "Total Other Finance Cost": NaN,
        "Interest Income Non Operating": 4646000.0,
        "Operating Income": -12664000.0,
        "Operating Expense": 77027000.0,
        "Other Operating Expenses": -1129000.0,
        "Provision For Doubtful Accounts": -28657000.0,
        "Research And Development": 18774000.0,
        "Selling General And Administration": 88039000.0,
        "Selling And Marketing Expense": 53211000.0,
        "General And Administrative Expense": 34828000.0,
        "Other Gand A": 34828000.0,
        "Gross Profit": 64363000.0,
        "Cost Of Revenue": 41083000.0,
        "Total Revenue": 105446000.0,
        "Operating Revenue": 105446000.0
    },
    "2023-06-30": {
        "Tax Effect Of Unusual Items": 2262250.0,
        "Tax Rate For Calcs": 0.25,
        "Normalized EBITDA": -101808000.0,
        "Total Unusual Items": 9049000.0,
        "Total Unusual Items Excluding Goodwill": 9049000.0,
        "Net Income From Continuing Operation Net Minority Interest": -76865000.0,
        "Reconciled Cost Of Revenue": 12667000.0,
        "EBITDA": -92759000.0,
        "EBIT": -92759000.0,
        "Net Interest Income": 6798000.0,
        "Interest Income": 6798000.0,
        "Normalized Income": -83651750.0,
        "Net Income From Continuing And Discontinued Operation": -76865000.0,
        "Total Expenses": 103847000.0,
        "Total Operating Income As Reported": -94102000.0,
        "Diluted Average Shares": 226379819.0,
        "Basic Average Shares": 223467498.0,
        "Diluted EPS": -0.34,
        "Basic EPS": -0.34,
        "Diluted NI Availto Com Stockholders": -76865000.0,
        "Net Income Common Stockholders": -76865000.0,
        "Net Income": -76865000.0,
        "Minority Interests": 0.0,
        "Net Income Including Noncontrolling Interests": -76865000.0,
        "Net Income Continuous Operations": -76865000.0,
        "Tax Provision": 18928000.0,
        "Pretax Income": -57937000.0,
        "Other Income Expense": 28024000.0,
        "Other Non Operating Income Expenses": 16314000.0,
        "Special Income Charges": -1343000.0,
        "Write Off": 1343000.0,
        "Earnings From Equity Interest": 2661000.0,
        "Gain On Sale Of Security": 10392000.0,
        "Net Non Operating Interest Income Expense": 6798000.0,
        "Total Other Finance Cost": NaN,
        "Interest Income Non Operating": 6798000.0,
        "Operating Income": -92759000.0,
        "Operating Expense": 91180000.0,
        "Other Operating Expenses": -1470000.0,
        "Provision For Doubtful Accounts": 17313000.0,
        "Research And Development": 9918000.0,
        "Selling General And Administration": 65419000.0,
        "Selling And Marketing Expense": 0.0,
        "General And Administrative Expense": 65419000.0,
        "Other Gand A": 65419000.0,
        "Gross Profit": -1579000.0,
        "Cost Of Revenue": 12667000.0,
        "Total Revenue": 11088000.0,
        "Operating Revenue": 11088000.0
    },
    "2023-09-30": {
        "Tax Effect Of Unusual Items": -12821575.338876,
        "Tax Rate For Calcs": 0.120462,
        "Normalized EBITDA": 4377000.0,
        "Total Unusual Items": -106437000.0,
        "Total Unusual Items Excluding Goodwill": -106437000.0,
        "Net Income From Continuing Operation Net Minority Interest": -181228000.0,
        "Reconciled Cost Of Revenue": 46279000.0,
        "EBITDA": -102060000.0,
        "EBIT": -102060000.0,
        "Net Interest Income": -7099000.0,
        "Interest Income": NaN,
        "Normalized Income": -87612575.338876,
        "Net Income From Continuing And Discontinued Operation": -181228000.0,
        "Total Expenses": 131658000.0,
        "Total Operating Income As Reported": -100802000.0,
        "Diluted Average Shares": 214666223.0,
        "Basic Average Shares": 214666223.0,
        "Diluted EPS": -0.84,
        "Basic EPS": -0.84,
        "Diluted NI Availto Com Stockholders": -181228000.0,
        "Net Income Common Stockholders": -181228000.0,
        "Net Income": -181228000.0,
        "Minority Interests": 0.0,
        "Net Income Including Noncontrolling Interests": -181228000.0,
        "Net Income Continuous Operations": -181228000.0,
        "Tax Provision": -24821000.0,
        "Pretax Income": -206049000.0,
        "Other Income Expense": -96890000.0,
        "Other Non Operating Income Expenses": 8537000.0,
        "Special Income Charges": 1258000.0,
        "Write Off": -1258000.0,
        "Earnings From Equity Interest": 1010000.0,
        "Gain On Sale Of Security": -107695000.0,
        "Net Non Operating Interest Income Expense": -7099000.0,
        "Total Other Finance Cost": 7099000.0,
        "Interest Income Non Operating": NaN,
        "Operating Income": -102060000.0,
        "Operating Expense": 85379000.0,
        "Other Operating Expenses": -10668000.0,
        "Provision For Doubtful Accounts": 3974000.0,
        "Research And Development": 11277000.0,
        "Selling General And Administration": 80796000.0,
        "Selling And Marketing Expense": 0.0,
        "General And Administrative Expense": 80796000.0,
        "Other Gand A": 80796000.0,
        "Gross Profit": -16681000.0,
        "Cost Of Revenue": 46279000.0,
        "Total Revenue": 29598000.0,
        "Operating Revenue": 29598000.0
    },
    "2023-12-31": {
        "Tax Effect Of Unusual Items": 13488175.340262,
        "Tax Rate For Calcs": 0.128874,
        "Normalized EBITDA": 217830240.0,
        "Total Unusual Items": 104661815.0,
        "Total Unusual Items Excluding Goodwill": 104661815.0,
        "Net Income From Continuing Operation Net Minority Interest": -117071461.0,
        "Reconciled Cost Of Revenue": 78361869.0,
        "EBITDA": 322492055.0,
        "EBIT": 322492055.0,
        "Net Interest Income": -130238602.0,
        "Interest Income": NaN,
        "Normalized Income": -208245100.659738,
        "Net Income From Continuing And Discontinued Operation": -117071461.0,
        "Total Expenses": 167984258.0,
        "Total Operating Income As Reported": -107244547.0,
        "Diluted Average Shares": 207646764.0,
        "Basic Average Shares": 204075368.0,
        "Diluted EPS": -0.57,
        "Basic EPS": -0.57,
        "Diluted NI Availto Com Stockholders": -117071461.0,
        "Net Income Common Stockholders": -117071461.0,
        "Net Income": -117071461.0,
        "Minority Interests": 0.0,
        "Net Income Including Noncontrolling Interests": -117071461.0,
        "Net Income Continuous Operations": -117071461.0,
        "Tax Provision": -17319484.0,
        "Pretax Income": -134390945.0,
        "Other Income Expense": 100038562.0,
        "Other Non Operating Income Expenses": -2845637.0,
        "Special Income Charges": -3053642.0,
        "Write Off": NaN,
        "Earnings From Equity Interest": -1777616.0,
        "Gain On Sale Of Security": 107715457.0,
        "Net Non Operating Interest Income Expense": -130238602.0,
        "Total Other Finance Cost": NaN,
        "Interest Income Non Operating": NaN,
        "Operating Income": -104190905.0,
        "Operating Expense": 89622389.0,
        "Other Operating Expenses": 16322284.0,
        "Provision For Doubtful Accounts": -20142021.0,
        "Research And Development": 16102109.0,
        "Selling General And Administration": 77340017.0,
        "Selling And Marketing Expense": 1167273.0,
        "General And Administrative Expense": 76172744.0,
        "Other Gand A": 76172744.0,
        "Gross Profit": -14568516.0,
        "Cost Of Revenue": 78361869.0,
        "Total Revenue": 63793353.0,
        "Operating Revenue": 63793353.0
    },
    "2024-03-31": {
        "Tax Effect Of Unusual Items": -9162250.0,
        "Tax Rate For Calcs": 0.25,
        "Normalized EBITDA": -35512000.0,
        "Total Unusual Items": -36649000.0,
        "Total Unusual Items Excluding Goodwill": -36649000.0,
        "Net Income From Continuing Operation Net Minority Interest": -73610000.0,
        "Reconciled Cost Of Revenue": 58036000.0,
        "EBITDA": -72161000.0,
        "EBIT": -72161000.0,
        "Net Interest Income": 54187000.0,
        "Interest Income": 54187000.0,
        "Normalized Income": -46123250.0,
        "Net Income From Continuing And Discontinued Operation": -73610000.0,
        "Total Expenses": 128010000.0,
        "Total Operating Income As Reported": -72511000.0,
        "Diluted Average Shares": 199633026.0,
        "Basic Average Shares": 194517922.0,
        "Diluted EPS": -0.38,
        "Basic EPS": -0.38,
        "Diluted NI Availto Com Stockholders": -73610000.0,
        "Net Income Common Stockholders": -73610000.0,
        "Net Income": -73610000.0,
        "Minority Interests": NaN,
        "Net Income Including Noncontrolling Interests": -73610000.0,
        "Net Income Continuous Operations": -73610000.0,
        "Tax Provision": 24754000.0,
        "Pretax Income": -48856000.0,
        "Other Income Expense": -30882000.0,
        "Other Non Operating Income Expenses": 7144000.0,
        "Special Income Charges": -350000.0,
        "Write Off": 350000.0,
        "Earnings From Equity Interest": -1377000.0,
        "Gain On Sale Of Security": -36299000.0,
        "Net Non Operating Interest Income Expense": 54187000.0,
        "Total Other Finance Cost": NaN,
        "Interest Income Non Operating": 54187000.0,
        "Operating Income": -72161000.0,
        "Operating Expense": 69974000.0,
        "Other Operating Expenses": -22000.0,
        "Provision For Doubtful Accounts": -3223000.0,
        "Research And Development": 15853000.0,
        "Selling General And Administration": 57366000.0,
        "Selling And Marketing Expense": 105000.0,
        "General And Administrative Expense": 57261000.0,
        "Other Gand A": 57261000.0,
        "Gross Profit": -2187000.0,
        "Cost Of Revenue": 58036000.0,
        "Total Revenue": 55849000.0,
        "Operating Revenue": 55849000.0
    },
    "2024-06-30": {
        "Tax Effect Of Unusual Items": 14200750.0,
        "Tax Rate For Calcs": 0.25,
        "Normalized EBITDA": -113793000.0,
        "Total Unusual Items": 56803000.0,
        "Total Unusual Items Excluding Goodwill": 56803000.0,
        "Net Income From Continuing Operation Net Minority Interest": 99787000.0,
        "Reconciled Cost Of Revenue": 46248000.0,
        "EBITDA": -56990000.0,
        "EBIT": -56990000.0,
        "Net Interest Income": 89485000.0,
        "Interest Income": 89485000.0,
        "Normalized Income": 57184750.0,
        "Net Income From Continuing And Discontinued Operation": 99787000.0,
        "Total Expenses": 110318000.0,
        "Total Operating Income As Reported": -57377000.0,
        "Diluted Average Shares": 189684527.0,
        "Basic Average Shares": 184571121.0,
        "Diluted EPS": 0.53,
        "Basic EPS": 0.54,
        "Diluted NI Availto Com Stockholders": 99787000.0,
        "Net Income Common Stockholders": 99787000.0,
        "Net Income": 99787000.0,
        "Minority Interests": NaN,
        "Net Income Including Noncontrolling Interests": 99787000.0,
        "Net Income Continuous Operations": 99787000.0,
        "Tax Provision": -9297000.0,
        "Pretax Income": 90490000.0,
        "Other Income Expense": 57995000.0,
        "Other Non Operating Income Expenses": 372000.0,
        "Special Income Charges": -387000.0,
        "Write Off": 387000.0,
        "Earnings From Equity Interest": 820000.0,
        "Gain On Sale Of Security": 57190000.0,
        "Net Non Operating Interest Income Expense": 89485000.0,
        "Total Other Finance Cost": NaN,
        "Interest Income Non Operating": 89485000.0,
        "Operating Income": -56990000.0,
        "Operating Expense": 64070000.0,
        "Other Operating Expenses": -119000.0,
        "Provision For Doubtful Accounts": 751000.0,
        "Research And Development": 15219000.0,
        "Selling General And Administration": 48219000.0,
        "Selling And Marketing Expense": 1054000.0,
        "General And Administrative Expense": 47165000.0,
        "Other Gand A": 47165000.0,
        "Gross Profit": 7080000.0,
        "Cost Of Revenue": 46248000.0,
        "Total Revenue": 53328000.0,
        "Operating Revenue": 53328000.0
    }
}