{
    "2023-03-31": {
        "Tax Effect Of Unusual Items": NaN,
        "Tax Rate For Calcs": NaN,
        "Normalized EBITDA": NaN,
        "Total Unusual Items": NaN,
        "Total Unusual Items Excluding Goodwill": NaN,
        "Net Income From Continuing Operation Net Minority Interest": NaN,
        "Reconciled Depreciation": NaN,
        "EBITDA": NaN,
        "EBIT": NaN,
        "Net Interest Income": NaN,
        "Interest Income": NaN,
        "Normalized Income": NaN,
        "Net Income From Continuing And Discontinued Operation": NaN,
        "Total Expenses": NaN,
        "Total Operating Income As Reported": NaN,
        "Diluted Average Shares": 35855200.0,
        "Basic Average Shares": 35855200.0,
        "Diluted EPS": -0.34,
        "Basic EPS": -0.34,
        "Diluted NI Availto Com Stockholders": NaN,
        "Net Income Common Stockholders": NaN,
        "Net Income": NaN,
        "Net Income Including Noncontrolling Interests": NaN,
        "Net Income Continuous Operations": NaN,
        "Tax Provision": NaN,
        "Pretax Income": NaN,
        "Other Income Expense": NaN,
        "Other Non Operating Income Expenses": NaN,
        "Special Income Charges": NaN,
        "Impairment Of Capital Assets": NaN,
        "Restructuring And Mergern Acquisition": 0.0,
        "Net Non Operating Interest Income Expense": NaN,
        "Interest Income Non Operating": NaN,
        "Operating Income": NaN,
        "Operating Expense": NaN,
        "Research And Development": NaN,
        "Selling General And Administration": NaN,
        "General And Administrative Expense": NaN,
        "Other Gand A": NaN,
        "Total Revenue": NaN,
        "Operating Revenue": NaN
    },
    "2022-12-31": {
        "Tax Effect Of Unusual Items": 0.0,
        "Tax Rate For Calcs": 0.0,
        "Normalized EBITDA": -6277000.0,
        "Total Unusual Items": 0.0,
        "Total Unusual Items Excluding Goodwill": 0.0,
        "Net Income From Continuing Operation Net Minority Interest": -5534000.0,
        "Reconciled Depreciation": 42000.0,
        "EBITDA": -6277000.0,
        "EBIT": -6319000.0,
        "Net Interest Income": 536000.0,
        "Interest Income": 536000.0,
        "Normalized Income": -5534000.0,
        "Net Income From Continuing And Discontinued Operation": -5534000.0,
        "Total Expenses": 6319000.0,
        "Total Operating Income As Reported": -6319000.0,
        "Diluted Average Shares": NaN,
        "Basic Average Shares": NaN,
        "Diluted EPS": NaN,
        "Basic EPS": NaN,
        "Diluted NI Availto Com Stockholders": -5534000.0,
        "Net Income Common Stockholders": -5534000.0,
        "Net Income": -5534000.0,
        "Net Income Including Noncontrolling Interests": -5534000.0,
        "Net Income Continuous Operations": -5534000.0,
        "Tax Provision": 0.0,
        "Pretax Income": -5534000.0,
        "Other Income Expense": 249000.0,
        "Other Non Operating Income Expenses": 249000.0,
        "Special Income Charges": 0.0,
        "Impairment Of Capital Assets": 0.0,
        "Net Non Operating Interest Income Expense": 536000.0,
        "Interest Income Non Operating": 536000.0,
        "Operating Income": -6319000.0,
        "Operating Expense": 6319000.0,
        "Research And Development": 2768000.0,
        "Selling General And Administration": 3551000.0,
        "General And Administrative Expense": 3551000.0,
        "Other Gand A": 3551000.0,
        "Total Revenue": 0.0,
        "Operating Revenue": 0.0
    },
    "2022-09-30": {
        "Tax Effect Of Unusual Items": NaN,
        "Tax Rate For Calcs": NaN,
        "Normalized EBITDA": NaN,
        "Total Unusual Items": NaN,
        "Total Unusual Items Excluding Goodwill": NaN,
        "Net Income From Continuing Operation Net Minority Interest": NaN,
        "Reconciled Depreciation": NaN,
        "EBITDA": NaN,
        "EBIT": NaN,
        "Net Interest Income": NaN,
        "Interest Income": NaN,
        "Normalized Income": NaN,
        "Net Income From Continuing And Discontinued Operation": NaN,
        "Total Expenses": NaN,
        "Total Operating Income As Reported": NaN,
        "Diluted Average Shares": 35612749.0,
        "Basic Average Shares": 35612749.0,
        "Diluted EPS": -0.22,
        "Basic EPS": -0.22,
        "Diluted NI Availto Com Stockholders": NaN,
        "Net Income Common Stockholders": NaN,
        "Net Income": NaN,
        "Net Income Including Noncontrolling Interests": NaN,
        "Net Income Continuous Operations": NaN,
        "Tax Provision": NaN,
        "Pretax Income": NaN,
        "Other Income Expense": NaN,
        "Other Non Operating Income Expenses": NaN,
        "Special Income Charges": NaN,
        "Impairment Of Capital Assets": NaN,
        "Restructuring And Mergern Acquisition": NaN,
        "Net Non Operating Interest Income Expense": NaN,
        "Interest Income Non Operating": NaN,
        "Operating Income": NaN,
        "Operating Expense": NaN,
        "Research And Development": NaN,
        "Selling General And Administration": NaN,
        "General And Administrative Expense": NaN,
        "Other Gand A": NaN,
        "Total Revenue": NaN,
        "Operating Revenue": NaN
    },
    "2022-06-30": {
        "Tax Effect Of Unusual Items": 0.0,
        "Tax Rate For Calcs": 0.007,
        "Normalized EBITDA": -16174000.0,
        "Total Unusual Items": NaN,
        "Total Unusual Items Excluding Goodwill": NaN,
        "Net Income From Continuing Operation Net Minority Interest": -16564000.0,
        "Reconciled Depreciation": 84000.0,
        "EBITDA": -16174000.0,
        "EBIT": -16258000.0,
        "Net Interest Income": 145000.0,
        "Interest Income": 145000.0,
        "Normalized Income": -16564000.0,
        "Net Income From Continuing And Discontinued Operation": -16564000.0,
        "Total Expenses": 16258000.0,
        "Total Operating Income As Reported": -16258000.0,
        "Diluted Average Shares": 32467000.0,
        "Basic Average Shares": 32467000.0,
        "Diluted EPS": -0.51,
        "Basic EPS": -0.51,
        "Diluted NI Availto Com Stockholders": -16564000.0,
        "Net Income Common Stockholders": -16564000.0,
        "Net Income": -16564000.0,
        "Net Income Including Noncontrolling Interests": -16564000.0,
        "Net Income Continuous Operations": -16564000.0,
        "Tax Provision": -284000.0,
        "Pretax Income": -16848000.0,
        "Other Income Expense": -735000.0,
        "Other Non Operating Income Expenses": -735000.0,
        "Special Income Charges": NaN,
        "Impairment Of Capital Assets": NaN,
        "Net Non Operating Interest Income Expense": 145000.0,
        "Interest Income Non Operating": 145000.0,
        "Operating Income": -16258000.0,
        "Operating Expense": 16258000.0,
        "Research And Development": 7199000.0,
        "Selling General And Administration": 9059000.0,
        "General And Administrative Expense": 9059000.0,
        "Other Gand A": 9059000.0,
        "Total Revenue": 0.0,
        "Operating Revenue": 0.0
    },
    "2022-03-31": {
        "Diluted EPS": -0.72,
        "Total Revenue": NaN,
        "Gross Profit": NaN,
        "Operating Income": -22,
        "EBIT": -22,
        "Net Income": -22
    },
    "2021-12-31": {
        "Diluted EPS": -0.78,
        "Total Revenue": NaN,
        "Gross Profit": NaN,
        "Operating Income": -24,
        "EBIT": -23,
        "Net Income": -23
    },
    "2021-09-30": {
        "Diluted EPS": -0.73,
        "Total Revenue": NaN,
        "Gross Profit": NaN,
        "Operating Income": -22,
        "EBIT": -21,
        "Net Income": -22
    },
    "2021-06-30": {
        "Diluted EPS": -0.74,
        "Total Revenue": NaN,
        "Gross Profit": NaN,
        "Operating Income": -22,
        "EBIT": -21,
        "Net Income": -22
    },
    "2021-03-31": {
        "Diluted EPS": -0.78,
        "Total Revenue": NaN,
        "Gross Profit": NaN,
        "Operating Income": -23,
        "EBIT": -23,
        "Net Income": -23
    },
    "2020-12-31": {
        "Diluted EPS": -0.69,
        "Total Revenue": NaN,
        "Gross Profit": NaN,
        "Operating Income": -21,
        "EBIT": -21,
        "Net Income": -21
    },
    "2020-09-30": {
        "Diluted EPS": -0.73,
        "Total Revenue": NaN,
        "Gross Profit": NaN,
        "Operating Income": -22,
        "EBIT": -22,
        "Net Income": -22
    },
    "2020-06-30": {
        "Diluted EPS": -0.6,
        "Total Revenue": NaN,
        "Gross Profit": NaN,
        "Operating Income": -18,
        "EBIT": -18,
        "Net Income": -18
    },
    "2020-03-31": {
        "Diluted EPS": -0.61,
        "Total Revenue": NaN,
        "Gross Profit": NaN,
        "Operating Income": -18,
        "EBIT": -18,
        "Net Income": -17
    },
    "2019-12-31": {
        "Diluted EPS": 0.61,
        "Total Revenue": NaN,
        "Gross Profit": NaN,
        "Operating Income": -13,
        "EBIT": -13,
        "Net Income": -12
    },
    "2019-09-30": {
        "Diluted EPS": -0.37,
        "Total Revenue": NaN,
        "Gross Profit": NaN,
        "Operating Income": -11,
        "EBIT": -11,
        "Net Income": -10
    },
    "2019-06-30": {
        "Diluted EPS": -0.57,
        "Total Revenue": NaN,
        "Gross Profit": NaN,
        "Operating Income": -10,
        "EBIT": -10,
        "Net Income": -9
    },
    "2019-03-31": {
        "Diluted EPS": -1.61,
        "Total Revenue": NaN,
        "Gross Profit": NaN,
        "Operating Income": -6,
        "EBIT": -6,
        "Net Income": -6
    },
    "2018-12-31": {
        "Diluted EPS": -1.02,
        "Total Revenue": NaN,
        "Gross Profit": NaN,
        "Operating Income": -4,
        "EBIT": -4,
        "Net Income": -3
    },
    "2018-09-30": {
        "Diluted EPS": -0.75,
        "Total Revenue": NaN,
        "Gross Profit": NaN,
        "Operating Income": -3,
        "EBIT": -3,
        "Net Income": -3
    },
    "2018-06-30": {
        "Diluted EPS": -0.93,
        "Total Revenue": NaN,
        "Gross Profit": NaN,
        "Operating Income": -3,
        "EBIT": -3,
        "Net Income": -3
    },
    "2018-03-31": {
        "Diluted EPS": -1.01,
        "Total Revenue": NaN,
        "Gross Profit": NaN,
        "Operating Income": -3,
        "EBIT": -3,
        "Net Income": -3
    },
    "2017-12-31": {
        "Diluted EPS": 0.0,
        "Total Revenue": NaN,
        "Gross Profit": NaN,
        "Operating Income": NaN,
        "EBIT": NaN,
        "Net Income": NaN
    },
    "2023-06-30": {
        "Tax Effect Of Unusual Items": 0.0,
        "Tax Rate For Calcs": 0.0,
        "Normalized EBITDA": -5583000.0,
        "Total Unusual Items": 0.0,
        "Total Unusual Items Excluding Goodwill": 0.0,
        "Net Income From Continuing Operation Net Minority Interest": -4886000.0,
        "Reconciled Depreciation": 1000.0,
        "EBITDA": -5583000.0,
        "EBIT": -5584000.0,
        "Net Interest Income": 805000.0,
        "Interest Income": 805000.0,
        "Normalized Income": -4886000.0,
        "Net Income From Continuing And Discontinued Operation": -4886000.0,
        "Total Expenses": 5584000.0,
        "Total Operating Income As Reported": -5584000.0,
        "Diluted Average Shares": 35917592.0,
        "Basic Average Shares": 35917592.0,
        "Diluted EPS": -0.14,
        "Basic EPS": -0.14,
        "Diluted NI Availto Com Stockholders": -4886000.0,
        "Net Income Common Stockholders": -4886000.0,
        "Net Income": -4886000.0,
        "Net Income Including Noncontrolling Interests": -4886000.0,
        "Net Income Continuous Operations": -4886000.0,
        "Tax Provision": 0.0,
        "Pretax Income": -4886000.0,
        "Other Income Expense": -107000.0,
        "Other Non Operating Income Expenses": -107000.0,
        "Special Income Charges": 0.0,
        "Impairment Of Capital Assets": 0.0,
        "Restructuring And Mergern Acquisition": 0.0,
        "Net Non Operating Interest Income Expense": 805000.0,
        "Interest Income Non Operating": 805000.0,
        "Operating Income": -5584000.0,
        "Operating Expense": 5584000.0,
        "Research And Development": 1353000.0,
        "Selling General And Administration": 4231000.0,
        "General And Administrative Expense": 4231000.0,
        "Other Gand A": 4231000.0,
        "Total Revenue": 0.0,
        "Operating Revenue": 0.0
    },
    "2023-09-30": {
        "Tax Effect Of Unusual Items": 0.0,
        "Tax Rate For Calcs": 0.0,
        "Normalized EBITDA": -6094000.0,
        "Total Unusual Items": 0.0,
        "Total Unusual Items Excluding Goodwill": 0.0,
        "Net Income From Continuing Operation Net Minority Interest": -5351000.0,
        "Reconciled Depreciation": 0.0,
        "EBITDA": -6094000.0,
        "EBIT": -6094000.0,
        "Net Interest Income": 959000.0,
        "Interest Income": 959000.0,
        "Normalized Income": -5351000.0,
        "Net Income From Continuing And Discontinued Operation": -5351000.0,
        "Total Expenses": 6094000.0,
        "Total Operating Income As Reported": -6094000.0,
        "Diluted Average Shares": 36073040.0,
        "Basic Average Shares": 36073040.0,
        "Diluted EPS": -0.15,
        "Basic EPS": -0.15,
        "Diluted NI Availto Com Stockholders": -5351000.0,
        "Net Income Common Stockholders": -5351000.0,
        "Net Income": -5351000.0,
        "Net Income Including Noncontrolling Interests": -5351000.0,
        "Net Income Continuous Operations": -5351000.0,
        "Tax Provision": 0.0,
        "Pretax Income": -5351000.0,
        "Other Income Expense": -216000.0,
        "Other Non Operating Income Expenses": -216000.0,
        "Special Income Charges": 0.0,
        "Impairment Of Capital Assets": 0.0,
        "Restructuring And Mergern Acquisition": NaN,
        "Net Non Operating Interest Income Expense": 959000.0,
        "Interest Income Non Operating": 959000.0,
        "Operating Income": -6094000.0,
        "Operating Expense": 6094000.0,
        "Research And Development": 1431000.0,
        "Selling General And Administration": 4663000.0,
        "General And Administrative Expense": 4663000.0,
        "Other Gand A": 4663000.0,
        "Total Revenue": 0.0,
        "Operating Revenue": 0.0
    },
    "2023-12-31": {
        "Tax Effect Of Unusual Items": -331380.0,
        "Tax Rate For Calcs": 0.21,
        "Normalized EBITDA": -6461000.0,
        "Total Unusual Items": -1578000.0,
        "Total Unusual Items Excluding Goodwill": -1578000.0,
        "Net Income From Continuing Operation Net Minority Interest": -8894000.0,
        "Reconciled Depreciation": 304000.0,
        "EBITDA": -8039000.0,
        "EBIT": -8343000.0,
        "Net Interest Income": 1014000.0,
        "Interest Income": 1014000.0,
        "Normalized Income": -7647380.0,
        "Net Income From Continuing And Discontinued Operation": -8894000.0,
        "Total Expenses": 8343000.0,
        "Total Operating Income As Reported": -9921000.0,
        "Diluted Average Shares": NaN,
        "Basic Average Shares": NaN,
        "Diluted EPS": NaN,
        "Basic EPS": NaN,
        "Diluted NI Availto Com Stockholders": -8894000.0,
        "Net Income Common Stockholders": -8894000.0,
        "Net Income": -8894000.0,
        "Net Income Including Noncontrolling Interests": -8894000.0,
        "Net Income Continuous Operations": -8894000.0,
        "Tax Provision": 51000.0,
        "Pretax Income": -8843000.0,
        "Other Income Expense": -1514000.0,
        "Other Non Operating Income Expenses": 64000.0,
        "Special Income Charges": -1578000.0,
        "Impairment Of Capital Assets": 0.0,
        "Restructuring And Mergern Acquisition": NaN,
        "Net Non Operating Interest Income Expense": 1014000.0,
        "Interest Income Non Operating": 1014000.0,
        "Operating Income": -8343000.0,
        "Operating Expense": 8343000.0,
        "Research And Development": 3434000.0,
        "Selling General And Administration": 4909000.0,
        "General And Administrative Expense": 4909000.0,
        "Other Gand A": 4909000.0,
        "Total Revenue": 0.0,
        "Operating Revenue": 0.0
    },
    "2024-03-31": {
        "Tax Effect Of Unusual Items": -534450.0,
        "Tax Rate For Calcs": 0.21,
        "Normalized EBITDA": -6088000.0,
        "Total Unusual Items": -2545000.0,
        "Total Unusual Items Excluding Goodwill": -2545000.0,
        "Net Income From Continuing Operation Net Minority Interest": -11149000.0,
        "Reconciled Depreciation": 40000.0,
        "EBITDA": -8633000.0,
        "EBIT": -8673000.0,
        "Net Interest Income": 887000.0,
        "Interest Income": 887000.0,
        "Normalized Income": -9138450.0,
        "Net Income From Continuing And Discontinued Operation": -11149000.0,
        "Total Expenses": 8673000.0,
        "Total Operating Income As Reported": -11218000.0,
        "Diluted Average Shares": 43010212.0,
        "Basic Average Shares": 43010212.0,
        "Diluted EPS": -0.26,
        "Basic EPS": -0.26,
        "Diluted NI Availto Com Stockholders": -11149000.0,
        "Net Income Common Stockholders": -11149000.0,
        "Net Income": -11149000.0,
        "Net Income Including Noncontrolling Interests": -11149000.0,
        "Net Income Continuous Operations": -11149000.0,
        "Tax Provision": 31000.0,
        "Pretax Income": -11118000.0,
        "Other Income Expense": -3332000.0,
        "Other Non Operating Income Expenses": -787000.0,
        "Special Income Charges": -2545000.0,
        "Impairment Of Capital Assets": 0.0,
        "Restructuring And Mergern Acquisition": 2545000.0,
        "Net Non Operating Interest Income Expense": 887000.0,
        "Interest Income Non Operating": 887000.0,
        "Operating Income": -8673000.0,
        "Operating Expense": 8673000.0,
        "Research And Development": 3702000.0,
        "Selling General And Administration": 4971000.0,
        "General And Administrative Expense": 4971000.0,
        "Other Gand A": 4971000.0,
        "Total Revenue": 0.0,
        "Operating Revenue": 0.0
    },
    "2024-06-30": {
        "Tax Effect Of Unusual Items": -4063500.0,
        "Tax Rate For Calcs": 0.21,
        "Normalized EBITDA": 10552000.0,
        "Total Unusual Items": -19350000.0,
        "Total Unusual Items Excluding Goodwill": -19350000.0,
        "Net Income From Continuing Operation Net Minority Interest": -27729000.0,
        "Reconciled Depreciation": 44000.0,
        "EBITDA": -8798000.0,
        "EBIT": -8842000.0,
        "Net Interest Income": 823000.0,
        "Interest Income": 823000.0,
        "Normalized Income": -12442500.0,
        "Net Income From Continuing And Discontinued Operation": -27729000.0,
        "Total Expenses": 8842000.0,
        "Total Operating Income As Reported": -28192000.0,
        "Diluted Average Shares": 43096374.0,
        "Basic Average Shares": 43096374.0,
        "Diluted EPS": -0.64,
        "Basic EPS": -0.64,
        "Diluted NI Availto Com Stockholders": -27729000.0,
        "Net Income Common Stockholders": -27729000.0,
        "Net Income": -27729000.0,
        "Net Income Including Noncontrolling Interests": -27729000.0,
        "Net Income Continuous Operations": -27729000.0,
        "Tax Provision": 36000.0,
        "Pretax Income": -27693000.0,
        "Other Income Expense": -19674000.0,
        "Other Non Operating Income Expenses": -324000.0,
        "Special Income Charges": -19350000.0,
        "Impairment Of Capital Assets": 17130000.0,
        "Restructuring And Mergern Acquisition": 2220000.0,
        "Net Non Operating Interest Income Expense": 823000.0,
        "Interest Income Non Operating": 823000.0,
        "Operating Income": -8842000.0,
        "Operating Expense": 8842000.0,
        "Research And Development": 4147000.0,
        "Selling General And Administration": 4695000.0,
        "General And Administrative Expense": 4695000.0,
        "Other Gand A": 4695000.0,
        "Total Revenue": 0.0,
        "Operating Revenue": 0.0
    }
}