{
    "2023-03-31": {
        "Tax Effect Of Unusual Items": NaN,
        "Tax Rate For Calcs": NaN,
        "Normalized EBITDA": NaN,
        "Total Unusual Items": NaN,
        "Total Unusual Items Excluding Goodwill": NaN,
        "Net Income From Continuing Operation Net Minority Interest": NaN,
        "Reconciled Depreciation": NaN,
        "EBITDA": NaN,
        "EBIT": NaN,
        "Net Interest Income": NaN,
        "Interest Expense": NaN,
        "Interest Income": NaN,
        "Normalized Income": NaN,
        "Net Income From Continuing And Discontinued Operation": NaN,
        "Total Expenses": NaN,
        "Diluted Average Shares": NaN,
        "Basic Average Shares": NaN,
        "Diluted EPS": NaN,
        "Basic EPS": NaN,
        "Diluted NI Availto Com Stockholders": NaN,
        "Net Income Common Stockholders": NaN,
        "Otherunder Preferred Stock Dividend": NaN,
        "Net Income": NaN,
        "Net Income Including Noncontrolling Interests": NaN,
        "Net Income Continuous Operations": NaN,
        "Pretax Income": NaN,
        "Other Income Expense": NaN,
        "Other Non Operating Income Expenses": 20427.0,
        "Special Income Charges": 0.0,
        "Gain On Sale Of Security": NaN,
        "Net Non Operating Interest Income Expense": NaN,
        "Interest Expense Non Operating": NaN,
        "Interest Income Non Operating": NaN,
        "Operating Income": NaN,
        "Operating Expense": NaN,
        "Research And Development": NaN,
        "Selling General And Administration": NaN,
        "General And Administrative Expense": NaN,
        "Other Gand A": NaN,
        "Total Revenue": NaN,
        "Operating Revenue": NaN
    },
    "2022-12-31": {
        "Tax Effect Of Unusual Items": NaN,
        "Tax Rate For Calcs": NaN,
        "Normalized EBITDA": NaN,
        "Total Unusual Items": NaN,
        "Total Unusual Items Excluding Goodwill": NaN,
        "Net Income From Continuing Operation Net Minority Interest": NaN,
        "Reconciled Depreciation": NaN,
        "EBITDA": NaN,
        "EBIT": NaN,
        "Net Interest Income": NaN,
        "Interest Expense": 0.0,
        "Interest Income": NaN,
        "Normalized Income": NaN,
        "Net Income From Continuing And Discontinued Operation": NaN,
        "Total Expenses": NaN,
        "Diluted Average Shares": NaN,
        "Basic Average Shares": NaN,
        "Diluted EPS": NaN,
        "Basic EPS": NaN,
        "Diluted NI Availto Com Stockholders": NaN,
        "Net Income Common Stockholders": NaN,
        "Otherunder Preferred Stock Dividend": 0.0,
        "Net Income": NaN,
        "Net Income Including Noncontrolling Interests": NaN,
        "Net Income Continuous Operations": NaN,
        "Pretax Income": NaN,
        "Other Income Expense": NaN,
        "Other Non Operating Income Expenses": 81597.0,
        "Special Income Charges": 0.0,
        "Other Special Charges": 0.0,
        "Gain On Sale Of Security": NaN,
        "Net Non Operating Interest Income Expense": NaN,
        "Interest Expense Non Operating": 0.0,
        "Interest Income Non Operating": NaN,
        "Operating Income": NaN,
        "Operating Expense": NaN,
        "Research And Development": NaN,
        "Selling General And Administration": NaN,
        "General And Administrative Expense": NaN,
        "Other Gand A": NaN,
        "Total Revenue": NaN,
        "Operating Revenue": NaN
    },
    "2022-09-30": {
        "Tax Effect Of Unusual Items": NaN,
        "Tax Rate For Calcs": NaN,
        "Normalized EBITDA": NaN,
        "Total Unusual Items": NaN,
        "Total Unusual Items Excluding Goodwill": NaN,
        "Net Income From Continuing Operation Net Minority Interest": NaN,
        "Reconciled Depreciation": NaN,
        "EBITDA": NaN,
        "EBIT": NaN,
        "Net Interest Income": NaN,
        "Interest Expense": 714081.0,
        "Interest Income": NaN,
        "Normalized Income": NaN,
        "Net Income From Continuing And Discontinued Operation": NaN,
        "Total Expenses": NaN,
        "Diluted Average Shares": NaN,
        "Basic Average Shares": NaN,
        "Diluted EPS": NaN,
        "Basic EPS": NaN,
        "Diluted NI Availto Com Stockholders": NaN,
        "Net Income Common Stockholders": NaN,
        "Otherunder Preferred Stock Dividend": 65266.0,
        "Net Income": NaN,
        "Net Income Including Noncontrolling Interests": NaN,
        "Net Income Continuous Operations": NaN,
        "Pretax Income": NaN,
        "Other Income Expense": NaN,
        "Other Non Operating Income Expenses": -3053.0,
        "Special Income Charges": NaN,
        "Other Special Charges": NaN,
        "Gain On Sale Of Security": NaN,
        "Net Non Operating Interest Income Expense": NaN,
        "Interest Expense Non Operating": 714081.0,
        "Interest Income Non Operating": NaN,
        "Operating Income": NaN,
        "Operating Expense": NaN,
        "Research And Development": NaN,
        "Selling General And Administration": NaN,
        "General And Administrative Expense": NaN,
        "Other Gand A": NaN,
        "Total Revenue": NaN,
        "Operating Revenue": NaN
    },
    "2022-06-30": {
        "Tax Effect Of Unusual Items": 0.0,
        "Tax Rate For Calcs": 0.0,
        "Normalized EBITDA": -2642156.0,
        "Total Unusual Items": 0.0,
        "Total Unusual Items Excluding Goodwill": 0.0,
        "Net Income From Continuing Operation Net Minority Interest": -2668167.0,
        "Reconciled Depreciation": 26011.0,
        "EBITDA": -2642156.0,
        "EBIT": -2668167.0,
        "Net Interest Income": 0.0,
        "Interest Expense": 0.0,
        "Interest Income": NaN,
        "Normalized Income": -2668167.0,
        "Net Income From Continuing And Discontinued Operation": -2668167.0,
        "Total Expenses": 2668167.0,
        "Diluted Average Shares": 5714.0,
        "Basic Average Shares": 5714.0,
        "Diluted EPS": -466.92,
        "Basic EPS": -466.92,
        "Diluted NI Availto Com Stockholders": -2668167.0,
        "Net Income Common Stockholders": -2668167.0,
        "Otherunder Preferred Stock Dividend": NaN,
        "Net Income": -2668167.0,
        "Net Income Including Noncontrolling Interests": -2668167.0,
        "Net Income Continuous Operations": -2668167.0,
        "Pretax Income": -2668167.0,
        "Other Income Expense": NaN,
        "Other Non Operating Income Expenses": NaN,
        "Special Income Charges": 0.0,
        "Other Special Charges": NaN,
        "Gain On Sale Of Security": NaN,
        "Net Non Operating Interest Income Expense": 0.0,
        "Interest Expense Non Operating": 0.0,
        "Interest Income Non Operating": NaN,
        "Operating Income": -2668167.0,
        "Operating Expense": 2668167.0,
        "Research And Development": 726694.0,
        "Selling General And Administration": 1941473.0,
        "General And Administrative Expense": 1941473.0,
        "Other Gand A": 1941473.0,
        "Total Revenue": 0.0,
        "Operating Revenue": 0.0
    },
    "2022-03-31": {
        "Diluted EPS": -2.51,
        "Total Revenue": NaN,
        "Gross Profit": NaN,
        "Operating Income": -2,
        "EBIT": -2,
        "Net Income": -2
    },
    "2021-12-31": {
        "Diluted EPS": -64.37,
        "Total Revenue": NaN,
        "Gross Profit": NaN,
        "Operating Income": -3,
        "EBIT": -3,
        "Net Income": -12
    },
    "2021-09-30": {
        "Diluted EPS": -5.84,
        "Total Revenue": NaN,
        "Gross Profit": NaN,
        "Operating Income": -1,
        "EBIT": -1,
        "Net Income": -1
    },
    "2021-06-30": {
        "Diluted EPS": 18.5,
        "Total Revenue": NaN,
        "Gross Profit": NaN,
        "Operating Income": -1,
        "EBIT": -1,
        "Net Income": -4
    },
    "2021-03-31": {
        "Diluted EPS": -16.25,
        "Total Revenue": NaN,
        "Gross Profit": NaN,
        "Operating Income": -1,
        "EBIT": -1,
        "Net Income": -4
    },
    "2020-12-31": {
        "Diluted EPS": NaN,
        "Total Revenue": NaN,
        "Gross Profit": NaN,
        "Operating Income": 1,
        "EBIT": 1,
        "Net Income": 1
    },
    "2020-09-30": {
        "Diluted EPS": NaN,
        "Total Revenue": NaN,
        "Gross Profit": NaN,
        "Operating Income": 0,
        "EBIT": 0,
        "Net Income": 0
    },
    "2020-06-30": {
        "Diluted EPS": -34.2,
        "Total Revenue": NaN,
        "Gross Profit": NaN,
        "Operating Income": -1,
        "EBIT": -1,
        "Net Income": -3
    },
    "2020-03-31": {
        "Diluted EPS": -10.0,
        "Total Revenue": NaN,
        "Gross Profit": NaN,
        "Operating Income": -1,
        "EBIT": -1,
        "Net Income": -1
    },
    "2019-12-31": {
        "Diluted EPS": -39.43,
        "Total Revenue": NaN,
        "Gross Profit": NaN,
        "Operating Income": -2,
        "EBIT": -2,
        "Net Income": -2
    },
    "2019-09-30": {
        "Diluted EPS": -30.0,
        "Total Revenue": NaN,
        "Gross Profit": NaN,
        "Operating Income": -1,
        "EBIT": -1,
        "Net Income": -1
    },
    "2019-06-30": {
        "Diluted EPS": -5.58,
        "Total Revenue": NaN,
        "Gross Profit": NaN,
        "Operating Income": -2,
        "EBIT": -2,
        "Net Income": 0
    },
    "2019-03-31": {
        "Diluted EPS": -40.0,
        "Total Revenue": NaN,
        "Gross Profit": NaN,
        "Operating Income": -2,
        "EBIT": -2,
        "Net Income": -1
    },
    "2018-12-31": {
        "Diluted EPS": -28.78,
        "Total Revenue": NaN,
        "Gross Profit": NaN,
        "Operating Income": -2,
        "EBIT": -2,
        "Net Income": -1
    },
    "2018-09-30": {
        "Diluted EPS": -71.6,
        "Total Revenue": NaN,
        "Gross Profit": NaN,
        "Operating Income": -2,
        "EBIT": -2,
        "Net Income": -2
    },
    "2018-06-30": {
        "Diluted EPS": -64.63,
        "Total Revenue": NaN,
        "Gross Profit": NaN,
        "Operating Income": -2,
        "EBIT": -2,
        "Net Income": -2
    },
    "2018-03-31": {
        "Diluted EPS": -40.0,
        "Total Revenue": NaN,
        "Gross Profit": NaN,
        "Operating Income": -2,
        "EBIT": -2,
        "Net Income": -1
    },
    "2017-12-31": {
        "Diluted EPS": -20.9,
        "Total Revenue": NaN,
        "Gross Profit": NaN,
        "Operating Income": -2,
        "EBIT": -2,
        "Net Income": -1
    },
    "2017-09-30": {
        "Diluted EPS": -98.43,
        "Total Revenue": NaN,
        "Gross Profit": NaN,
        "Operating Income": -2,
        "EBIT": -2,
        "Net Income": -2
    },
    "2017-06-30": {
        "Diluted EPS": -60.68,
        "Total Revenue": NaN,
        "Gross Profit": NaN,
        "Operating Income": -2,
        "EBIT": -2,
        "Net Income": -1
    },
    "2017-03-31": {
        "Diluted EPS": -185.0,
        "Total Revenue": NaN,
        "Gross Profit": NaN,
        "Operating Income": -1,
        "EBIT": -1,
        "Net Income": -3
    },
    "2016-12-31": {
        "Diluted EPS": 179.5,
        "Total Revenue": NaN,
        "Gross Profit": NaN,
        "Operating Income": -1,
        "EBIT": -1,
        "Net Income": -1
    },
    "2016-09-30": {
        "Diluted EPS": -75.0,
        "Total Revenue": NaN,
        "Gross Profit": NaN,
        "Operating Income": -1,
        "EBIT": -1,
        "Net Income": -1
    },
    "2016-06-30": {
        "Diluted EPS": -50.5,
        "Total Revenue": NaN,
        "Gross Profit": NaN,
        "Operating Income": -1,
        "EBIT": -1,
        "Net Income": -1
    },
    "2016-03-31": {
        "Diluted EPS": -65.0,
        "Total Revenue": NaN,
        "Gross Profit": NaN,
        "Operating Income": -1,
        "EBIT": -1,
        "Net Income": -1
    },
    "2015-12-31": {
        "Diluted EPS": 0.0,
        "Total Revenue": NaN,
        "Gross Profit": NaN,
        "Operating Income": NaN,
        "EBIT": NaN,
        "Net Income": NaN
    },
    "2023-06-30": {
        "Tax Effect Of Unusual Items": NaN,
        "Tax Rate For Calcs": NaN,
        "Normalized EBITDA": NaN,
        "Total Unusual Items": NaN,
        "Total Unusual Items Excluding Goodwill": NaN,
        "Net Income From Continuing Operation Net Minority Interest": NaN,
        "Reconciled Depreciation": NaN,
        "EBITDA": NaN,
        "EBIT": NaN,
        "Net Interest Income": NaN,
        "Interest Expense": NaN,
        "Interest Income": NaN,
        "Normalized Income": NaN,
        "Net Income From Continuing And Discontinued Operation": NaN,
        "Total Expenses": NaN,
        "Diluted Average Shares": NaN,
        "Basic Average Shares": NaN,
        "Diluted EPS": NaN,
        "Basic EPS": NaN,
        "Diluted NI Availto Com Stockholders": NaN,
        "Net Income Common Stockholders": NaN,
        "Otherunder Preferred Stock Dividend": NaN,
        "Net Income": NaN,
        "Net Income Including Noncontrolling Interests": NaN,
        "Net Income Continuous Operations": NaN,
        "Pretax Income": NaN,
        "Other Income Expense": NaN,
        "Other Non Operating Income Expenses": -34472.0,
        "Special Income Charges": 0.0,
        "Gain On Sale Of Security": NaN,
        "Net Non Operating Interest Income Expense": NaN,
        "Interest Expense Non Operating": NaN,
        "Interest Income Non Operating": NaN,
        "Operating Income": NaN,
        "Operating Expense": NaN,
        "Research And Development": NaN,
        "Selling General And Administration": NaN,
        "General And Administrative Expense": NaN,
        "Other Gand A": NaN,
        "Total Revenue": NaN,
        "Operating Revenue": NaN
    },
    "2023-09-30": {
        "Tax Effect Of Unusual Items": 0.0,
        "Tax Rate For Calcs": 0.0,
        "Normalized EBITDA": -2101332.0,
        "Total Unusual Items": 2119.0,
        "Total Unusual Items Excluding Goodwill": 2119.0,
        "Net Income From Continuing Operation Net Minority Interest": -1926679.0,
        "Reconciled Depreciation": 26010.0,
        "EBITDA": -2099213.0,
        "EBIT": -2125223.0,
        "Net Interest Income": 196425.0,
        "Interest Expense": 0.0,
        "Interest Income": 196425.0,
        "Normalized Income": -1928798.0,
        "Net Income From Continuing And Discontinued Operation": -1926679.0,
        "Total Expenses": 2125223.0,
        "Diluted Average Shares": 987220.0,
        "Basic Average Shares": 987220.0,
        "Diluted EPS": -1.95,
        "Basic EPS": -1.95,
        "Diluted NI Availto Com Stockholders": -1926679.0,
        "Net Income Common Stockholders": -1926679.0,
        "Otherunder Preferred Stock Dividend": 0.0,
        "Net Income": -1926679.0,
        "Net Income Including Noncontrolling Interests": -1926679.0,
        "Net Income Continuous Operations": -1926679.0,
        "Pretax Income": -1926679.0,
        "Other Income Expense": 2119.0,
        "Other Non Operating Income Expenses": NaN,
        "Special Income Charges": 0.0,
        "Gain On Sale Of Security": 2119.0,
        "Net Non Operating Interest Income Expense": 196425.0,
        "Interest Expense Non Operating": 0.0,
        "Interest Income Non Operating": 196425.0,
        "Operating Income": -2125223.0,
        "Operating Expense": 2125223.0,
        "Research And Development": 758759.0,
        "Selling General And Administration": 1366464.0,
        "General And Administrative Expense": 1366464.0,
        "Other Gand A": 1366464.0,
        "Total Revenue": 0.0,
        "Operating Revenue": 0.0
    },
    "2023-12-31": {
        "Tax Effect Of Unusual Items": 0.0,
        "Tax Rate For Calcs": 0.0,
        "Normalized EBITDA": -2033447.0,
        "Total Unusual Items": 9243.0,
        "Total Unusual Items Excluding Goodwill": 9243.0,
        "Net Income From Continuing Operation Net Minority Interest": -2049878.0,
        "Reconciled Depreciation": 25674.0,
        "EBITDA": -2024204.0,
        "EBIT": -2049878.0,
        "Net Interest Income": 158546.0,
        "Interest Expense": 0.0,
        "Interest Income": 158546.0,
        "Normalized Income": -2059121.0,
        "Net Income From Continuing And Discontinued Operation": -2049878.0,
        "Total Expenses": 2217667.0,
        "Diluted Average Shares": 987220.0,
        "Basic Average Shares": 987220.0,
        "Diluted EPS": -2.08,
        "Basic EPS": -2.076415,
        "Diluted NI Availto Com Stockholders": -2049878.0,
        "Net Income Common Stockholders": -2049878.0,
        "Otherunder Preferred Stock Dividend": 0.0,
        "Net Income": -2049878.0,
        "Net Income Including Noncontrolling Interests": -2049878.0,
        "Net Income Continuous Operations": -2049878.0,
        "Pretax Income": -2049878.0,
        "Other Income Expense": 9243.0,
        "Other Non Operating Income Expenses": NaN,
        "Special Income Charges": 0.0,
        "Gain On Sale Of Security": 9243.0,
        "Net Non Operating Interest Income Expense": 158546.0,
        "Interest Expense Non Operating": 0.0,
        "Interest Income Non Operating": 158546.0,
        "Operating Income": -2217667.0,
        "Operating Expense": 2217667.0,
        "Research And Development": 832391.0,
        "Selling General And Administration": 1385276.0,
        "General And Administrative Expense": 1385276.0,
        "Other Gand A": 1385276.0,
        "Total Revenue": 0.0,
        "Operating Revenue": 0.0
    },
    "2024-03-31": {
        "Tax Effect Of Unusual Items": 0.0,
        "Tax Rate For Calcs": 0.0,
        "Normalized EBITDA": -2426775.0,
        "Total Unusual Items": -6509.0,
        "Total Unusual Items Excluding Goodwill": -6509.0,
        "Net Income From Continuing Operation Net Minority Interest": -2327280.0,
        "Reconciled Depreciation": 25000.0,
        "EBITDA": -2433284.0,
        "EBIT": -2458284.0,
        "Net Interest Income": 137513.0,
        "Interest Expense": NaN,
        "Interest Income": 137513.0,
        "Normalized Income": -2320771.0,
        "Net Income From Continuing And Discontinued Operation": -2327280.0,
        "Total Expenses": 2458284.0,
        "Diluted Average Shares": 2103292.0,
        "Basic Average Shares": 2103292.0,
        "Diluted EPS": -1.11,
        "Basic EPS": -1.11,
        "Diluted NI Availto Com Stockholders": -2327280.0,
        "Net Income Common Stockholders": -2327280.0,
        "Otherunder Preferred Stock Dividend": NaN,
        "Net Income": -2327280.0,
        "Net Income Including Noncontrolling Interests": -2327280.0,
        "Net Income Continuous Operations": -2327280.0,
        "Pretax Income": -2327280.0,
        "Other Income Expense": -6509.0,
        "Other Non Operating Income Expenses": NaN,
        "Special Income Charges": NaN,
        "Gain On Sale Of Security": -6509.0,
        "Net Non Operating Interest Income Expense": 137513.0,
        "Interest Expense Non Operating": NaN,
        "Interest Income Non Operating": 137513.0,
        "Operating Income": -2458284.0,
        "Operating Expense": 2458284.0,
        "Research And Development": 842832.0,
        "Selling General And Administration": 1615452.0,
        "General And Administrative Expense": 1615452.0,
        "Other Gand A": 1615452.0,
        "Total Revenue": 0.0,
        "Operating Revenue": 0.0
    },
    "2024-06-30": {
        "Tax Effect Of Unusual Items": 0.0,
        "Tax Rate For Calcs": 0.0,
        "Normalized EBITDA": -2109941.0,
        "Total Unusual Items": -2177.0,
        "Total Unusual Items Excluding Goodwill": -2177.0,
        "Net Income From Continuing Operation Net Minority Interest": -1974033.0,
        "Reconciled Depreciation": 25000.0,
        "EBITDA": -2112118.0,
        "EBIT": -2137118.0,
        "Net Interest Income": 165262.0,
        "Interest Expense": NaN,
        "Interest Income": 165262.0,
        "Normalized Income": -1971856.0,
        "Net Income From Continuing And Discontinued Operation": -1974033.0,
        "Total Expenses": 2137118.0,
        "Diluted Average Shares": 5049720.0,
        "Basic Average Shares": 5049720.0,
        "Diluted EPS": -0.39,
        "Basic EPS": -0.39,
        "Diluted NI Availto Com Stockholders": -1974033.0,
        "Net Income Common Stockholders": -1974033.0,
        "Otherunder Preferred Stock Dividend": NaN,
        "Net Income": -1974033.0,
        "Net Income Including Noncontrolling Interests": -1974033.0,
        "Net Income Continuous Operations": -1974033.0,
        "Pretax Income": -1974033.0,
        "Other Income Expense": -2177.0,
        "Other Non Operating Income Expenses": NaN,
        "Special Income Charges": NaN,
        "Gain On Sale Of Security": -2177.0,
        "Net Non Operating Interest Income Expense": 165262.0,
        "Interest Expense Non Operating": NaN,
        "Interest Income Non Operating": 165262.0,
        "Operating Income": -2137118.0,
        "Operating Expense": 2137118.0,
        "Research And Development": 519349.0,
        "Selling General And Administration": 1617769.0,
        "General And Administrative Expense": 1617769.0,
        "Other Gand A": 1617769.0,
        "Total Revenue": 0.0,
        "Operating Revenue": 0.0
    },
    "2024-09-30": {
        "Tax Effect Of Unusual Items": 0.0,
        "Tax Rate For Calcs": 0.0,
        "Normalized EBITDA": -2534731.0,
        "Total Unusual Items": 31729.0,
        "Total Unusual Items Excluding Goodwill": 31729.0,
        "Net Income From Continuing Operation Net Minority Interest": -2349885.0,
        "Reconciled Depreciation": 25000.0,
        "EBITDA": -2503002.0,
        "EBIT": -2528002.0,
        "Net Interest Income": 146388.0,
        "Interest Expense": NaN,
        "Interest Income": 146388.0,
        "Normalized Income": -2381614.0,
        "Net Income From Continuing And Discontinued Operation": -2349885.0,
        "Total Expenses": 2528002.0,
        "Diluted Average Shares": 5049720.0,
        "Basic Average Shares": 5049720.0,
        "Diluted EPS": -0.47,
        "Basic EPS": -0.47,
        "Diluted NI Availto Com Stockholders": -2349885.0,
        "Net Income Common Stockholders": -2349885.0,
        "Otherunder Preferred Stock Dividend": NaN,
        "Net Income": -2349885.0,
        "Net Income Including Noncontrolling Interests": -2349885.0,
        "Net Income Continuous Operations": -2349885.0,
        "Pretax Income": -2349885.0,
        "Other Income Expense": 31729.0,
        "Other Non Operating Income Expenses": NaN,
        "Special Income Charges": NaN,
        "Gain On Sale Of Security": 31729.0,
        "Net Non Operating Interest Income Expense": 146388.0,
        "Interest Expense Non Operating": NaN,
        "Interest Income Non Operating": 146388.0,
        "Operating Income": -2528002.0,
        "Operating Expense": 2528002.0,
        "Research And Development": 1170287.0,
        "Selling General And Administration": 1357715.0,
        "General And Administrative Expense": 1357715.0,
        "Other Gand A": 1357715.0,
        "Total Revenue": 0.0,
        "Operating Revenue": 0.0
    }
}