{
    "2023-03-31": {
        "Tax Effect Of Unusual Items": -6720000.0,
        "Tax Rate For Calcs": 0.21,
        "Normalized EBITDA": 291000000.0,
        "Total Unusual Items": -32000000.0,
        "Total Unusual Items Excluding Goodwill": -32000000.0,
        "Net Income From Continuing Operation Net Minority Interest": 20000000.0,
        "Reconciled Depreciation": 100000000.0,
        "Reconciled Cost Of Revenue": 1809000000.0,
        "EBITDA": 259000000.0,
        "EBIT": 159000000.0,
        "Net Interest Income": -94000000.0,
        "Interest Expense": 94000000.0,
        "Interest Income": NaN,
        "Normalized Income": 45280000.0,
        "Net Income From Continuing And Discontinued Operation": 20000000.0,
        "Total Expenses": 2468000000.0,
        "Total Operating Income As Reported": 176000000.0,
        "Diluted Average Shares": 384000000.0,
        "Basic Average Shares": 383000000.0,
        "Diluted EPS": 0.05,
        "Basic EPS": 0.05,
        "Diluted NI Availto Com Stockholders": 20000000.0,
        "Net Income Common Stockholders": 20000000.0,
        "Net Income": 20000000.0,
        "Minority Interests": -13000000.0,
        "Net Income Including Noncontrolling Interests": 33000000.0,
        "Net Income Continuous Operations": 33000000.0,
        "Tax Provision": 32000000.0,
        "Pretax Income": 65000000.0,
        "Other Income Expense": -17000000.0,
        "Other Non Operating Income Expenses": 15000000.0,
        "Special Income Charges": 15000000.0,
        "Gain On Sale Of Ppe": NaN,
        "Gain On Sale Of Business": NaN,
        "Other Special Charges": -15000000.0,
        "Impairment Of Capital Assets": NaN,
        "Restructuring And Mergern Acquisition": 0.0,
        "Earnings From Equity Interest": NaN,
        "Gain On Sale Of Security": -47000000.0,
        "Net Non Operating Interest Income Expense": -94000000.0,
        "Interest Expense Non Operating": 94000000.0,
        "Interest Income Non Operating": NaN,
        "Operating Income": 176000000.0,
        "Operating Expense": 659000000.0,
        "Other Operating Expenses": 81000000.0,
        "Depreciation Amortization Depletion Income Statement": 100000000.0,
        "Depreciation And Amortization In Income Statement": 100000000.0,
        "Selling General And Administration": 478000000.0,
        "Gross Profit": 835000000.0,
        "Cost Of Revenue": 1809000000.0,
        "Total Revenue": 2644000000.0,
        "Operating Revenue": 2644000000.0
    },
    "2022-12-31": {
        "Tax Effect Of Unusual Items": -215600000.0,
        "Tax Rate For Calcs": 0.4,
        "Normalized EBITDA": 691000000.0,
        "Total Unusual Items": -539000000.0,
        "Total Unusual Items Excluding Goodwill": -539000000.0,
        "Net Income From Continuing Operation Net Minority Interest": -51000000.0,
        "Reconciled Depreciation": 110000000.0,
        "Reconciled Cost Of Revenue": 2532000000.0,
        "EBITDA": 152000000.0,
        "EBIT": 42000000.0,
        "Net Interest Income": -113000000.0,
        "Interest Expense": 113000000.0,
        "Interest Income": NaN,
        "Normalized Income": 272400000.0,
        "Net Income From Continuing And Discontinued Operation": -51000000.0,
        "Total Expenses": 2933000000.0,
        "Total Operating Income As Reported": 42000000.0,
        "Diluted Average Shares": 383000000.0,
        "Basic Average Shares": 380000000.0,
        "Diluted EPS": -0.14,
        "Basic EPS": -0.14,
        "Diluted NI Availto Com Stockholders": -51000000.0,
        "Net Income Common Stockholders": -51000000.0,
        "Net Income": -51000000.0,
        "Minority Interests": -21000000.0,
        "Net Income Including Noncontrolling Interests": -30000000.0,
        "Net Income Continuous Operations": -30000000.0,
        "Tax Provision": -41000000.0,
        "Pretax Income": -71000000.0,
        "Other Income Expense": -551000000.0,
        "Other Non Operating Income Expenses": -12000000.0,
        "Special Income Charges": -551000000.0,
        "Gain On Sale Of Ppe": NaN,
        "Gain On Sale Of Business": NaN,
        "Other Special Charges": NaN,
        "Impairment Of Capital Assets": 0.0,
        "Restructuring And Mergern Acquisition": 31000000.0,
        "Earnings From Equity Interest": 0.0,
        "Gain On Sale Of Security": 12000000.0,
        "Net Non Operating Interest Income Expense": -113000000.0,
        "Interest Expense Non Operating": 113000000.0,
        "Interest Income Non Operating": NaN,
        "Operating Income": 593000000.0,
        "Operating Expense": 401000000.0,
        "Other Operating Expenses": -284000000.0,
        "Depreciation Amortization Depletion Income Statement": 110000000.0,
        "Depreciation And Amortization In Income Statement": 110000000.0,
        "Selling General And Administration": 575000000.0,
        "Gross Profit": 994000000.0,
        "Cost Of Revenue": 2532000000.0,
        "Total Revenue": 3526000000.0,
        "Operating Revenue": 3526000000.0
    },
    "2022-09-30": {
        "Tax Effect Of Unusual Items": -1071200000.0,
        "Tax Rate For Calcs": 0.4,
        "Normalized EBITDA": 243000000.0,
        "Total Unusual Items": -2678000000.0,
        "Total Unusual Items Excluding Goodwill": -2678000000.0,
        "Net Income From Continuing Operation Net Minority Interest": -2747000000.0,
        "Reconciled Depreciation": 107000000.0,
        "Reconciled Cost Of Revenue": 1905000000.0,
        "EBITDA": -2435000000.0,
        "EBIT": -2542000000.0,
        "Net Interest Income": -107000000.0,
        "Interest Expense": 107000000.0,
        "Interest Income": NaN,
        "Normalized Income": -1140200000.0,
        "Net Income From Continuing And Discontinued Operation": -2747000000.0,
        "Total Expenses": 2681000000.0,
        "Total Operating Income As Reported": -2607000000.0,
        "Diluted Average Shares": 382000000.0,
        "Basic Average Shares": 381000000.0,
        "Diluted EPS": -7.21,
        "Basic EPS": -7.21,
        "Diluted NI Availto Com Stockholders": -2747000000.0,
        "Net Income Common Stockholders": -2747000000.0,
        "Net Income": -2747000000.0,
        "Minority Interests": -11000000.0,
        "Net Income Including Noncontrolling Interests": -2736000000.0,
        "Net Income Continuous Operations": -2736000000.0,
        "Tax Provision": 87000000.0,
        "Pretax Income": -2649000000.0,
        "Other Income Expense": -2605000000.0,
        "Other Non Operating Income Expenses": 73000000.0,
        "Special Income Charges": -2670000000.0,
        "Gain On Sale Of Ppe": 277000000.0,
        "Gain On Sale Of Business": NaN,
        "Other Special Charges": NaN,
        "Impairment Of Capital Assets": 3081000000.0,
        "Restructuring And Mergern Acquisition": -134000000.0,
        "Earnings From Equity Interest": 0.0,
        "Gain On Sale Of Security": -8000000.0,
        "Net Non Operating Interest Income Expense": -107000000.0,
        "Interest Expense Non Operating": 107000000.0,
        "Interest Income Non Operating": NaN,
        "Operating Income": 63000000.0,
        "Operating Expense": 776000000.0,
        "Other Operating Expenses": 205000000.0,
        "Depreciation Amortization Depletion Income Statement": 107000000.0,
        "Depreciation And Amortization In Income Statement": 107000000.0,
        "Selling General And Administration": 464000000.0,
        "Gross Profit": 839000000.0,
        "Cost Of Revenue": 1905000000.0,
        "Total Revenue": 2744000000.0,
        "Operating Revenue": 2744000000.0
    },
    "2022-06-30": {
        "Tax Effect Of Unusual Items": 85513196.480938,
        "Tax Rate For Calcs": 0.351906,
        "Normalized EBITDA": 351000000.0,
        "Total Unusual Items": 243000000.0,
        "Total Unusual Items Excluding Goodwill": 243000000.0,
        "Net Income From Continuing Operation Net Minority Interest": 203000000.0,
        "Reconciled Depreciation": 134000000.0,
        "Reconciled Cost Of Revenue": 1978000000.0,
        "EBITDA": 594000000.0,
        "EBIT": 460000000.0,
        "Net Interest Income": -119000000.0,
        "Interest Expense": 119000000.0,
        "Normalized Income": 45513196.480938,
        "Net Income From Continuing And Discontinued Operation": 203000000.0,
        "Total Expenses": 2771000000.0,
        "Total Operating Income As Reported": 418000000.0,
        "Diluted Average Shares": 382000000.0,
        "Basic Average Shares": 381000000.0,
        "Diluted EPS": 0.53,
        "Basic EPS": 0.53,
        "Diluted NI Availto Com Stockholders": 203000000.0,
        "Net Income Common Stockholders": 203000000.0,
        "Net Income": 203000000.0,
        "Minority Interests": -18000000.0,
        "Net Income Including Noncontrolling Interests": 221000000.0,
        "Net Income Continuous Operations": 221000000.0,
        "Tax Provision": 120000000.0,
        "Pretax Income": 341000000.0,
        "Other Income Expense": 278000000.0,
        "Other Non Operating Income Expenses": 35000000.0,
        "Special Income Charges": 236000000.0,
        "Gain On Sale Of Ppe": 243000000.0,
        "Gain On Sale Of Business": NaN,
        "Other Special Charges": NaN,
        "Impairment Of Capital Assets": NaN,
        "Restructuring And Mergern Acquisition": 7000000.0,
        "Earnings From Equity Interest": 0.0,
        "Gain On Sale Of Security": 7000000.0,
        "Net Non Operating Interest Income Expense": -119000000.0,
        "Interest Expense Non Operating": 119000000.0,
        "Operating Income": 182000000.0,
        "Operating Expense": 793000000.0,
        "Other Operating Expenses": 198000000.0,
        "Depreciation Amortization Depletion Income Statement": 134000000.0,
        "Depreciation And Amortization In Income Statement": 134000000.0,
        "Selling General And Administration": 461000000.0,
        "Gross Profit": 975000000.0,
        "Cost Of Revenue": 1978000000.0,
        "Total Revenue": 2953000000.0,
        "Operating Revenue": 2953000000.0
    },
    "2022-03-31": {
        "Diluted EPS": 0.0,
        "Total Revenue": NaN,
        "Gross Profit": 881,
        "Operating Income": 106,
        "EBIT": 236,
        "Net Income": 1
    },
    "2021-12-31": {
        "Diluted EPS": -0.5,
        "Total Revenue": NaN,
        "Gross Profit": NaN,
        "Operating Income": 7,
        "EBIT": 148,
        "Net Income": -215
    },
    "2021-09-30": {
        "Diluted EPS": 0.31,
        "Total Revenue": NaN,
        "Gross Profit": NaN,
        "Operating Income": 274,
        "EBIT": 413,
        "Net Income": 127
    },
    "2021-06-30": {
        "Diluted EPS": 0.52,
        "Total Revenue": NaN,
        "Gross Profit": NaN,
        "Operating Income": 433,
        "EBIT": 562,
        "Net Income": 222
    },
    "2021-03-31": {
        "Diluted EPS": 0.49,
        "Total Revenue": NaN,
        "Gross Profit": NaN,
        "Operating Income": 373,
        "EBIT": 501,
        "Net Income": 206
    },
    "2020-12-31": {
        "Diluted EPS": -0.05,
        "Total Revenue": NaN,
        "Gross Profit": 987,
        "Operating Income": 231,
        "EBIT": 366,
        "Net Income": -20
    },
    "2020-09-30": {
        "Diluted EPS": 0.8,
        "Total Revenue": NaN,
        "Gross Profit": NaN,
        "Operating Income": 406,
        "EBIT": 547,
        "Net Income": 338
    },
    "2020-06-30": {
        "Diluted EPS": 0.53,
        "Total Revenue": NaN,
        "Gross Profit": NaN,
        "Operating Income": 405,
        "EBIT": 549,
        "Net Income": 220
    },
    "2020-03-31": {
        "Diluted EPS": -0.05,
        "Total Revenue": NaN,
        "Gross Profit": 987,
        "Operating Income": 231,
        "EBIT": 373,
        "Net Income": -20
    },
    "2019-12-31": {
        "Diluted EPS": 0.36,
        "Total Revenue": NaN,
        "Gross Profit": NaN,
        "Operating Income": 287,
        "EBIT": 436,
        "Net Income": 141
    },
    "2019-09-30": {
        "Diluted EPS": -1.85,
        "Total Revenue": NaN,
        "Gross Profit": NaN,
        "Operating Income": -727,
        "EBIT": -581,
        "Net Income": -770
    },
    "2019-06-30": {
        "Diluted EPS": 0.28,
        "Total Revenue": NaN,
        "Gross Profit": NaN,
        "Operating Income": 336,
        "EBIT": 494,
        "Net Income": 118
    },
    "2019-03-31": {
        "Diluted EPS": 0.13,
        "Total Revenue": NaN,
        "Gross Profit": NaN,
        "Operating Income": 288,
        "EBIT": 441,
        "Net Income": 55
    },
    "2018-12-31": {
        "Diluted EPS": 0.73,
        "Total Revenue": NaN,
        "Gross Profit": NaN,
        "Operating Income": 435,
        "EBIT": 583,
        "Net Income": 273
    },
    "2018-09-30": {
        "Diluted EPS": 0.16,
        "Total Revenue": NaN,
        "Gross Profit": NaN,
        "Operating Income": 237,
        "EBIT": 404,
        "Net Income": 72
    },
    "2018-06-30": {
        "Diluted EPS": 0.4,
        "Total Revenue": NaN,
        "Gross Profit": NaN,
        "Operating Income": 358,
        "EBIT": 517,
        "Net Income": 187
    },
    "2018-03-31": {
        "Diluted EPS": 0.68,
        "Total Revenue": NaN,
        "Gross Profit": NaN,
        "Operating Income": 294,
        "EBIT": 457,
        "Net Income": 384
    },
    "2017-12-31": {
        "Diluted EPS": 2.75,
        "Total Revenue": NaN,
        "Gross Profit": NaN,
        "Operating Income": 368,
        "EBIT": 499,
        "Net Income": NaN
    },
    "2017-09-30": {
        "Diluted EPS": 0.55,
        "Total Revenue": NaN,
        "Gross Profit": 827,
        "Operating Income": 208,
        "EBIT": 388,
        "Net Income": 296
    },
    "2017-06-30": {
        "Diluted EPS": 0.32,
        "Total Revenue": NaN,
        "Gross Profit": 858,
        "Operating Income": 254,
        "EBIT": 460,
        "Net Income": 175
    },
    "2017-03-31": {
        "Diluted EPS": 0.94,
        "Total Revenue": NaN,
        "Gross Profit": 822,
        "Operating Income": 213,
        "EBIT": 421,
        "Net Income": 507
    },
    "2016-12-31": {
        "Diluted EPS": 0.54,
        "Total Revenue": NaN,
        "Gross Profit": NaN,
        "Operating Income": 372,
        "EBIT": 583,
        "Net Income": 319
    },
    "2016-09-30": {
        "Diluted EPS": 0.75,
        "Total Revenue": NaN,
        "Gross Profit": 837,
        "Operating Income": 157,
        "EBIT": 382,
        "Net Income": 469
    },
    "2016-06-30": {
        "Diluted EPS": 0.6,
        "Total Revenue": NaN,
        "Gross Profit": 942,
        "Operating Income": 250,
        "EBIT": 471,
        "Net Income": 379
    },
    "2016-03-31": {
        "Diluted EPS": 0.11,
        "Total Revenue": NaN,
        "Gross Profit": 884,
        "Operating Income": 189,
        "EBIT": 406,
        "Net Income": 68
    },
    "2015-12-31": {
        "Diluted EPS": 0.38,
        "Total Revenue": NaN,
        "Gross Profit": NaN,
        "Operating Income": 364,
        "EBIT": 588,
        "Net Income": 294
    },
    "2015-09-30": {
        "Diluted EPS": 0.31,
        "Total Revenue": NaN,
        "Gross Profit": 795,
        "Operating Income": 247,
        "EBIT": 397,
        "Net Income": 190
    },
    "2015-06-30": {
        "Diluted EPS": 0.39,
        "Total Revenue": NaN,
        "Gross Profit": 843,
        "Operating Income": 269,
        "EBIT": 430,
        "Net Income": 242
    },
    "2015-03-31": {
        "Diluted EPS": 0.31,
        "Total Revenue": NaN,
        "Gross Profit": 799,
        "Operating Income": 236,
        "EBIT": 404,
        "Net Income": 143
    },
    "2014-12-31": {
        "Diluted EPS": 0.46,
        "Total Revenue": NaN,
        "Gross Profit": NaN,
        "Operating Income": 444,
        "EBIT": 620,
        "Net Income": 258
    },
    "2014-09-30": {
        "Diluted EPS": 0.17,
        "Total Revenue": NaN,
        "Gross Profit": 842,
        "Operating Income": 239,
        "EBIT": 405,
        "Net Income": 120
    },
    "2014-06-30": {
        "Diluted EPS": 0.21,
        "Total Revenue": NaN,
        "Gross Profit": 925,
        "Operating Income": 259,
        "EBIT": 423,
        "Net Income": 77
    },
    "2014-03-31": {
        "Diluted EPS": 0.22,
        "Total Revenue": NaN,
        "Gross Profit": 878,
        "Operating Income": 246,
        "EBIT": 409,
        "Net Income": 82
    },
    "2013-12-31": {
        "Diluted EPS": 0.29,
        "Total Revenue": NaN,
        "Gross Profit": 647,
        "Operating Income": 384,
        "EBIT": 550,
        "Net Income": 241
    },
    "2013-09-30": {
        "Diluted EPS": 0.15,
        "Total Revenue": NaN,
        "Gross Profit": 802,
        "Operating Income": 197,
        "EBIT": 193,
        "Net Income": 113
    },
    "2013-06-30": {
        "Diluted EPS": 0.21,
        "Total Revenue": NaN,
        "Gross Profit": NaN,
        "Operating Income": 284,
        "EBIT": 521,
        "Net Income": 120
    },
    "2013-03-31": {
        "Diluted EPS": 0.18,
        "Total Revenue": NaN,
        "Gross Profit": NaN,
        "Operating Income": 271,
        "EBIT": 501,
        "Net Income": 27
    },
    "2012-12-31": {
        "Diluted EPS": -0.12,
        "Total Revenue": NaN,
        "Gross Profit": NaN,
        "Operating Income": 426,
        "EBIT": 580,
        "Net Income": NaN
    },
    "2012-09-30": {
        "Diluted EPS": -0.08,
        "Total Revenue": NaN,
        "Gross Profit": 789,
        "Operating Income": 189,
        "EBIT": 336,
        "Net Income": -41
    },
    "2012-06-30": {
        "Diluted EPS": 0.42,
        "Total Revenue": NaN,
        "Gross Profit": 877,
        "Operating Income": 290,
        "EBIT": 437,
        "Net Income": 234
    },
    "2012-03-31": {
        "Diluted EPS": 0.16,
        "Total Revenue": NaN,
        "Gross Profit": 848,
        "Operating Income": 258,
        "EBIT": 401,
        "Net Income": 91
    },
    "2011-12-31": {
        "Diluted EPS": 0.5,
        "Total Revenue": NaN,
        "Gross Profit": NaN,
        "Operating Income": 408,
        "EBIT": 601,
        "Net Income": 285
    },
    "2011-09-30": {
        "Diluted EPS": 0.0,
        "Total Revenue": NaN,
        "Gross Profit": 769,
        "Operating Income": 224,
        "EBIT": 375,
        "Net Income": -19
    },
    "2011-06-30": {
        "Diluted EPS": 0.3,
        "Total Revenue": NaN,
        "Gross Profit": 847,
        "Operating Income": 288,
        "EBIT": 436,
        "Net Income": 257
    },
    "2011-03-31": {
        "Diluted EPS": 0.07,
        "Total Revenue": NaN,
        "Gross Profit": 782,
        "Operating Income": 213,
        "EBIT": 362,
        "Net Income": 389
    },
    "2010-12-31": {
        "Diluted EPS": 0.53,
        "Total Revenue": NaN,
        "Gross Profit": NaN,
        "Operating Income": 396,
        "EBIT": 546,
        "Net Income": NaN
    },
    "2010-09-30": {
        "Diluted EPS": 0.3,
        "Total Revenue": NaN,
        "Gross Profit": 714,
        "Operating Income": 220,
        "EBIT": 361,
        "Net Income": 179
    },
    "2010-06-30": {
        "Diluted EPS": 0.1,
        "Total Revenue": NaN,
        "Gross Profit": 769,
        "Operating Income": 274,
        "EBIT": 413,
        "Net Income": 58
    },
    "2010-03-31": {
        "Diluted EPS": 0.51,
        "Total Revenue": NaN,
        "Gross Profit": 731,
        "Operating Income": 218,
        "EBIT": 359,
        "Net Income": 310
    },
    "2009-12-31": {
        "Diluted EPS": 0.33,
        "Total Revenue": NaN,
        "Gross Profit": 952,
        "Operating Income": 397,
        "EBIT": 542,
        "Net Income": NaN
    },
    "2009-09-30": {
        "Diluted EPS": -0.01,
        "Total Revenue": NaN,
        "Gross Profit": 645,
        "Operating Income": 194,
        "EBIT": 333,
        "Net Income": -6
    },
    "2009-06-30": {
        "Diluted EPS": 0.21,
        "Total Revenue": NaN,
        "Gross Profit": 728,
        "Operating Income": 266,
        "EBIT": 401,
        "Net Income": 128
    },
    "2009-03-31": {
        "Diluted EPS": -0.1,
        "Total Revenue": NaN,
        "Gross Profit": 648,
        "Operating Income": 184,
        "EBIT": 331,
        "Net Income": -57
    },
    "2023-06-30": {
        "Tax Effect Of Unusual Items": 52086486.486486,
        "Tax Rate For Calcs": 0.356757,
        "Normalized EBITDA": 266000000.0,
        "Total Unusual Items": 146000000.0,
        "Total Unusual Items Excluding Goodwill": 146000000.0,
        "Net Income From Continuing Operation Net Minority Interest": 107000000.0,
        "Reconciled Depreciation": 104000000.0,
        "Reconciled Cost Of Revenue": 1734000000.0,
        "EBITDA": 412000000.0,
        "EBIT": 308000000.0,
        "Net Interest Income": -123000000.0,
        "Interest Expense": 123000000.0,
        "Interest Income": NaN,
        "Normalized Income": 13086486.486486,
        "Net Income From Continuing And Discontinued Operation": 107000000.0,
        "Total Expenses": 2497000000.0,
        "Total Operating Income As Reported": 366000000.0,
        "Diluted Average Shares": 389000000.0,
        "Basic Average Shares": 388000000.0,
        "Diluted EPS": 0.28,
        "Basic EPS": 0.28,
        "Diluted NI Availto Com Stockholders": 107000000.0,
        "Net Income Common Stockholders": 107000000.0,
        "Net Income": 107000000.0,
        "Minority Interests": -12000000.0,
        "Net Income Including Noncontrolling Interests": 119000000.0,
        "Net Income Continuous Operations": 119000000.0,
        "Tax Provision": 66000000.0,
        "Pretax Income": 185000000.0,
        "Other Income Expense": 156000000.0,
        "Other Non Operating Income Expenses": 10000000.0,
        "Special Income Charges": 179000000.0,
        "Gain On Sale Of Ppe": 6000000.0,
        "Gain On Sale Of Business": -64000000.0,
        "Other Special Charges": -29000000.0,
        "Impairment Of Capital Assets": NaN,
        "Restructuring And Mergern Acquisition": -208000000.0,
        "Earnings From Equity Interest": NaN,
        "Gain On Sale Of Security": -33000000.0,
        "Net Non Operating Interest Income Expense": -123000000.0,
        "Interest Expense Non Operating": 123000000.0,
        "Interest Income Non Operating": NaN,
        "Operating Income": 152000000.0,
        "Operating Expense": 763000000.0,
        "Other Operating Expenses": 193000000.0,
        "Depreciation Amortization Depletion Income Statement": 104000000.0,
        "Depreciation And Amortization In Income Statement": 104000000.0,
        "Selling General And Administration": 466000000.0,
        "Gross Profit": 915000000.0,
        "Cost Of Revenue": 1734000000.0,
        "Total Revenue": 2649000000.0,
        "Operating Revenue": 2649000000.0
    },
    "2023-09-30": {
        "Tax Effect Of Unusual Items": -6930000.0,
        "Tax Rate For Calcs": 0.21,
        "Normalized EBITDA": 290000000.0,
        "Total Unusual Items": -33000000.0,
        "Total Unusual Items Excluding Goodwill": -33000000.0,
        "Net Income From Continuing Operation Net Minority Interest": 1000000.0,
        "Reconciled Depreciation": 105000000.0,
        "Reconciled Cost Of Revenue": 1603000000.0,
        "EBITDA": 257000000.0,
        "EBIT": 152000000.0,
        "Net Interest Income": -105000000.0,
        "Interest Expense": 119000000.0,
        "Interest Income": 14000000.0,
        "Normalized Income": 27070000.0,
        "Net Income From Continuing And Discontinued Operation": 1000000.0,
        "Total Expenses": 2309000000.0,
        "Total Operating Income As Reported": 151000000.0,
        "Diluted Average Shares": 389000000.0,
        "Basic Average Shares": 388000000.0,
        "Diluted EPS": 0.002571,
        "Basic EPS": 0.002577,
        "Diluted NI Availto Com Stockholders": 1000000.0,
        "Net Income Common Stockholders": 1000000.0,
        "Net Income": 1000000.0,
        "Minority Interests": -11000000.0,
        "Net Income Including Noncontrolling Interests": 12000000.0,
        "Net Income Continuous Operations": 12000000.0,
        "Tax Provision": 21000000.0,
        "Pretax Income": 33000000.0,
        "Other Income Expense": -32000000.0,
        "Other Non Operating Income Expenses": 1000000.0,
        "Special Income Charges": -18000000.0,
        "Gain On Sale Of Ppe": 0.0,
        "Gain On Sale Of Business": 0.0,
        "Other Special Charges": -1000000.0,
        "Impairment Of Capital Assets": 0.0,
        "Restructuring And Mergern Acquisition": 19000000.0,
        "Earnings From Equity Interest": NaN,
        "Gain On Sale Of Security": -15000000.0,
        "Net Non Operating Interest Income Expense": -105000000.0,
        "Interest Expense Non Operating": 119000000.0,
        "Interest Income Non Operating": 14000000.0,
        "Operating Income": 170000000.0,
        "Operating Expense": 706000000.0,
        "Other Operating Expenses": 186000000.0,
        "Depreciation Amortization Depletion Income Statement": 105000000.0,
        "Depreciation And Amortization In Income Statement": 105000000.0,
        "Selling General And Administration": 415000000.0,
        "Gross Profit": 876000000.0,
        "Cost Of Revenue": 1603000000.0,
        "Total Revenue": 2479000000.0,
        "Operating Revenue": 2479000000.0
    }
}