{
    "2023-03-31": {
        "Tax Effect Of Unusual Items": NaN,
        "Tax Rate For Calcs": NaN,
        "Normalized EBITDA": NaN,
        "Total Unusual Items": NaN,
        "Total Unusual Items Excluding Goodwill": NaN,
        "Net Income From Continuing Operation Net Minority Interest": NaN,
        "Reconciled Depreciation": NaN,
        "Reconciled Cost Of Revenue": NaN,
        "EBITDA": NaN,
        "EBIT": NaN,
        "Net Interest Income": NaN,
        "Interest Expense": NaN,
        "Interest Income": NaN,
        "Normalized Income": NaN,
        "Net Income From Continuing And Discontinued Operation": NaN,
        "Total Expenses": NaN,
        "Total Operating Income As Reported": NaN,
        "Diluted Average Shares": NaN,
        "Basic Average Shares": NaN,
        "Diluted EPS": NaN,
        "Basic EPS": NaN,
        "Diluted NI Availto Com Stockholders": NaN,
        "Net Income Common Stockholders": NaN,
        "Net Income": NaN,
        "Minority Interests": NaN,
        "Net Income Including Noncontrolling Interests": NaN,
        "Net Income Continuous Operations": NaN,
        "Tax Provision": NaN,
        "Pretax Income": NaN,
        "Other Income Expense": NaN,
        "Other Non Operating Income Expenses": NaN,
        "Special Income Charges": NaN,
        "Gain On Sale Of Ppe": NaN,
        "Gain On Sale Of Business": NaN,
        "Other Special Charges": -15000000.0,
        "Impairment Of Capital Assets": NaN,
        "Restructuring And Mergern Acquisition": NaN,
        "Gain On Sale Of Security": NaN,
        "Net Non Operating Interest Income Expense": NaN,
        "Interest Expense Non Operating": NaN,
        "Interest Income Non Operating": NaN,
        "Operating Income": NaN,
        "Operating Expense": NaN,
        "Other Operating Expenses": NaN,
        "Depreciation Amortization Depletion Income Statement": NaN,
        "Depreciation And Amortization In Income Statement": NaN,
        "Selling General And Administration": NaN,
        "Gross Profit": NaN,
        "Cost Of Revenue": NaN,
        "Total Revenue": NaN,
        "Operating Revenue": NaN
    },
    "2022-12-31": {
        "Tax Effect Of Unusual Items": NaN,
        "Tax Rate For Calcs": NaN,
        "Normalized EBITDA": NaN,
        "Total Unusual Items": NaN,
        "Total Unusual Items Excluding Goodwill": NaN,
        "Net Income From Continuing Operation Net Minority Interest": NaN,
        "Reconciled Depreciation": NaN,
        "Reconciled Cost Of Revenue": NaN,
        "EBITDA": NaN,
        "EBIT": NaN,
        "Net Interest Income": NaN,
        "Interest Expense": NaN,
        "Interest Income": NaN,
        "Normalized Income": NaN,
        "Net Income From Continuing And Discontinued Operation": NaN,
        "Total Expenses": NaN,
        "Total Operating Income As Reported": NaN,
        "Diluted Average Shares": NaN,
        "Basic Average Shares": NaN,
        "Diluted EPS": NaN,
        "Basic EPS": NaN,
        "Diluted NI Availto Com Stockholders": NaN,
        "Net Income Common Stockholders": NaN,
        "Net Income": NaN,
        "Minority Interests": NaN,
        "Net Income Including Noncontrolling Interests": NaN,
        "Net Income Continuous Operations": NaN,
        "Tax Provision": NaN,
        "Pretax Income": NaN,
        "Other Income Expense": NaN,
        "Other Non Operating Income Expenses": NaN,
        "Special Income Charges": NaN,
        "Gain On Sale Of Ppe": NaN,
        "Gain On Sale Of Business": NaN,
        "Other Special Charges": NaN,
        "Impairment Of Capital Assets": 0.0,
        "Restructuring And Mergern Acquisition": NaN,
        "Earnings From Equity Interest": 0.0,
        "Gain On Sale Of Security": NaN,
        "Net Non Operating Interest Income Expense": NaN,
        "Interest Expense Non Operating": NaN,
        "Interest Income Non Operating": NaN,
        "Operating Income": NaN,
        "Operating Expense": NaN,
        "Other Operating Expenses": NaN,
        "Depreciation Amortization Depletion Income Statement": NaN,
        "Depreciation And Amortization In Income Statement": NaN,
        "Selling General And Administration": NaN,
        "Gross Profit": NaN,
        "Cost Of Revenue": NaN,
        "Total Revenue": NaN,
        "Operating Revenue": NaN
    },
    "2022-09-30": {
        "Tax Effect Of Unusual Items": NaN,
        "Tax Rate For Calcs": NaN,
        "Normalized EBITDA": NaN,
        "Total Unusual Items": NaN,
        "Total Unusual Items Excluding Goodwill": NaN,
        "Net Income From Continuing Operation Net Minority Interest": NaN,
        "Reconciled Depreciation": NaN,
        "Reconciled Cost Of Revenue": NaN,
        "EBITDA": NaN,
        "EBIT": NaN,
        "Net Interest Income": NaN,
        "Interest Expense": NaN,
        "Interest Income": 2000000.0,
        "Normalized Income": NaN,
        "Net Income From Continuing And Discontinued Operation": NaN,
        "Total Expenses": NaN,
        "Total Operating Income As Reported": NaN,
        "Diluted Average Shares": 382000000.0,
        "Basic Average Shares": 381000000.0,
        "Diluted EPS": -7.21,
        "Basic EPS": -7.21,
        "Diluted NI Availto Com Stockholders": NaN,
        "Net Income Common Stockholders": NaN,
        "Net Income": NaN,
        "Minority Interests": NaN,
        "Net Income Including Noncontrolling Interests": NaN,
        "Net Income Continuous Operations": NaN,
        "Tax Provision": NaN,
        "Pretax Income": NaN,
        "Other Income Expense": NaN,
        "Other Non Operating Income Expenses": NaN,
        "Special Income Charges": NaN,
        "Gain On Sale Of Ppe": NaN,
        "Gain On Sale Of Business": 0.0,
        "Other Special Charges": -14000000.0,
        "Impairment Of Capital Assets": 3081000000.0,
        "Restructuring And Mergern Acquisition": NaN,
        "Earnings From Equity Interest": 0.0,
        "Gain On Sale Of Security": NaN,
        "Net Non Operating Interest Income Expense": NaN,
        "Interest Expense Non Operating": NaN,
        "Interest Income Non Operating": 2000000.0,
        "Operating Income": NaN,
        "Operating Expense": NaN,
        "Other Operating Expenses": NaN,
        "Depreciation Amortization Depletion Income Statement": NaN,
        "Depreciation And Amortization In Income Statement": NaN,
        "Selling General And Administration": NaN,
        "Gross Profit": NaN,
        "Cost Of Revenue": NaN,
        "Total Revenue": NaN,
        "Operating Revenue": NaN
    },
    "2022-06-30": {
        "Tax Effect Of Unusual Items": 85513196.480938,
        "Tax Rate For Calcs": 0.351906,
        "Normalized EBITDA": 351000000.0,
        "Total Unusual Items": 243000000.0,
        "Total Unusual Items Excluding Goodwill": 243000000.0,
        "Net Income From Continuing Operation Net Minority Interest": 203000000.0,
        "Reconciled Depreciation": 134000000.0,
        "Reconciled Cost Of Revenue": 1978000000.0,
        "EBITDA": 594000000.0,
        "EBIT": 460000000.0,
        "Net Interest Income": -119000000.0,
        "Interest Expense": 119000000.0,
        "Normalized Income": 45513196.480938,
        "Net Income From Continuing And Discontinued Operation": 203000000.0,
        "Total Expenses": 2771000000.0,
        "Total Operating Income As Reported": 418000000.0,
        "Diluted Average Shares": 382000000.0,
        "Basic Average Shares": 381000000.0,
        "Diluted EPS": 0.53,
        "Basic EPS": 0.53,
        "Diluted NI Availto Com Stockholders": 203000000.0,
        "Net Income Common Stockholders": 203000000.0,
        "Net Income": 203000000.0,
        "Minority Interests": -18000000.0,
        "Net Income Including Noncontrolling Interests": 221000000.0,
        "Net Income Continuous Operations": 221000000.0,
        "Tax Provision": 120000000.0,
        "Pretax Income": 341000000.0,
        "Other Income Expense": 278000000.0,
        "Other Non Operating Income Expenses": 35000000.0,
        "Special Income Charges": 236000000.0,
        "Gain On Sale Of Ppe": 243000000.0,
        "Gain On Sale Of Business": NaN,
        "Other Special Charges": NaN,
        "Impairment Of Capital Assets": NaN,
        "Restructuring And Mergern Acquisition": 7000000.0,
        "Earnings From Equity Interest": 0.0,
        "Gain On Sale Of Security": 7000000.0,
        "Net Non Operating Interest Income Expense": -119000000.0,
        "Interest Expense Non Operating": 119000000.0,
        "Operating Income": 182000000.0,
        "Operating Expense": 793000000.0,
        "Other Operating Expenses": 198000000.0,
        "Depreciation Amortization Depletion Income Statement": 134000000.0,
        "Depreciation And Amortization In Income Statement": 134000000.0,
        "Selling General And Administration": 461000000.0,
        "Gross Profit": 975000000.0,
        "Cost Of Revenue": 1978000000.0,
        "Total Revenue": 2953000000.0,
        "Operating Revenue": 2953000000.0
    },
    "2022-03-31": {
        "Diluted EPS": 0.0,
        "Total Revenue": NaN,
        "Gross Profit": 881,
        "Operating Income": 106,
        "EBIT": 236,
        "Net Income": 1
    },
    "2021-12-31": {
        "Diluted EPS": -0.5,
        "Total Revenue": NaN,
        "Gross Profit": NaN,
        "Operating Income": 7,
        "EBIT": 148,
        "Net Income": -215
    },
    "2021-09-30": {
        "Diluted EPS": 0.31,
        "Total Revenue": NaN,
        "Gross Profit": NaN,
        "Operating Income": 274,
        "EBIT": 413,
        "Net Income": 127
    },
    "2021-06-30": {
        "Diluted EPS": 0.52,
        "Total Revenue": NaN,
        "Gross Profit": NaN,
        "Operating Income": 433,
        "EBIT": 562,
        "Net Income": 222
    },
    "2021-03-31": {
        "Diluted EPS": 0.49,
        "Total Revenue": NaN,
        "Gross Profit": NaN,
        "Operating Income": 373,
        "EBIT": 501,
        "Net Income": 206
    },
    "2020-12-31": {
        "Diluted EPS": -0.05,
        "Total Revenue": NaN,
        "Gross Profit": 987,
        "Operating Income": 231,
        "EBIT": 366,
        "Net Income": -20
    },
    "2020-09-30": {
        "Diluted EPS": 0.8,
        "Total Revenue": NaN,
        "Gross Profit": NaN,
        "Operating Income": 406,
        "EBIT": 547,
        "Net Income": 338
    },
    "2020-06-30": {
        "Diluted EPS": 0.53,
        "Total Revenue": NaN,
        "Gross Profit": NaN,
        "Operating Income": 405,
        "EBIT": 549,
        "Net Income": 220
    },
    "2020-03-31": {
        "Diluted EPS": -0.05,
        "Total Revenue": NaN,
        "Gross Profit": 987,
        "Operating Income": 231,
        "EBIT": 373,
        "Net Income": -20
    },
    "2019-12-31": {
        "Diluted EPS": 0.36,
        "Total Revenue": NaN,
        "Gross Profit": NaN,
        "Operating Income": 287,
        "EBIT": 436,
        "Net Income": 141
    },
    "2019-09-30": {
        "Diluted EPS": -1.85,
        "Total Revenue": NaN,
        "Gross Profit": NaN,
        "Operating Income": -727,
        "EBIT": -581,
        "Net Income": -770
    },
    "2019-06-30": {
        "Diluted EPS": 0.28,
        "Total Revenue": NaN,
        "Gross Profit": NaN,
        "Operating Income": 336,
        "EBIT": 494,
        "Net Income": 118
    },
    "2019-03-31": {
        "Diluted EPS": 0.13,
        "Total Revenue": NaN,
        "Gross Profit": NaN,
        "Operating Income": 288,
        "EBIT": 441,
        "Net Income": 55
    },
    "2018-12-31": {
        "Diluted EPS": 0.73,
        "Total Revenue": NaN,
        "Gross Profit": NaN,
        "Operating Income": 435,
        "EBIT": 583,
        "Net Income": 273
    },
    "2018-09-30": {
        "Diluted EPS": 0.16,
        "Total Revenue": NaN,
        "Gross Profit": NaN,
        "Operating Income": 237,
        "EBIT": 404,
        "Net Income": 72
    },
    "2018-06-30": {
        "Diluted EPS": 0.4,
        "Total Revenue": NaN,
        "Gross Profit": NaN,
        "Operating Income": 358,
        "EBIT": 517,
        "Net Income": 187
    },
    "2018-03-31": {
        "Diluted EPS": 0.68,
        "Total Revenue": NaN,
        "Gross Profit": NaN,
        "Operating Income": 294,
        "EBIT": 457,
        "Net Income": 384
    },
    "2017-12-31": {
        "Diluted EPS": 2.75,
        "Total Revenue": NaN,
        "Gross Profit": NaN,
        "Operating Income": 368,
        "EBIT": 499,
        "Net Income": NaN
    },
    "2017-09-30": {
        "Diluted EPS": 0.55,
        "Total Revenue": NaN,
        "Gross Profit": 827,
        "Operating Income": 208,
        "EBIT": 388,
        "Net Income": 296
    },
    "2017-06-30": {
        "Diluted EPS": 0.32,
        "Total Revenue": NaN,
        "Gross Profit": 858,
        "Operating Income": 254,
        "EBIT": 460,
        "Net Income": 175
    },
    "2017-03-31": {
        "Diluted EPS": 0.94,
        "Total Revenue": NaN,
        "Gross Profit": 822,
        "Operating Income": 213,
        "EBIT": 421,
        "Net Income": 507
    },
    "2016-12-31": {
        "Diluted EPS": 0.54,
        "Total Revenue": NaN,
        "Gross Profit": NaN,
        "Operating Income": 372,
        "EBIT": 583,
        "Net Income": 319
    },
    "2016-09-30": {
        "Diluted EPS": 0.75,
        "Total Revenue": NaN,
        "Gross Profit": 837,
        "Operating Income": 157,
        "EBIT": 382,
        "Net Income": 469
    },
    "2016-06-30": {
        "Diluted EPS": 0.6,
        "Total Revenue": NaN,
        "Gross Profit": 942,
        "Operating Income": 250,
        "EBIT": 471,
        "Net Income": 379
    },
    "2016-03-31": {
        "Diluted EPS": 0.11,
        "Total Revenue": NaN,
        "Gross Profit": 884,
        "Operating Income": 189,
        "EBIT": 406,
        "Net Income": 68
    },
    "2015-12-31": {
        "Diluted EPS": 0.38,
        "Total Revenue": NaN,
        "Gross Profit": NaN,
        "Operating Income": 364,
        "EBIT": 588,
        "Net Income": 294
    },
    "2015-09-30": {
        "Diluted EPS": 0.31,
        "Total Revenue": NaN,
        "Gross Profit": 795,
        "Operating Income": 247,
        "EBIT": 397,
        "Net Income": 190
    },
    "2015-06-30": {
        "Diluted EPS": 0.39,
        "Total Revenue": NaN,
        "Gross Profit": 843,
        "Operating Income": 269,
        "EBIT": 430,
        "Net Income": 242
    },
    "2015-03-31": {
        "Diluted EPS": 0.31,
        "Total Revenue": NaN,
        "Gross Profit": 799,
        "Operating Income": 236,
        "EBIT": 404,
        "Net Income": 143
    },
    "2014-12-31": {
        "Diluted EPS": 0.46,
        "Total Revenue": NaN,
        "Gross Profit": NaN,
        "Operating Income": 444,
        "EBIT": 620,
        "Net Income": 258
    },
    "2014-09-30": {
        "Diluted EPS": 0.17,
        "Total Revenue": NaN,
        "Gross Profit": 842,
        "Operating Income": 239,
        "EBIT": 405,
        "Net Income": 120
    },
    "2014-06-30": {
        "Diluted EPS": 0.21,
        "Total Revenue": NaN,
        "Gross Profit": 925,
        "Operating Income": 259,
        "EBIT": 423,
        "Net Income": 77
    },
    "2014-03-31": {
        "Diluted EPS": 0.22,
        "Total Revenue": NaN,
        "Gross Profit": 878,
        "Operating Income": 246,
        "EBIT": 409,
        "Net Income": 82
    },
    "2013-12-31": {
        "Diluted EPS": 0.29,
        "Total Revenue": NaN,
        "Gross Profit": 647,
        "Operating Income": 384,
        "EBIT": 550,
        "Net Income": 241
    },
    "2013-09-30": {
        "Diluted EPS": 0.15,
        "Total Revenue": NaN,
        "Gross Profit": 802,
        "Operating Income": 197,
        "EBIT": 193,
        "Net Income": 113
    },
    "2013-06-30": {
        "Diluted EPS": 0.21,
        "Total Revenue": NaN,
        "Gross Profit": NaN,
        "Operating Income": 284,
        "EBIT": 521,
        "Net Income": 120
    },
    "2013-03-31": {
        "Diluted EPS": 0.18,
        "Total Revenue": NaN,
        "Gross Profit": NaN,
        "Operating Income": 271,
        "EBIT": 501,
        "Net Income": 27
    },
    "2012-12-31": {
        "Diluted EPS": -0.12,
        "Total Revenue": NaN,
        "Gross Profit": NaN,
        "Operating Income": 426,
        "EBIT": 580,
        "Net Income": NaN
    },
    "2012-09-30": {
        "Diluted EPS": -0.08,
        "Total Revenue": NaN,
        "Gross Profit": 789,
        "Operating Income": 189,
        "EBIT": 336,
        "Net Income": -41
    },
    "2012-06-30": {
        "Diluted EPS": 0.42,
        "Total Revenue": NaN,
        "Gross Profit": 877,
        "Operating Income": 290,
        "EBIT": 437,
        "Net Income": 234
    },
    "2012-03-31": {
        "Diluted EPS": 0.16,
        "Total Revenue": NaN,
        "Gross Profit": 848,
        "Operating Income": 258,
        "EBIT": 401,
        "Net Income": 91
    },
    "2011-12-31": {
        "Diluted EPS": 0.5,
        "Total Revenue": NaN,
        "Gross Profit": NaN,
        "Operating Income": 408,
        "EBIT": 601,
        "Net Income": 285
    },
    "2011-09-30": {
        "Diluted EPS": 0.0,
        "Total Revenue": NaN,
        "Gross Profit": 769,
        "Operating Income": 224,
        "EBIT": 375,
        "Net Income": -19
    },
    "2011-06-30": {
        "Diluted EPS": 0.3,
        "Total Revenue": NaN,
        "Gross Profit": 847,
        "Operating Income": 288,
        "EBIT": 436,
        "Net Income": 257
    },
    "2011-03-31": {
        "Diluted EPS": 0.07,
        "Total Revenue": NaN,
        "Gross Profit": 782,
        "Operating Income": 213,
        "EBIT": 362,
        "Net Income": 389
    },
    "2010-12-31": {
        "Diluted EPS": 0.53,
        "Total Revenue": NaN,
        "Gross Profit": NaN,
        "Operating Income": 396,
        "EBIT": 546,
        "Net Income": NaN
    },
    "2010-09-30": {
        "Diluted EPS": 0.3,
        "Total Revenue": NaN,
        "Gross Profit": 714,
        "Operating Income": 220,
        "EBIT": 361,
        "Net Income": 179
    },
    "2010-06-30": {
        "Diluted EPS": 0.1,
        "Total Revenue": NaN,
        "Gross Profit": 769,
        "Operating Income": 274,
        "EBIT": 413,
        "Net Income": 58
    },
    "2010-03-31": {
        "Diluted EPS": 0.51,
        "Total Revenue": NaN,
        "Gross Profit": 731,
        "Operating Income": 218,
        "EBIT": 359,
        "Net Income": 310
    },
    "2009-12-31": {
        "Diluted EPS": 0.33,
        "Total Revenue": NaN,
        "Gross Profit": 952,
        "Operating Income": 397,
        "EBIT": 542,
        "Net Income": NaN
    },
    "2009-09-30": {
        "Diluted EPS": -0.01,
        "Total Revenue": NaN,
        "Gross Profit": 645,
        "Operating Income": 194,
        "EBIT": 333,
        "Net Income": -6
    },
    "2009-06-30": {
        "Diluted EPS": 0.21,
        "Total Revenue": NaN,
        "Gross Profit": 728,
        "Operating Income": 266,
        "EBIT": 401,
        "Net Income": 128
    },
    "2009-03-31": {
        "Diluted EPS": -0.1,
        "Total Revenue": NaN,
        "Gross Profit": 648,
        "Operating Income": 184,
        "EBIT": 331,
        "Net Income": -57
    },
    "2023-06-30": {
        "Tax Effect Of Unusual Items": NaN,
        "Tax Rate For Calcs": NaN,
        "Normalized EBITDA": NaN,
        "Total Unusual Items": NaN,
        "Total Unusual Items Excluding Goodwill": NaN,
        "Net Income From Continuing Operation Net Minority Interest": NaN,
        "Reconciled Depreciation": NaN,
        "Reconciled Cost Of Revenue": NaN,
        "EBITDA": NaN,
        "EBIT": NaN,
        "Net Interest Income": NaN,
        "Interest Expense": NaN,
        "Interest Income": NaN,
        "Normalized Income": NaN,
        "Net Income From Continuing And Discontinued Operation": NaN,
        "Total Expenses": NaN,
        "Total Operating Income As Reported": NaN,
        "Diluted Average Shares": 389000000.0,
        "Basic Average Shares": 388000000.0,
        "Diluted EPS": 0.28,
        "Basic EPS": 0.28,
        "Diluted NI Availto Com Stockholders": NaN,
        "Net Income Common Stockholders": NaN,
        "Net Income": NaN,
        "Minority Interests": NaN,
        "Net Income Including Noncontrolling Interests": NaN,
        "Net Income Continuous Operations": NaN,
        "Tax Provision": NaN,
        "Pretax Income": NaN,
        "Other Income Expense": NaN,
        "Other Non Operating Income Expenses": 6000000.0,
        "Special Income Charges": NaN,
        "Gain On Sale Of Ppe": NaN,
        "Gain On Sale Of Business": -64000000.0,
        "Other Special Charges": -29000000.0,
        "Impairment Of Capital Assets": NaN,
        "Restructuring And Mergern Acquisition": -208000000.0,
        "Gain On Sale Of Security": NaN,
        "Net Non Operating Interest Income Expense": NaN,
        "Interest Expense Non Operating": NaN,
        "Interest Income Non Operating": NaN,
        "Operating Income": NaN,
        "Operating Expense": NaN,
        "Other Operating Expenses": NaN,
        "Depreciation Amortization Depletion Income Statement": NaN,
        "Depreciation And Amortization In Income Statement": NaN,
        "Selling General And Administration": NaN,
        "Gross Profit": NaN,
        "Cost Of Revenue": NaN,
        "Total Revenue": NaN,
        "Operating Revenue": NaN
    },
    "2023-09-30": {
        "Tax Effect Of Unusual Items": -3990000.0,
        "Tax Rate For Calcs": 0.21,
        "Normalized EBITDA": 276000000.0,
        "Total Unusual Items": -19000000.0,
        "Total Unusual Items Excluding Goodwill": -19000000.0,
        "Net Income From Continuing Operation Net Minority Interest": 1000000.0,
        "Reconciled Depreciation": 105000000.0,
        "Reconciled Cost Of Revenue": 1603000000.0,
        "EBITDA": 257000000.0,
        "EBIT": 152000000.0,
        "Net Interest Income": -119000000.0,
        "Interest Expense": 119000000.0,
        "Interest Income": 14000000.0,
        "Normalized Income": 16010000.0,
        "Net Income From Continuing And Discontinued Operation": 1000000.0,
        "Total Expenses": 2309000000.0,
        "Total Operating Income As Reported": 151000000.0,
        "Diluted Average Shares": 389000000.0,
        "Basic Average Shares": 388000000.0,
        "Diluted EPS": 0.002571,
        "Basic EPS": 0.002577,
        "Diluted NI Availto Com Stockholders": 1000000.0,
        "Net Income Common Stockholders": 1000000.0,
        "Net Income": 1000000.0,
        "Minority Interests": -11000000.0,
        "Net Income Including Noncontrolling Interests": 12000000.0,
        "Net Income Continuous Operations": 12000000.0,
        "Tax Provision": 21000000.0,
        "Pretax Income": 33000000.0,
        "Other Income Expense": -18000000.0,
        "Other Non Operating Income Expenses": 1000000.0,
        "Special Income Charges": -19000000.0,
        "Gain On Sale Of Ppe": 0.0,
        "Gain On Sale Of Business": 0.0,
        "Other Special Charges": -1000000.0,
        "Impairment Of Capital Assets": 0.0,
        "Restructuring And Mergern Acquisition": 19000000.0,
        "Gain On Sale Of Security": -1000000.0,
        "Net Non Operating Interest Income Expense": -119000000.0,
        "Interest Expense Non Operating": 119000000.0,
        "Interest Income Non Operating": 14000000.0,
        "Operating Income": 170000000.0,
        "Operating Expense": 706000000.0,
        "Other Operating Expenses": 186000000.0,
        "Depreciation Amortization Depletion Income Statement": 105000000.0,
        "Depreciation And Amortization In Income Statement": 105000000.0,
        "Selling General And Administration": 415000000.0,
        "Gross Profit": 876000000.0,
        "Cost Of Revenue": 1603000000.0,
        "Total Revenue": 2479000000.0,
        "Operating Revenue": 2479000000.0
    },
    "2023-12-31": {
        "Tax Effect Of Unusual Items": -69300000.0,
        "Tax Rate For Calcs": 0.21,
        "Normalized EBITDA": 326000000.0,
        "Total Unusual Items": -330000000.0,
        "Total Unusual Items Excluding Goodwill": -330000000.0,
        "Net Income From Continuing Operation Net Minority Interest": -273000000.0,
        "Reconciled Depreciation": 98000000.0,
        "Reconciled Cost Of Revenue": 2084000000.0,
        "EBITDA": -4000000.0,
        "EBIT": -102000000.0,
        "Net Interest Income": -115000000.0,
        "Interest Expense": 115000000.0,
        "Interest Income": NaN,
        "Normalized Income": -12300000.0,
        "Net Income From Continuing And Discontinued Operation": -273000000.0,
        "Total Expenses": 2914000000.0,
        "Total Operating Income As Reported": -103000000.0,
        "Diluted Average Shares": NaN,
        "Basic Average Shares": NaN,
        "Diluted EPS": NaN,
        "Basic EPS": NaN,
        "Diluted NI Availto Com Stockholders": -273000000.0,
        "Net Income Common Stockholders": -273000000.0,
        "Net Income": -273000000.0,
        "Minority Interests": -15000000.0,
        "Net Income Including Noncontrolling Interests": -258000000.0,
        "Net Income Continuous Operations": -258000000.0,
        "Tax Provision": 41000000.0,
        "Pretax Income": -217000000.0,
        "Other Income Expense": -331000000.0,
        "Other Non Operating Income Expenses": NaN,
        "Special Income Charges": -377000000.0,
        "Gain On Sale Of Ppe": -6000000.0,
        "Gain On Sale Of Business": 0.0,
        "Other Special Charges": NaN,
        "Impairment Of Capital Assets": 326000000.0,
        "Restructuring And Mergern Acquisition": 0.0,
        "Gain On Sale Of Security": 47000000.0,
        "Net Non Operating Interest Income Expense": -115000000.0,
        "Interest Expense Non Operating": 115000000.0,
        "Interest Income Non Operating": NaN,
        "Operating Income": 229000000.0,
        "Operating Expense": 830000000.0,
        "Other Operating Expenses": 222000000.0,
        "Depreciation Amortization Depletion Income Statement": 98000000.0,
        "Depreciation And Amortization In Income Statement": 98000000.0,
        "Selling General And Administration": 510000000.0,
        "Gross Profit": 1059000000.0,
        "Cost Of Revenue": 2084000000.0,
        "Total Revenue": 3143000000.0,
        "Operating Revenue": 3143000000.0
    },
    "2024-03-31": {
        "Tax Effect Of Unusual Items": 1260000.0,
        "Tax Rate For Calcs": 0.21,
        "Normalized EBITDA": 241000000.0,
        "Total Unusual Items": 6000000.0,
        "Total Unusual Items Excluding Goodwill": 6000000.0,
        "Net Income From Continuing Operation Net Minority Interest": -1000000.0,
        "Reconciled Depreciation": 99000000.0,
        "Reconciled Cost Of Revenue": 1511000000.0,
        "EBITDA": 247000000.0,
        "EBIT": 148000000.0,
        "Net Interest Income": -117000000.0,
        "Interest Expense": 117000000.0,
        "Interest Income": NaN,
        "Normalized Income": -5740000.0,
        "Net Income From Continuing And Discontinued Operation": -1000000.0,
        "Total Expenses": 2198000000.0,
        "Total Operating Income As Reported": 145000000.0,
        "Diluted Average Shares": 393000000.0,
        "Basic Average Shares": 392000000.0,
        "Diluted EPS": -0.002551,
        "Basic EPS": -0.002551,
        "Diluted NI Availto Com Stockholders": -1000000.0,
        "Net Income Common Stockholders": -1000000.0,
        "Net Income": -1000000.0,
        "Minority Interests": -9000000.0,
        "Net Income Including Noncontrolling Interests": 8000000.0,
        "Net Income Continuous Operations": 8000000.0,
        "Tax Provision": 23000000.0,
        "Pretax Income": 31000000.0,
        "Other Income Expense": 4000000.0,
        "Other Non Operating Income Expenses": -2000000.0,
        "Special Income Charges": 1000000.0,
        "Gain On Sale Of Ppe": 1000000.0,
        "Gain On Sale Of Business": NaN,
        "Other Special Charges": NaN,
        "Impairment Of Capital Assets": NaN,
        "Restructuring And Mergern Acquisition": NaN,
        "Gain On Sale Of Security": 5000000.0,
        "Net Non Operating Interest Income Expense": -117000000.0,
        "Interest Expense Non Operating": 117000000.0,
        "Interest Income Non Operating": NaN,
        "Operating Income": 144000000.0,
        "Operating Expense": 687000000.0,
        "Other Operating Expenses": 180000000.0,
        "Depreciation Amortization Depletion Income Statement": 99000000.0,
        "Depreciation And Amortization In Income Statement": 99000000.0,
        "Selling General And Administration": 408000000.0,
        "Gross Profit": 831000000.0,
        "Cost Of Revenue": 1511000000.0,
        "Total Revenue": 2342000000.0,
        "Operating Revenue": 2342000000.0
    },
    "2024-06-30": {
        "Tax Effect Of Unusual Items": -4160000.0,
        "Tax Rate For Calcs": 0.32,
        "Normalized EBITDA": 275000000.0,
        "Total Unusual Items": -13000000.0,
        "Total Unusual Items Excluding Goodwill": -13000000.0,
        "Net Income From Continuing Operation Net Minority Interest": 20000000.0,
        "Reconciled Depreciation": 96000000.0,
        "Reconciled Cost Of Revenue": 1532000000.0,
        "EBITDA": 262000000.0,
        "EBIT": 166000000.0,
        "Net Interest Income": -119000000.0,
        "Interest Expense": 119000000.0,
        "Interest Income": NaN,
        "Normalized Income": 28840000.0,
        "Net Income From Continuing And Discontinued Operation": 20000000.0,
        "Total Expenses": 2224000000.0,
        "Total Operating Income As Reported": 165000000.0,
        "Diluted Average Shares": 397000000.0,
        "Basic Average Shares": 396000000.0,
        "Diluted EPS": 0.05,
        "Basic EPS": 0.05,
        "Diluted NI Availto Com Stockholders": 20000000.0,
        "Net Income Common Stockholders": 20000000.0,
        "Net Income": 20000000.0,
        "Minority Interests": -12000000.0,
        "Net Income Including Noncontrolling Interests": 32000000.0,
        "Net Income Continuous Operations": 32000000.0,
        "Tax Provision": 15000000.0,
        "Pretax Income": 47000000.0,
        "Other Income Expense": -17000000.0,
        "Other Non Operating Income Expenses": -4000000.0,
        "Special Income Charges": -18000000.0,
        "Gain On Sale Of Ppe": 0.0,
        "Gain On Sale Of Business": 0.0,
        "Other Special Charges": NaN,
        "Impairment Of Capital Assets": NaN,
        "Restructuring And Mergern Acquisition": 18000000.0,
        "Gain On Sale Of Security": 5000000.0,
        "Net Non Operating Interest Income Expense": -119000000.0,
        "Interest Expense Non Operating": 119000000.0,
        "Interest Income Non Operating": NaN,
        "Operating Income": 183000000.0,
        "Operating Expense": 692000000.0,
        "Other Operating Expenses": 178000000.0,
        "Depreciation Amortization Depletion Income Statement": 96000000.0,
        "Depreciation And Amortization In Income Statement": 96000000.0,
        "Selling General And Administration": 418000000.0,
        "Gross Profit": 875000000.0,
        "Cost Of Revenue": 1532000000.0,
        "Total Revenue": 2407000000.0,
        "Operating Revenue": 2407000000.0
    },
    "2024-09-30": {
        "Tax Effect Of Unusual Items": 0.0,
        "Tax Rate For Calcs": 0.0,
        "Normalized EBITDA": 234000000.0,
        "Total Unusual Items": -22000000.0,
        "Total Unusual Items Excluding Goodwill": -22000000.0,
        "Net Income From Continuing Operation Net Minority Interest": -23000000.0,
        "Reconciled Depreciation": 95000000.0,
        "Reconciled Cost Of Revenue": 1517000000.0,
        "EBITDA": 212000000.0,
        "EBIT": 117000000.0,
        "Net Interest Income": -117000000.0,
        "Interest Expense": 117000000.0,
        "Interest Income": NaN,
        "Normalized Income": -1000000.0,
        "Net Income From Continuing And Discontinued Operation": -23000000.0,
        "Total Expenses": 2192000000.0,
        "Total Operating Income As Reported": 152000000.0,
        "Diluted Average Shares": 397000000.0,
        "Basic Average Shares": 396000000.0,
        "Diluted EPS": -0.06,
        "Basic EPS": -0.06,
        "Diluted NI Availto Com Stockholders": -23000000.0,
        "Net Income Common Stockholders": -23000000.0,
        "Net Income": -23000000.0,
        "Minority Interests": -8000000.0,
        "Net Income Including Noncontrolling Interests": -15000000.0,
        "Net Income Continuous Operations": -15000000.0,
        "Tax Provision": 15000000.0,
        "Pretax Income": 0.0,
        "Other Income Expense": -35000000.0,
        "Other Non Operating Income Expenses": -13000000.0,
        "Special Income Charges": 0.0,
        "Gain On Sale Of Ppe": 0.0,
        "Gain On Sale Of Business": 0.0,
        "Other Special Charges": NaN,
        "Impairment Of Capital Assets": NaN,
        "Restructuring And Mergern Acquisition": 0.0,
        "Gain On Sale Of Security": -22000000.0,
        "Net Non Operating Interest Income Expense": -117000000.0,
        "Interest Expense Non Operating": 117000000.0,
        "Interest Income Non Operating": NaN,
        "Operating Income": 152000000.0,
        "Operating Expense": 675000000.0,
        "Other Operating Expenses": 175000000.0,
        "Depreciation Amortization Depletion Income Statement": 95000000.0,
        "Depreciation And Amortization In Income Statement": 95000000.0,
        "Selling General And Administration": 405000000.0,
        "Gross Profit": 827000000.0,
        "Cost Of Revenue": 1517000000.0,
        "Total Revenue": 2344000000.0,
        "Operating Revenue": 2344000000.0
    }
}