{
    "2023-03-31": {
        "Tax Effect Of Unusual Items": NaN,
        "Tax Rate For Calcs": NaN,
        "Normalized EBITDA": NaN,
        "Net Income From Continuing Operation Net Minority Interest": NaN,
        "Reconciled Cost Of Revenue": NaN,
        "EBITDA": NaN,
        "EBIT": NaN,
        "Net Interest Income": NaN,
        "Interest Income": NaN,
        "Normalized Income": NaN,
        "Net Income From Continuing And Discontinued Operation": NaN,
        "Total Expenses": NaN,
        "Total Operating Income As Reported": NaN,
        "Diluted Average Shares": 45256246.0,
        "Basic Average Shares": 45256246.0,
        "Diluted EPS": -0.57,
        "Basic EPS": -0.57,
        "Diluted NI Availto Com Stockholders": NaN,
        "Net Income Common Stockholders": NaN,
        "Otherunder Preferred Stock Dividend": NaN,
        "Net Income": NaN,
        "Net Income Including Noncontrolling Interests": NaN,
        "Net Income Continuous Operations": NaN,
        "Tax Provision": NaN,
        "Pretax Income": NaN,
        "Other Income Expense": NaN,
        "Other Non Operating Income Expenses": NaN,
        "Net Non Operating Interest Income Expense": NaN,
        "Interest Income Non Operating": NaN,
        "Operating Income": NaN,
        "Operating Expense": NaN,
        "Research And Development": NaN,
        "Selling General And Administration": NaN,
        "Selling And Marketing Expense": NaN,
        "General And Administrative Expense": NaN,
        "Other Gand A": NaN,
        "Gross Profit": NaN,
        "Cost Of Revenue": NaN,
        "Total Revenue": NaN,
        "Operating Revenue": NaN
    },
    "2022-12-31": {
        "Tax Effect Of Unusual Items": 0.0,
        "Tax Rate For Calcs": 0.25,
        "Normalized EBITDA": -44524000.0,
        "Total Unusual Items": NaN,
        "Total Unusual Items Excluding Goodwill": NaN,
        "Net Income From Continuing Operation Net Minority Interest": -41401000.0,
        "Reconciled Depreciation": NaN,
        "Reconciled Cost Of Revenue": 99253000.0,
        "EBITDA": -44524000.0,
        "EBIT": -44524000.0,
        "Net Interest Income": 656000.0,
        "Interest Income": 656000.0,
        "Normalized Income": -41401000.0,
        "Net Income From Continuing And Discontinued Operation": -41401000.0,
        "Total Expenses": 830949000.0,
        "Total Operating Income As Reported": -44524000.0,
        "Diluted Average Shares": 55078756.0,
        "Basic Average Shares": 55078756.0,
        "Diluted EPS": -0.934008,
        "Basic EPS": -0.934008,
        "Diluted NI Availto Com Stockholders": -51444000.0,
        "Net Income Common Stockholders": -51444000.0,
        "Otherunder Preferred Stock Dividend": 10043000.0,
        "Net Income": -41401000.0,
        "Net Income Including Noncontrolling Interests": -41401000.0,
        "Net Income Continuous Operations": -41401000.0,
        "Tax Provision": 1035000.0,
        "Pretax Income": -40366000.0,
        "Other Income Expense": 3502000.0,
        "Other Non Operating Income Expenses": 3502000.0,
        "Gain On Sale Of Security": NaN,
        "Net Non Operating Interest Income Expense": 656000.0,
        "Interest Income Non Operating": 656000.0,
        "Operating Income": -44524000.0,
        "Operating Expense": 731696000.0,
        "Other Operating Expenses": NaN,
        "Research And Development": 64269000.0,
        "Selling General And Administration": 667427000.0,
        "Selling And Marketing Expense": 622901000.0,
        "General And Administrative Expense": 44526000.0,
        "Other Gand A": 44526000.0,
        "Gross Profit": 687172000.0,
        "Cost Of Revenue": 99253000.0,
        "Total Revenue": 786425000.0,
        "Operating Revenue": 786425000.0
    },
    "2022-09-30": {
        "Tax Effect Of Unusual Items": NaN,
        "Tax Rate For Calcs": NaN,
        "Normalized EBITDA": NaN,
        "Total Unusual Items": 2448000.0,
        "Total Unusual Items Excluding Goodwill": 2448000.0,
        "Net Income From Continuing Operation Net Minority Interest": NaN,
        "Reconciled Depreciation": 789000.0,
        "Reconciled Cost Of Revenue": NaN,
        "EBITDA": NaN,
        "EBIT": NaN,
        "Net Interest Income": NaN,
        "Interest Income": NaN,
        "Normalized Income": NaN,
        "Net Income From Continuing And Discontinued Operation": NaN,
        "Total Expenses": NaN,
        "Total Operating Income As Reported": NaN,
        "Diluted Average Shares": NaN,
        "Basic Average Shares": NaN,
        "Diluted EPS": NaN,
        "Basic EPS": NaN,
        "Diluted NI Availto Com Stockholders": NaN,
        "Net Income Common Stockholders": NaN,
        "Otherunder Preferred Stock Dividend": NaN,
        "Net Income": NaN,
        "Net Income Including Noncontrolling Interests": NaN,
        "Net Income Continuous Operations": NaN,
        "Tax Provision": NaN,
        "Pretax Income": NaN,
        "Other Income Expense": NaN,
        "Other Non Operating Income Expenses": NaN,
        "Gain On Sale Of Security": 2448000.0,
        "Net Non Operating Interest Income Expense": NaN,
        "Interest Income Non Operating": NaN,
        "Operating Income": NaN,
        "Operating Expense": NaN,
        "Other Operating Expenses": -303000.0,
        "Research And Development": NaN,
        "Selling General And Administration": NaN,
        "Selling And Marketing Expense": NaN,
        "General And Administrative Expense": NaN,
        "Other Gand A": NaN,
        "Gross Profit": NaN,
        "Cost Of Revenue": NaN,
        "Total Revenue": NaN,
        "Operating Revenue": NaN
    },
    "2022-06-30": {
        "Tax Effect Of Unusual Items": 0.0,
        "Tax Rate For Calcs": 0.4,
        "Normalized EBITDA": -205150000.0,
        "Total Unusual Items": NaN,
        "Total Unusual Items Excluding Goodwill": NaN,
        "Net Income From Continuing Operation Net Minority Interest": -201690000.0,
        "Reconciled Depreciation": NaN,
        "Reconciled Cost Of Revenue": 107558000.0,
        "EBITDA": -205150000.0,
        "EBIT": -205150000.0,
        "Net Interest Income": 182000.0,
        "Interest Income": 182000.0,
        "Normalized Income": -201690000.0,
        "Net Income From Continuing And Discontinued Operation": -201690000.0,
        "Total Expenses": 834193000.0,
        "Total Operating Income As Reported": -205219000.0,
        "Diluted Average Shares": 55078756.0,
        "Basic Average Shares": 55078756.0,
        "Diluted EPS": -3.794403,
        "Basic EPS": -3.794403,
        "Diluted NI Availto Com Stockholders": -208991000.0,
        "Net Income Common Stockholders": -208991000.0,
        "Otherunder Preferred Stock Dividend": 7301000.0,
        "Net Income": -201690000.0,
        "Minority Interests": NaN,
        "Net Income Including Noncontrolling Interests": -201690000.0,
        "Net Income Continuous Operations": -201690000.0,
        "Tax Provision": 2134000.0,
        "Pretax Income": -199556000.0,
        "Other Income Expense": 5412000.0,
        "Other Non Operating Income Expenses": 518000.0,
        "Gain On Sale Of Security": NaN,
        "Net Non Operating Interest Income Expense": 182000.0,
        "Interest Income Non Operating": 182000.0,
        "Operating Income": -205150000.0,
        "Operating Expense": 726635000.0,
        "Other Operating Expenses": NaN,
        "Research And Development": 132626000.0,
        "Selling General And Administration": 594078000.0,
        "Selling And Marketing Expense": 531447000.0,
        "General And Administrative Expense": 62631000.0,
        "Other Gand A": 62631000.0,
        "Salaries And Wages": NaN,
        "Gross Profit": 521485000.0,
        "Cost Of Revenue": 107558000.0,
        "Total Revenue": 629043000.0,
        "Operating Revenue": 440910000.0
    },
    "2023-06-30": {
        "Tax Effect Of Unusual Items": NaN,
        "Tax Rate For Calcs": NaN,
        "Normalized EBITDA": NaN,
        "Net Income From Continuing Operation Net Minority Interest": NaN,
        "Reconciled Cost Of Revenue": NaN,
        "EBITDA": NaN,
        "EBIT": NaN,
        "Net Interest Income": NaN,
        "Interest Income": NaN,
        "Normalized Income": NaN,
        "Net Income From Continuing And Discontinued Operation": NaN,
        "Total Expenses": NaN,
        "Total Operating Income As Reported": NaN,
        "Diluted Average Shares": 58585138.0,
        "Basic Average Shares": 56382138.0,
        "Diluted EPS": 0.9,
        "Basic EPS": 0.93,
        "Diluted NI Availto Com Stockholders": NaN,
        "Net Income Common Stockholders": NaN,
        "Otherunder Preferred Stock Dividend": 0.0,
        "Net Income": NaN,
        "Net Income Including Noncontrolling Interests": NaN,
        "Net Income Continuous Operations": NaN,
        "Tax Provision": NaN,
        "Pretax Income": NaN,
        "Other Income Expense": NaN,
        "Other Non Operating Income Expenses": NaN,
        "Net Non Operating Interest Income Expense": NaN,
        "Interest Income Non Operating": NaN,
        "Operating Income": NaN,
        "Operating Expense": NaN,
        "Research And Development": NaN,
        "Selling General And Administration": NaN,
        "Selling And Marketing Expense": NaN,
        "General And Administrative Expense": NaN,
        "Other Gand A": NaN,
        "Gross Profit": NaN,
        "Cost Of Revenue": NaN,
        "Total Revenue": NaN,
        "Operating Revenue": NaN
    },
    "2023-09-30": {
        "Tax Effect Of Unusual Items": 0.0,
        "Tax Rate For Calcs": 0.25,
        "Normalized EBITDA": 44230000.0,
        "Net Income From Continuing Operation Net Minority Interest": 66680000.0,
        "Reconciled Cost Of Revenue": 118192000.0,
        "EBITDA": 44230000.0,
        "EBIT": 44230000.0,
        "Net Interest Income": 3447000.0,
        "Interest Income": 3447000.0,
        "Normalized Income": 66680000.0,
        "Net Income From Continuing And Discontinued Operation": 66680000.0,
        "Total Expenses": 824906000.0,
        "Total Operating Income As Reported": 44230000.0,
        "Diluted Average Shares": 58334535.0,
        "Basic Average Shares": 56352328.0,
        "Diluted EPS": 1.14,
        "Basic EPS": 1.17,
        "Diluted NI Availto Com Stockholders": 66680000.0,
        "Net Income Common Stockholders": 66680000.0,
        "Otherunder Preferred Stock Dividend": 0.0,
        "Net Income": 66680000.0,
        "Net Income Including Noncontrolling Interests": 66680000.0,
        "Net Income Continuous Operations": 66680000.0,
        "Tax Provision": -6746000.0,
        "Pretax Income": 59934000.0,
        "Other Income Expense": 12257000.0,
        "Other Non Operating Income Expenses": 12257000.0,
        "Net Non Operating Interest Income Expense": 3447000.0,
        "Interest Income Non Operating": 3447000.0,
        "Operating Income": 44230000.0,
        "Operating Expense": 706714000.0,
        "Research And Development": 43800000.0,
        "Selling General And Administration": 662914000.0,
        "Selling And Marketing Expense": 620152000.0,
        "General And Administrative Expense": 42762000.0,
        "Other Gand A": 42762000.0,
        "Gross Profit": 750944000.0,
        "Cost Of Revenue": 118192000.0,
        "Total Revenue": 869136000.0,
        "Operating Revenue": 869136000.0
    },
    "2023-12-31": {
        "Tax Effect Of Unusual Items": 0.0,
        "Tax Rate For Calcs": 0.25,
        "Normalized EBITDA": 102338000.0,
        "Net Income From Continuing Operation Net Minority Interest": 107610000.0,
        "Reconciled Cost Of Revenue": 145018000.0,
        "EBITDA": 102338000.0,
        "EBIT": 102338000.0,
        "Net Interest Income": 2409000.0,
        "Interest Income": 2409000.0,
        "Normalized Income": 107610000.0,
        "Net Income From Continuing And Discontinued Operation": 107610000.0,
        "Total Expenses": 878204000.0,
        "Total Operating Income As Reported": 102338000.0,
        "Diluted Average Shares": 55785503.0,
        "Basic Average Shares": 55123305.0,
        "Diluted EPS": 1.92,
        "Basic EPS": 1.95,
        "Diluted NI Availto Com Stockholders": 107610000.0,
        "Net Income Common Stockholders": 107610000.0,
        "Otherunder Preferred Stock Dividend": 0.0,
        "Net Income": 107610000.0,
        "Net Income Including Noncontrolling Interests": 107610000.0,
        "Net Income Continuous Operations": 107610000.0,
        "Tax Provision": -642000.0,
        "Pretax Income": 106968000.0,
        "Other Income Expense": 2221000.0,
        "Other Non Operating Income Expenses": 2221000.0,
        "Net Non Operating Interest Income Expense": 2409000.0,
        "Interest Income Non Operating": 2409000.0,
        "Operating Income": 102338000.0,
        "Operating Expense": 733186000.0,
        "Research And Development": 41015000.0,
        "Selling General And Administration": 692171000.0,
        "Selling And Marketing Expense": 657112000.0,
        "General And Administrative Expense": 35059000.0,
        "Other Gand A": 35059000.0,
        "Gross Profit": 835524000.0,
        "Cost Of Revenue": 145018000.0,
        "Total Revenue": 980542000.0,
        "Operating Revenue": 980542000.0
    },
    "2024-03-31": {
        "Tax Effect Of Unusual Items": 0.0,
        "Tax Rate For Calcs": 0.25,
        "Normalized EBITDA": -5128000.0,
        "Net Income From Continuing Operation Net Minority Interest": 14630000.0,
        "Reconciled Cost Of Revenue": 145848000.0,
        "EBITDA": -5128000.0,
        "EBIT": -5128000.0,
        "Net Interest Income": 2513000.0,
        "Interest Income": 2513000.0,
        "Normalized Income": 14630000.0,
        "Net Income From Continuing And Discontinued Operation": 14630000.0,
        "Total Expenses": 950698000.0,
        "Total Operating Income As Reported": -5128000.0,
        "Diluted Average Shares": 56963527.0,
        "Basic Average Shares": 54917752.0,
        "Diluted EPS": 0.27,
        "Basic EPS": 0.27,
        "Diluted NI Availto Com Stockholders": 14630000.0,
        "Net Income Common Stockholders": 14630000.0,
        "Otherunder Preferred Stock Dividend": 0.0,
        "Net Income": 14630000.0,
        "Net Income Including Noncontrolling Interests": 14630000.0,
        "Net Income Continuous Operations": 14630000.0,
        "Tax Provision": -9560000.0,
        "Pretax Income": 5070000.0,
        "Other Income Expense": 7685000.0,
        "Other Non Operating Income Expenses": 7685000.0,
        "Net Non Operating Interest Income Expense": 2513000.0,
        "Interest Income Non Operating": 2513000.0,
        "Operating Income": -5128000.0,
        "Operating Expense": 804850000.0,
        "Research And Development": 38840000.0,
        "Selling General And Administration": 766010000.0,
        "Selling And Marketing Expense": 729620000.0,
        "General And Administrative Expense": 36390000.0,
        "Other Gand A": 36390000.0,
        "Gross Profit": 799722000.0,
        "Cost Of Revenue": 145848000.0,
        "Total Revenue": 945570000.0,
        "Operating Revenue": 945570000.0
    },
    "2024-06-30": {
        "Tax Effect Of Unusual Items": 0.0,
        "Tax Rate For Calcs": 0.197139,
        "Normalized EBITDA": 249477000.0,
        "Net Income From Continuing Operation Net Minority Interest": 196607000.0,
        "Reconciled Cost Of Revenue": 141252000.0,
        "EBITDA": 249477000.0,
        "EBIT": 249477000.0,
        "Net Interest Income": 2151000.0,
        "Interest Income": 2151000.0,
        "Normalized Income": 196607000.0,
        "Net Income From Continuing And Discontinued Operation": 196607000.0,
        "Total Expenses": 750606000.0,
        "Total Operating Income As Reported": 235930000.0,
        "Diluted Average Shares": NaN,
        "Basic Average Shares": NaN,
        "Diluted EPS": NaN,
        "Basic EPS": NaN,
        "Diluted NI Availto Com Stockholders": 196607000.0,
        "Net Income Common Stockholders": 196607000.0,
        "Otherunder Preferred Stock Dividend": 0.0,
        "Net Income": 196607000.0,
        "Net Income Including Noncontrolling Interests": 196607000.0,
        "Net Income Continuous Operations": 196607000.0,
        "Tax Provision": 48276000.0,
        "Pretax Income": 244883000.0,
        "Other Income Expense": -6745000.0,
        "Other Non Operating Income Expenses": -15156000.0,
        "Net Non Operating Interest Income Expense": 2151000.0,
        "Interest Income Non Operating": 2151000.0,
        "Operating Income": 249477000.0,
        "Operating Expense": 609354000.0,
        "Research And Development": 21213000.0,
        "Selling General And Administration": 591647000.0,
        "Selling And Marketing Expense": 580093000.0,
        "General And Administrative Expense": 11554000.0,
        "Other Gand A": 11554000.0,
        "Gross Profit": 858831000.0,
        "Cost Of Revenue": 141252000.0,
        "Total Revenue": 1000083000.0,
        "Operating Revenue": 990719000.0
    },
    "2024-09-30": {
        "Tax Effect Of Unusual Items": 0.0,
        "Tax Rate For Calcs": 0.291713,
        "Normalized EBITDA": 102246000.0,
        "Net Income From Continuing Operation Net Minority Interest": 80688000.0,
        "Reconciled Cost Of Revenue": 134448000.0,
        "EBITDA": 102246000.0,
        "EBIT": 102246000.0,
        "Net Interest Income": 1939000.0,
        "Interest Income": 1939000.0,
        "Normalized Income": 80688000.0,
        "Net Income From Continuing And Discontinued Operation": 80688000.0,
        "Total Expenses": 708158000.0,
        "Total Operating Income As Reported": 102246000.0,
        "Diluted Average Shares": 53769743.0,
        "Basic Average Shares": 52148351.0,
        "Diluted EPS": 1.5,
        "Basic EPS": 1.56,
        "Diluted NI Availto Com Stockholders": 80688000.0,
        "Net Income Common Stockholders": 80688000.0,
        "Otherunder Preferred Stock Dividend": NaN,
        "Net Income": 80688000.0,
        "Net Income Including Noncontrolling Interests": 80688000.0,
        "Net Income Continuous Operations": 80688000.0,
        "Tax Provision": 33232000.0,
        "Pretax Income": 113920000.0,
        "Other Income Expense": 9735000.0,
        "Other Non Operating Income Expenses": 9735000.0,
        "Net Non Operating Interest Income Expense": 1939000.0,
        "Interest Income Non Operating": 1939000.0,
        "Operating Income": 102246000.0,
        "Operating Expense": 573710000.0,
        "Research And Development": 28080000.0,
        "Selling General And Administration": 545630000.0,
        "Selling And Marketing Expense": 515009000.0,
        "General And Administrative Expense": 30621000.0,
        "Other Gand A": 30621000.0,
        "Gross Profit": 675956000.0,
        "Cost Of Revenue": 134448000.0,
        "Total Revenue": 810404000.0,
        "Operating Revenue": 810404000.0
    }
}