{
    "2023-03-31": {
        "Tax Effect Of Unusual Items": NaN,
        "Tax Rate For Calcs": NaN,
        "Normalized EBITDA": NaN,
        "Total Unusual Items": NaN,
        "Total Unusual Items Excluding Goodwill": NaN,
        "Net Income From Continuing Operation Net Minority Interest": NaN,
        "Reconciled Depreciation": NaN,
        "Reconciled Cost Of Revenue": NaN,
        "EBITDA": NaN,
        "EBIT": NaN,
        "Normalized Income": NaN,
        "Net Income From Continuing And Discontinued Operation": NaN,
        "Total Expenses": NaN,
        "Total Operating Income As Reported": NaN,
        "Diluted Average Shares": 140280000.0,
        "Basic Average Shares": 140280000.0,
        "Diluted EPS": -0.17,
        "Basic EPS": -0.17,
        "Diluted NI Availto Com Stockholders": NaN,
        "Net Income Common Stockholders": NaN,
        "Net Income": NaN,
        "Net Income Including Noncontrolling Interests": NaN,
        "Net Income Continuous Operations": NaN,
        "Tax Provision": NaN,
        "Pretax Income": NaN,
        "Other Income Expense": NaN,
        "Other Non Operating Income Expenses": NaN,
        "Gain On Sale Of Security": NaN,
        "Operating Income": NaN,
        "Operating Expense": NaN,
        "Research And Development": NaN,
        "Selling General And Administration": NaN,
        "Gross Profit": NaN,
        "Cost Of Revenue": NaN,
        "Total Revenue": NaN,
        "Operating Revenue": NaN
    },
    "2022-12-31": {
        "Tax Effect Of Unusual Items": NaN,
        "Tax Rate For Calcs": NaN,
        "Normalized EBITDA": NaN,
        "Total Unusual Items": NaN,
        "Total Unusual Items Excluding Goodwill": NaN,
        "Net Income From Continuing Operation Net Minority Interest": NaN,
        "Reconciled Depreciation": NaN,
        "Reconciled Cost Of Revenue": NaN,
        "EBITDA": NaN,
        "EBIT": NaN,
        "Net Interest Income": 0.0,
        "Interest Expense": 0.0,
        "Normalized Income": NaN,
        "Net Income From Continuing And Discontinued Operation": NaN,
        "Total Expenses": NaN,
        "Total Operating Income As Reported": NaN,
        "Diluted Average Shares": NaN,
        "Basic Average Shares": NaN,
        "Diluted EPS": NaN,
        "Basic EPS": NaN,
        "Diluted NI Availto Com Stockholders": NaN,
        "Net Income Common Stockholders": NaN,
        "Net Income": NaN,
        "Net Income Including Noncontrolling Interests": NaN,
        "Net Income Continuous Operations": NaN,
        "Tax Provision": NaN,
        "Pretax Income": NaN,
        "Other Income Expense": NaN,
        "Other Non Operating Income Expenses": NaN,
        "Gain On Sale Of Security": NaN,
        "Net Non Operating Interest Income Expense": 0.0,
        "Interest Expense Non Operating": 0.0,
        "Operating Income": NaN,
        "Operating Expense": NaN,
        "Research And Development": NaN,
        "Selling General And Administration": NaN,
        "Gross Profit": NaN,
        "Cost Of Revenue": NaN,
        "Total Revenue": NaN,
        "Operating Revenue": NaN
    },
    "2022-09-30": {
        "Tax Effect Of Unusual Items": NaN,
        "Tax Rate For Calcs": NaN,
        "Normalized EBITDA": NaN,
        "Total Unusual Items": NaN,
        "Total Unusual Items Excluding Goodwill": NaN,
        "Net Income From Continuing Operation Net Minority Interest": NaN,
        "Reconciled Depreciation": NaN,
        "Reconciled Cost Of Revenue": NaN,
        "EBITDA": NaN,
        "EBIT": NaN,
        "Net Interest Income": 0.0,
        "Interest Expense": 0.0,
        "Normalized Income": NaN,
        "Net Income From Continuing And Discontinued Operation": NaN,
        "Total Expenses": NaN,
        "Total Operating Income As Reported": NaN,
        "Diluted Average Shares": NaN,
        "Basic Average Shares": NaN,
        "Diluted EPS": NaN,
        "Basic EPS": NaN,
        "Diluted NI Availto Com Stockholders": NaN,
        "Net Income Common Stockholders": NaN,
        "Net Income": NaN,
        "Net Income Including Noncontrolling Interests": NaN,
        "Net Income Continuous Operations": NaN,
        "Tax Provision": NaN,
        "Pretax Income": NaN,
        "Other Income Expense": NaN,
        "Other Non Operating Income Expenses": NaN,
        "Gain On Sale Of Security": NaN,
        "Net Non Operating Interest Income Expense": 0.0,
        "Interest Expense Non Operating": 0.0,
        "Operating Income": NaN,
        "Operating Expense": NaN,
        "Research And Development": NaN,
        "Selling General And Administration": NaN,
        "Selling And Marketing Expense": 10983000.0,
        "Gross Profit": NaN,
        "Cost Of Revenue": NaN,
        "Total Revenue": NaN,
        "Operating Revenue": NaN
    },
    "2022-06-30": {
        "Tax Effect Of Unusual Items": 0.0,
        "Tax Rate For Calcs": 0.0,
        "Normalized EBITDA": -35195000.0,
        "Total Unusual Items": 3389000.0,
        "Total Unusual Items Excluding Goodwill": 3389000.0,
        "Net Income From Continuing Operation Net Minority Interest": -32414000.0,
        "Reconciled Depreciation": 608000.0,
        "Reconciled Cost Of Revenue": NaN,
        "EBITDA": -31806000.0,
        "EBIT": -32414000.0,
        "Net Interest Income": 0.0,
        "Interest Expense": 0.0,
        "Normalized Income": -35803000.0,
        "Net Income From Continuing And Discontinued Operation": -32414000.0,
        "Total Expenses": 30200000.0,
        "Total Operating Income As Reported": -30200000.0,
        "Diluted Average Shares": 139000261.0,
        "Basic Average Shares": 139000261.0,
        "Diluted EPS": -0.23,
        "Basic EPS": -0.23,
        "Diluted NI Availto Com Stockholders": -32414000.0,
        "Net Income Common Stockholders": -32414000.0,
        "Net Income": -32414000.0,
        "Net Income Including Noncontrolling Interests": -32414000.0,
        "Net Income Continuous Operations": -32414000.0,
        "Tax Provision": 0.0,
        "Pretax Income": -32414000.0,
        "Other Income Expense": -2214000.0,
        "Other Non Operating Income Expenses": -5603000.0,
        "Special Income Charges": NaN,
        "Impairment Of Capital Assets": NaN,
        "Gain On Sale Of Security": 3389000.0,
        "Net Non Operating Interest Income Expense": 0.0,
        "Interest Expense Non Operating": 0.0,
        "Operating Income": -30200000.0,
        "Operating Expense": 30200000.0,
        "Research And Development": 18459000.0,
        "Selling General And Administration": 11741000.0,
        "Selling And Marketing Expense": 11741000.0,
        "Gross Profit": NaN,
        "Cost Of Revenue": NaN,
        "Total Revenue": 0.0,
        "Operating Revenue": 0.0
    },
    "2022-03-31": {
        "Diluted EPS": -0.25,
        "Total Revenue": NaN,
        "Gross Profit": NaN,
        "Operating Income": -27,
        "EBIT": -27,
        "Net Income": -35
    },
    "2021-12-31": {
        "Diluted EPS": 2.04,
        "Total Revenue": NaN,
        "Gross Profit": NaN,
        "Operating Income": -28,
        "EBIT": -27,
        "Net Income": -29
    },
    "2021-09-30": {
        "Diluted EPS": -0.13,
        "Total Revenue": NaN,
        "Gross Profit": NaN,
        "Operating Income": -25,
        "EBIT": -25,
        "Net Income": -18
    },
    "2021-06-30": {
        "Diluted EPS": -0.97,
        "Total Revenue": NaN,
        "Gross Profit": NaN,
        "Operating Income": -32,
        "EBIT": -32,
        "Net Income": -36
    },
    "2021-03-31": {
        "Diluted EPS": -2.13,
        "Total Revenue": NaN,
        "Gross Profit": NaN,
        "Operating Income": -12,
        "EBIT": -12,
        "Net Income": -12
    },
    "2020-12-31": {
        "Diluted EPS": 0.0,
        "Total Revenue": NaN,
        "Gross Profit": NaN,
        "Operating Income": NaN,
        "EBIT": NaN,
        "Net Income": NaN
    },
    "2020-09-30": {
        "Diluted EPS": -1.6,
        "Total Revenue": NaN,
        "Gross Profit": NaN,
        "Operating Income": -9,
        "EBIT": -8,
        "Net Income": -9
    },
    "2020-06-30": {
        "Diluted EPS": -1.53,
        "Total Revenue": NaN,
        "Gross Profit": NaN,
        "Operating Income": -8,
        "EBIT": -8,
        "Net Income": -8
    },
    "2019-12-31": {
        "Diluted EPS": 0.0,
        "Total Revenue": NaN,
        "Gross Profit": NaN,
        "Operating Income": NaN,
        "EBIT": NaN,
        "Net Income": NaN
    },
    "2023-06-30": {
        "Tax Effect Of Unusual Items": NaN,
        "Tax Rate For Calcs": NaN,
        "Normalized EBITDA": NaN,
        "Total Unusual Items": NaN,
        "Total Unusual Items Excluding Goodwill": NaN,
        "Net Income From Continuing Operation Net Minority Interest": NaN,
        "Reconciled Depreciation": NaN,
        "Reconciled Cost Of Revenue": NaN,
        "EBITDA": NaN,
        "EBIT": NaN,
        "Normalized Income": NaN,
        "Net Income From Continuing And Discontinued Operation": NaN,
        "Total Expenses": NaN,
        "Total Operating Income As Reported": NaN,
        "Diluted Average Shares": 141507000.0,
        "Basic Average Shares": 141507000.0,
        "Diluted EPS": -0.18,
        "Basic EPS": -0.18,
        "Diluted NI Availto Com Stockholders": NaN,
        "Net Income Common Stockholders": NaN,
        "Net Income": NaN,
        "Net Income Including Noncontrolling Interests": NaN,
        "Net Income Continuous Operations": NaN,
        "Tax Provision": NaN,
        "Pretax Income": NaN,
        "Other Income Expense": NaN,
        "Other Non Operating Income Expenses": NaN,
        "Gain On Sale Of Security": NaN,
        "Operating Income": NaN,
        "Operating Expense": NaN,
        "Research And Development": NaN,
        "Selling General And Administration": NaN,
        "Gross Profit": NaN,
        "Cost Of Revenue": NaN,
        "Total Revenue": NaN,
        "Operating Revenue": NaN
    },
    "2023-09-30": {
        "Tax Effect Of Unusual Items": 0.0,
        "Tax Rate For Calcs": 0.0,
        "Normalized EBITDA": -28467000.0,
        "Total Unusual Items": 2462000.0,
        "Total Unusual Items Excluding Goodwill": 2462000.0,
        "Net Income From Continuing Operation Net Minority Interest": -24728000.0,
        "Reconciled Depreciation": 1170000.0,
        "Reconciled Cost Of Revenue": 115000.0,
        "EBITDA": -26005000.0,
        "EBIT": -27175000.0,
        "Normalized Income": -27190000.0,
        "Net Income From Continuing And Discontinued Operation": -24728000.0,
        "Total Expenses": 27398000.0,
        "Total Operating Income As Reported": -27175000.0,
        "Diluted Average Shares": 141660000.0,
        "Basic Average Shares": 141660000.0,
        "Diluted EPS": -0.17,
        "Basic EPS": -0.17,
        "Diluted NI Availto Com Stockholders": -24728000.0,
        "Net Income Common Stockholders": -24728000.0,
        "Net Income": -24728000.0,
        "Net Income Including Noncontrolling Interests": -24728000.0,
        "Net Income Continuous Operations": -24728000.0,
        "Tax Provision": 0.0,
        "Pretax Income": -24728000.0,
        "Other Income Expense": 2447000.0,
        "Other Non Operating Income Expenses": -15000.0,
        "Gain On Sale Of Security": 2462000.0,
        "Operating Income": -27175000.0,
        "Operating Expense": 27283000.0,
        "Research And Development": 16587000.0,
        "Selling General And Administration": 10696000.0,
        "Gross Profit": 108000.0,
        "Cost Of Revenue": 115000.0,
        "Total Revenue": 223000.0,
        "Operating Revenue": 223000.0
    },
    "2023-12-31": {
        "Tax Effect Of Unusual Items": 0.0,
        "Tax Rate For Calcs": 0.0,
        "Normalized EBITDA": -17418000.0,
        "Total Unusual Items": 5839000.0,
        "Total Unusual Items Excluding Goodwill": 5839000.0,
        "Net Income From Continuing Operation Net Minority Interest": -22048000.0,
        "Reconciled Depreciation": 1093000.0,
        "Reconciled Cost Of Revenue": 222000.0,
        "EBITDA": -11579000.0,
        "EBIT": -12672000.0,
        "Normalized Income": -27887000.0,
        "Net Income From Continuing And Discontinued Operation": -22048000.0,
        "Total Expenses": 28283000.0,
        "Total Operating Income As Reported": -27883000.0,
        "Diluted Average Shares": NaN,
        "Basic Average Shares": NaN,
        "Diluted EPS": NaN,
        "Basic EPS": NaN,
        "Diluted NI Availto Com Stockholders": -22048000.0,
        "Net Income Common Stockholders": -22048000.0,
        "Net Income": -22048000.0,
        "Net Income Including Noncontrolling Interests": -22048000.0,
        "Net Income Continuous Operations": -22048000.0,
        "Tax Provision": 0.0,
        "Pretax Income": -22048000.0,
        "Other Income Expense": 5835000.0,
        "Other Non Operating Income Expenses": -4000.0,
        "Gain On Sale Of Security": 5839000.0,
        "Operating Income": -27883000.0,
        "Operating Expense": 28061000.0,
        "Research And Development": 16437000.0,
        "Selling General And Administration": 11624000.0,
        "Gross Profit": 178000.0,
        "Cost Of Revenue": 222000.0,
        "Total Revenue": 400000.0,
        "Operating Revenue": 400000.0
    },
    "2024-03-31": {
        "Tax Effect Of Unusual Items": 0.0,
        "Tax Rate For Calcs": 0.0,
        "Normalized EBITDA": -26192000.0,
        "Total Unusual Items": 3893000.0,
        "Total Unusual Items Excluding Goodwill": 3893000.0,
        "Net Income From Continuing Operation Net Minority Interest": -19474000.0,
        "Reconciled Depreciation": 1061000.0,
        "Reconciled Cost Of Revenue": 188000.0,
        "EBITDA": -22299000.0,
        "EBIT": -23360000.0,
        "Normalized Income": -23367000.0,
        "Net Income From Continuing And Discontinued Operation": -19474000.0,
        "Total Expenses": 23817000.0,
        "Total Operating Income As Reported": -23360000.0,
        "Diluted Average Shares": 141773000.0,
        "Basic Average Shares": 141773000.0,
        "Diluted EPS": -0.14,
        "Basic EPS": -0.14,
        "Diluted NI Availto Com Stockholders": -19474000.0,
        "Net Income Common Stockholders": -19474000.0,
        "Net Income": -19474000.0,
        "Net Income Including Noncontrolling Interests": -19474000.0,
        "Net Income Continuous Operations": -19474000.0,
        "Tax Provision": 0.0,
        "Pretax Income": -19474000.0,
        "Other Income Expense": 3886000.0,
        "Other Non Operating Income Expenses": -7000.0,
        "Gain On Sale Of Security": 3893000.0,
        "Operating Income": -23360000.0,
        "Operating Expense": 23629000.0,
        "Research And Development": 12101000.0,
        "Selling General And Administration": 11528000.0,
        "Gross Profit": 269000.0,
        "Cost Of Revenue": 188000.0,
        "Total Revenue": 457000.0,
        "Operating Revenue": 457000.0
    },
    "2024-06-30": {
        "Tax Effect Of Unusual Items": 0.0,
        "Tax Rate For Calcs": 0.0,
        "Normalized EBITDA": -28428000.0,
        "Total Unusual Items": 3364000.0,
        "Total Unusual Items Excluding Goodwill": 3364000.0,
        "Net Income From Continuing Operation Net Minority Interest": -23099000.0,
        "Reconciled Depreciation": 1387000.0,
        "Reconciled Cost Of Revenue": 268000.0,
        "EBITDA": -25064000.0,
        "EBIT": -26451000.0,
        "Normalized Income": -26463000.0,
        "Net Income From Continuing And Discontinued Operation": -23099000.0,
        "Total Expenses": 27073000.0,
        "Total Operating Income As Reported": -26451000.0,
        "Diluted Average Shares": 141939000.0,
        "Basic Average Shares": 141939000.0,
        "Diluted EPS": -0.16,
        "Basic EPS": -0.16,
        "Diluted NI Availto Com Stockholders": -23099000.0,
        "Net Income Common Stockholders": -23099000.0,
        "Net Income": -23099000.0,
        "Net Income Including Noncontrolling Interests": -23099000.0,
        "Net Income Continuous Operations": -23099000.0,
        "Tax Provision": 0.0,
        "Pretax Income": -23099000.0,
        "Other Income Expense": 3352000.0,
        "Other Non Operating Income Expenses": -12000.0,
        "Gain On Sale Of Security": 3364000.0,
        "Operating Income": -26451000.0,
        "Operating Expense": 26805000.0,
        "Research And Development": 14381000.0,
        "Selling General And Administration": 12424000.0,
        "Gross Profit": 354000.0,
        "Cost Of Revenue": 268000.0,
        "Total Revenue": 622000.0,
        "Operating Revenue": 622000.0
    },
    "2024-09-30": {
        "Tax Effect Of Unusual Items": 589890.0,
        "Tax Rate For Calcs": 0.21,
        "Normalized EBITDA": -29739000.0,
        "Total Unusual Items": 2809000.0,
        "Total Unusual Items Excluding Goodwill": 2809000.0,
        "Net Income From Continuing Operation Net Minority Interest": -25313000.0,
        "Reconciled Depreciation": 1158000.0,
        "Reconciled Cost Of Revenue": 420000.0,
        "EBITDA": -26930000.0,
        "EBIT": -28088000.0,
        "Normalized Income": -27532110.0,
        "Net Income From Continuing And Discontinued Operation": -25313000.0,
        "Total Expenses": 28875000.0,
        "Total Operating Income As Reported": -28088000.0,
        "Diluted Average Shares": 142399000.0,
        "Basic Average Shares": 142399000.0,
        "Diluted EPS": -0.18,
        "Basic EPS": -0.18,
        "Diluted NI Availto Com Stockholders": -25313000.0,
        "Net Income Common Stockholders": -25313000.0,
        "Net Income": -25313000.0,
        "Net Income Including Noncontrolling Interests": -25313000.0,
        "Net Income Continuous Operations": -25313000.0,
        "Tax Provision": 43000.0,
        "Pretax Income": -25270000.0,
        "Other Income Expense": 2818000.0,
        "Other Non Operating Income Expenses": 9000.0,
        "Gain On Sale Of Security": 2809000.0,
        "Operating Income": -28088000.0,
        "Operating Expense": 28455000.0,
        "Research And Development": 16171000.0,
        "Selling General And Administration": 12284000.0,
        "Gross Profit": 367000.0,
        "Cost Of Revenue": 420000.0,
        "Total Revenue": 787000.0,
        "Operating Revenue": 787000.0
    }
}