{
    "2023-03-31": {
        "Tax Effect Of Unusual Items": NaN,
        "Tax Rate For Calcs": NaN,
        "Normalized EBITDA": NaN,
        "Total Unusual Items": NaN,
        "Total Unusual Items Excluding Goodwill": NaN,
        "Net Income From Continuing Operation Net Minority Interest": NaN,
        "Reconciled Depreciation": NaN,
        "Reconciled Cost Of Revenue": NaN,
        "EBITDA": NaN,
        "EBIT": NaN,
        "Net Interest Income": NaN,
        "Interest Expense": NaN,
        "Interest Income": NaN,
        "Normalized Income": NaN,
        "Net Income From Continuing And Discontinued Operation": NaN,
        "Total Expenses": NaN,
        "Total Operating Income As Reported": NaN,
        "Diluted Average Shares": NaN,
        "Basic Average Shares": NaN,
        "Diluted EPS": NaN,
        "Basic EPS": NaN,
        "Diluted NI Availto Com Stockholders": NaN,
        "Average Dilution Earnings": NaN,
        "Net Income Common Stockholders": NaN,
        "Net Income": NaN,
        "Minority Interests": NaN,
        "Net Income Including Noncontrolling Interests": NaN,
        "Net Income Continuous Operations": NaN,
        "Tax Provision": NaN,
        "Pretax Income": NaN,
        "Other Income Expense": NaN,
        "Special Income Charges": NaN,
        "Gain On Sale Of Ppe": NaN,
        "Other Special Charges": 1000000.0,
        "Restructuring And Mergern Acquisition": NaN,
        "Earnings From Equity Interest": NaN,
        "Gain On Sale Of Security": NaN,
        "Net Non Operating Interest Income Expense": NaN,
        "Total Other Finance Cost": NaN,
        "Interest Expense Non Operating": NaN,
        "Interest Income Non Operating": NaN,
        "Operating Income": NaN,
        "Operating Expense": NaN,
        "Other Operating Expenses": NaN,
        "Depreciation Amortization Depletion Income Statement": 6000000.0,
        "Depreciation And Amortization In Income Statement": 6000000.0,
        "Selling General And Administration": NaN,
        "General And Administrative Expense": NaN,
        "Other Gand A": NaN,
        "Salaries And Wages": 45000000.0,
        "Gross Profit": NaN,
        "Cost Of Revenue": NaN,
        "Total Revenue": NaN,
        "Operating Revenue": NaN
    },
    "2022-12-31": {
        "Tax Effect Of Unusual Items": NaN,
        "Tax Rate For Calcs": NaN,
        "Normalized EBITDA": NaN,
        "Total Unusual Items": NaN,
        "Total Unusual Items Excluding Goodwill": NaN,
        "Net Income From Continuing Operation Net Minority Interest": NaN,
        "Reconciled Depreciation": NaN,
        "Reconciled Cost Of Revenue": NaN,
        "EBITDA": NaN,
        "EBIT": NaN,
        "Net Interest Income": NaN,
        "Interest Expense": NaN,
        "Interest Income": NaN,
        "Normalized Income": NaN,
        "Net Income From Continuing And Discontinued Operation": NaN,
        "Total Expenses": NaN,
        "Total Operating Income As Reported": NaN,
        "Diluted Average Shares": NaN,
        "Basic Average Shares": NaN,
        "Diluted EPS": NaN,
        "Basic EPS": NaN,
        "Diluted NI Availto Com Stockholders": NaN,
        "Average Dilution Earnings": NaN,
        "Net Income Common Stockholders": NaN,
        "Net Income": NaN,
        "Minority Interests": NaN,
        "Net Income Including Noncontrolling Interests": NaN,
        "Net Income Continuous Operations": NaN,
        "Tax Provision": NaN,
        "Pretax Income": NaN,
        "Other Income Expense": NaN,
        "Special Income Charges": NaN,
        "Gain On Sale Of Ppe": NaN,
        "Other Special Charges": NaN,
        "Restructuring And Mergern Acquisition": NaN,
        "Earnings From Equity Interest": NaN,
        "Gain On Sale Of Security": NaN,
        "Net Non Operating Interest Income Expense": NaN,
        "Total Other Finance Cost": NaN,
        "Interest Expense Non Operating": NaN,
        "Interest Income Non Operating": NaN,
        "Operating Income": NaN,
        "Operating Expense": NaN,
        "Other Operating Expenses": NaN,
        "Depreciation Amortization Depletion Income Statement": 7000000.0,
        "Depreciation And Amortization In Income Statement": 7000000.0,
        "Selling General And Administration": NaN,
        "General And Administrative Expense": NaN,
        "Other Gand A": NaN,
        "Salaries And Wages": 43000000.0,
        "Gross Profit": NaN,
        "Cost Of Revenue": NaN,
        "Total Revenue": NaN,
        "Operating Revenue": NaN
    },
    "2022-09-30": {
        "Tax Effect Of Unusual Items": NaN,
        "Tax Rate For Calcs": NaN,
        "Normalized EBITDA": NaN,
        "Total Unusual Items": NaN,
        "Total Unusual Items Excluding Goodwill": NaN,
        "Net Income From Continuing Operation Net Minority Interest": NaN,
        "Reconciled Depreciation": NaN,
        "Reconciled Cost Of Revenue": NaN,
        "EBITDA": NaN,
        "EBIT": NaN,
        "Net Interest Income": NaN,
        "Interest Expense": NaN,
        "Interest Income": NaN,
        "Normalized Income": NaN,
        "Net Income From Continuing And Discontinued Operation": NaN,
        "Total Expenses": NaN,
        "Total Operating Income As Reported": NaN,
        "Diluted Average Shares": NaN,
        "Basic Average Shares": NaN,
        "Diluted EPS": NaN,
        "Basic EPS": NaN,
        "Diluted NI Availto Com Stockholders": NaN,
        "Average Dilution Earnings": NaN,
        "Net Income Common Stockholders": NaN,
        "Net Income": NaN,
        "Minority Interests": NaN,
        "Net Income Including Noncontrolling Interests": NaN,
        "Net Income Continuous Operations": NaN,
        "Tax Provision": NaN,
        "Pretax Income": NaN,
        "Other Income Expense": NaN,
        "Special Income Charges": NaN,
        "Gain On Sale Of Ppe": NaN,
        "Other Special Charges": NaN,
        "Restructuring And Mergern Acquisition": NaN,
        "Earnings From Equity Interest": NaN,
        "Gain On Sale Of Security": NaN,
        "Net Non Operating Interest Income Expense": NaN,
        "Total Other Finance Cost": NaN,
        "Interest Expense Non Operating": NaN,
        "Interest Income Non Operating": NaN,
        "Operating Income": NaN,
        "Operating Expense": NaN,
        "Other Operating Expenses": NaN,
        "Depreciation Amortization Depletion Income Statement": 6000000.0,
        "Depreciation And Amortization In Income Statement": 6000000.0,
        "Selling General And Administration": NaN,
        "General And Administrative Expense": NaN,
        "Other Gand A": NaN,
        "Salaries And Wages": 34000000.0,
        "Gross Profit": NaN,
        "Cost Of Revenue": NaN,
        "Total Revenue": NaN,
        "Operating Revenue": NaN
    },
    "2022-06-30": {
        "Tax Effect Of Unusual Items": 3180000.0,
        "Tax Rate For Calcs": 0.159,
        "Normalized EBITDA": 563000000.0,
        "Total Unusual Items": 20000000.0,
        "Total Unusual Items Excluding Goodwill": 20000000.0,
        "Net Income From Continuing Operation Net Minority Interest": 236000000.0,
        "Reconciled Depreciation": 48000000.0,
        "Reconciled Cost Of Revenue": 927000000.0,
        "EBITDA": 583000000.0,
        "EBIT": 535000000.0,
        "Net Interest Income": -129000000.0,
        "Interest Expense": 123000000.0,
        "Interest Income": 1000000.0,
        "Normalized Income": 219180000.0,
        "Net Income From Continuing And Discontinued Operation": 236000000.0,
        "Total Expenses": 1109000000.0,
        "Total Operating Income As Reported": 541000000.0,
        "Diluted Average Shares": 455000000.0,
        "Basic Average Shares": 308000000.0,
        "Diluted EPS": 0.76,
        "Basic EPS": 0.77,
        "Diluted NI Availto Com Stockholders": 345000000.0,
        "Average Dilution Earnings": 109000000.0,
        "Net Income Common Stockholders": 236000000.0,
        "Net Income": 236000000.0,
        "Minority Interests": -110000000.0,
        "Net Income Including Noncontrolling Interests": 346000000.0,
        "Net Income Continuous Operations": 346000000.0,
        "Tax Provision": 66000000.0,
        "Pretax Income": 412000000.0,
        "Other Income Expense": 11000000.0,
        "Special Income Charges": -11000000.0,
        "Gain On Sale Of Ppe": 1000000.0,
        "Other Special Charges": 2000000.0,
        "Restructuring And Mergern Acquisition": 10000000.0,
        "Earnings From Equity Interest": -9000000.0,
        "Gain On Sale Of Security": 31000000.0,
        "Net Non Operating Interest Income Expense": -129000000.0,
        "Total Other Finance Cost": 7000000.0,
        "Interest Expense Non Operating": 123000000.0,
        "Interest Income Non Operating": 1000000.0,
        "Operating Income": 530000000.0,
        "Operating Expense": 141000000.0,
        "Other Operating Expenses": 5000000.0,
        "Depreciation Amortization Depletion Income Statement": 7000000.0,
        "Depreciation And Amortization In Income Statement": 7000000.0,
        "Selling General And Administration": 129000000.0,
        "General And Administrative Expense": 129000000.0,
        "Other Gand A": 97000000.0,
        "Salaries And Wages": 32000000.0,
        "Gross Profit": 671000000.0,
        "Cost Of Revenue": 968000000.0,
        "Total Revenue": 1639000000.0,
        "Operating Revenue": 1639000000.0
    },
    "2022-03-31": {
        "Diluted EPS": 0.59,
        "Total Revenue": NaN,
        "Gross Profit": 827,
        "Operating Income": 450,
        "EBIT": 493,
        "Net Income": 183
    },
    "2021-12-31": {
        "Diluted EPS": 0.57,
        "Total Revenue": NaN,
        "Gross Profit": 883,
        "Operating Income": 416,
        "EBIT": 482,
        "Net Income": 179
    },
    "2021-09-30": {
        "Diluted EPS": 0.7,
        "Total Revenue": NaN,
        "Gross Profit": 884,
        "Operating Income": 533,
        "EBIT": 583,
        "Net Income": 221
    },
    "2021-06-30": {
        "Diluted EPS": 0.84,
        "Total Revenue": NaN,
        "Gross Profit": 850,
        "Operating Income": 488,
        "EBIT": 542,
        "Net Income": 259
    },
    "2021-03-31": {
        "Diluted EPS": 0.58,
        "Total Revenue": NaN,
        "Gross Profit": 743,
        "Operating Income": 442,
        "EBIT": 496,
        "Net Income": 179
    },
    "2020-12-31": {
        "Diluted EPS": 0.2,
        "Total Revenue": NaN,
        "Gross Profit": 769,
        "Operating Income": 373,
        "EBIT": 427,
        "Net Income": 34
    },
    "2020-09-30": {
        "Diluted EPS": 0.47,
        "Total Revenue": NaN,
        "Gross Profit": 794,
        "Operating Income": 417,
        "EBIT": 454,
        "Net Income": 145
    },
    "2020-06-30": {
        "Diluted EPS": 0.45,
        "Total Revenue": NaN,
        "Gross Profit": 577,
        "Operating Income": 243,
        "EBIT": 279,
        "Net Income": 163
    },
    "2020-03-31": {
        "Diluted EPS": 0.48,
        "Total Revenue": NaN,
        "Gross Profit": 703,
        "Operating Income": 389,
        "EBIT": 438,
        "Net Income": 144
    },
    "2019-12-31": {
        "Diluted EPS": 0.54,
        "Total Revenue": NaN,
        "Gross Profit": 861,
        "Operating Income": 511,
        "EBIT": 564,
        "Net Income": 165
    },
    "2019-09-30": {
        "Diluted EPS": 0.75,
        "Total Revenue": NaN,
        "Gross Profit": 850,
        "Operating Income": 571,
        "EBIT": 636,
        "Net Income": 201
    },
    "2019-06-30": {
        "Diluted EPS": 0.55,
        "Total Revenue": NaN,
        "Gross Profit": 812,
        "Operating Income": 491,
        "EBIT": 542,
        "Net Income": 142
    },
    "2019-03-31": {
        "Diluted EPS": 0.53,
        "Total Revenue": NaN,
        "Gross Profit": 727,
        "Operating Income": 434,
        "EBIT": 490,
        "Net Income": 135
    },
    "2018-12-31": {
        "Diluted EPS": 0.92,
        "Total Revenue": NaN,
        "Gross Profit": 807,
        "Operating Income": 516,
        "EBIT": 570,
        "Net Income": 163
    },
    "2018-09-30": {
        "Diluted EPS": 0.53,
        "Total Revenue": NaN,
        "Gross Profit": 798,
        "Operating Income": 478,
        "EBIT": 535,
        "Net Income": 134
    },
    "2018-06-30": {
        "Diluted EPS": 0.66,
        "Total Revenue": NaN,
        "Gross Profit": 791,
        "Operating Income": 502,
        "EBIT": 554,
        "Net Income": 167
    },
    "2018-03-31": {
        "Diluted EPS": 0.31,
        "Total Revenue": NaN,
        "Gross Profit": 721,
        "Operating Income": 421,
        "EBIT": 489,
        "Net Income": 148
    },
    "2017-12-31": {
        "Diluted EPS": 1.59,
        "Total Revenue": NaN,
        "Gross Profit": 626,
        "Operating Income": 505,
        "EBIT": 563,
        "Net Income": 395
    },
    "2017-09-30": {
        "Diluted EPS": 0.37,
        "Total Revenue": NaN,
        "Gross Profit": 597,
        "Operating Income": 479,
        "EBIT": 538,
        "Net Income": 91
    },
    "2017-06-30": {
        "Diluted EPS": 0.37,
        "Total Revenue": NaN,
        "Gross Profit": 559,
        "Operating Income": 414,
        "EBIT": 467,
        "Net Income": 90
    },
    "2017-03-31": {
        "Diluted EPS": 0.21,
        "Total Revenue": NaN,
        "Gross Profit": 466,
        "Operating Income": 336,
        "EBIT": 394,
        "Net Income": 50
    },
    "2016-12-31": {
        "Diluted EPS": 0.5,
        "Total Revenue": NaN,
        "Gross Profit": 539,
        "Operating Income": 492,
        "EBIT": 548,
        "Net Income": 118
    },
    "2016-09-30": {
        "Diluted EPS": 0.36,
        "Total Revenue": NaN,
        "Gross Profit": 509,
        "Operating Income": 421,
        "EBIT": 476,
        "Net Income": 86
    },
    "2016-06-30": {
        "Diluted EPS": 0.38,
        "Total Revenue": NaN,
        "Gross Profit": 490,
        "Operating Income": 424,
        "EBIT": 473,
        "Net Income": 91
    },
    "2016-03-31": {
        "Diluted EPS": 0.21,
        "Total Revenue": 919,
        "Gross Profit": 426,
        "Operating Income": 331,
        "EBIT": 401,
        "Net Income": 50
    },
    "2015-12-31": {
        "Diluted EPS": 0.25,
        "Total Revenue": NaN,
        "Gross Profit": 464,
        "Operating Income": 322,
        "EBIT": 378,
        "Net Income": 52
    },
    "2015-09-30": {
        "Diluted EPS": 0.24,
        "Total Revenue": NaN,
        "Gross Profit": 459,
        "Operating Income": 344,
        "EBIT": 396,
        "Net Income": 50
    },
    "2015-06-30": {
        "Diluted EPS": 0.05,
        "Total Revenue": NaN,
        "Gross Profit": 446,
        "Operating Income": 302,
        "EBIT": 350,
        "Net Income": 11
    },
    "2015-03-31": {
        "Diluted EPS": -0.04,
        "Total Revenue": 933,
        "Gross Profit": 371,
        "Operating Income": 224,
        "EBIT": 282,
        "Net Income": -8
    },
    "2014-12-31": {
        "Diluted EPS": -2.52,
        "Total Revenue": 416,
        "Gross Profit": 243,
        "Operating Income": -97,
        "EBIT": -56,
        "Net Income": 46
    },
    "2014-09-30": {
        "Diluted EPS": -0.07,
        "Total Revenue": 279,
        "Gross Profit": 221,
        "Operating Income": 1,
        "EBIT": 36,
        "Net Income": -24
    },
    "2014-06-30": {
        "Diluted EPS": 0.21,
        "Total Revenue": 261,
        "Gross Profit": 210,
        "Operating Income": 152,
        "EBIT": 176,
        "Net Income": 75
    },
    "2014-03-31": {
        "Diluted EPS": 0.17,
        "Total Revenue": 241,
        "Gross Profit": 188,
        "Operating Income": 131,
        "EBIT": 158,
        "Net Income": 60
    },
    "2013-12-31": {
        "Diluted EPS": 0.0,
        "Total Revenue": NaN,
        "Gross Profit": NaN,
        "Operating Income": NaN,
        "EBIT": NaN,
        "Net Income": NaN
    },
    "2012-12-31": {
        "Diluted EPS": 0.0,
        "Total Revenue": NaN,
        "Gross Profit": NaN,
        "Operating Income": NaN,
        "EBIT": NaN,
        "Net Income": NaN
    },
    "2023-06-30": {
        "Tax Effect Of Unusual Items": 858000.0,
        "Tax Rate For Calcs": 0.143,
        "Normalized EBITDA": 599000000.0,
        "Total Unusual Items": 6000000.0,
        "Total Unusual Items Excluding Goodwill": 6000000.0,
        "Net Income From Continuing Operation Net Minority Interest": 241000000.0,
        "Reconciled Depreciation": 49000000.0,
        "Reconciled Cost Of Revenue": 1014000000.0,
        "EBITDA": 605000000.0,
        "EBIT": 556000000.0,
        "Net Interest Income": -145000000.0,
        "Interest Expense": 147000000.0,
        "Interest Income": 9000000.0,
        "Normalized Income": 235858000.0,
        "Net Income From Continuing And Discontinued Operation": 241000000.0,
        "Total Expenses": 1216000000.0,
        "Total Operating Income As Reported": 554000000.0,
        "Diluted Average Shares": 458000000.0,
        "Basic Average Shares": 312000000.0,
        "Diluted EPS": 0.77,
        "Basic EPS": 0.77,
        "Diluted NI Availto Com Stockholders": 350000000.0,
        "Average Dilution Earnings": 109000000.0,
        "Net Income Common Stockholders": 241000000.0,
        "Net Income": 241000000.0,
        "Minority Interests": -110000000.0,
        "Net Income Including Noncontrolling Interests": 351000000.0,
        "Net Income Continuous Operations": 351000000.0,
        "Tax Provision": 58000000.0,
        "Pretax Income": 409000000.0,
        "Other Income Expense": -5000000.0,
        "Special Income Charges": 5000000.0,
        "Gain On Sale Of Ppe": 9000000.0,
        "Other Special Charges": -3000000.0,
        "Restructuring And Mergern Acquisition": 7000000.0,
        "Earnings From Equity Interest": -11000000.0,
        "Gain On Sale Of Security": 1000000.0,
        "Net Non Operating Interest Income Expense": -145000000.0,
        "Total Other Finance Cost": 7000000.0,
        "Interest Expense Non Operating": 147000000.0,
        "Interest Income Non Operating": 9000000.0,
        "Operating Income": 559000000.0,
        "Operating Expense": 162000000.0,
        "Other Operating Expenses": 6000000.0,
        "Depreciation Amortization Depletion Income Statement": 9000000.0,
        "Depreciation And Amortization In Income Statement": 9000000.0,
        "Selling General And Administration": 147000000.0,
        "General And Administrative Expense": 147000000.0,
        "Other Gand A": 100000000.0,
        "Salaries And Wages": 47000000.0,
        "Gross Profit": 721000000.0,
        "Cost Of Revenue": 1054000000.0,
        "Total Revenue": 1775000000.0,
        "Operating Revenue": 1775000000.0
    },
    "2023-09-30": {
        "Tax Effect Of Unusual Items": -4760000.0,
        "Tax Rate For Calcs": 0.14,
        "Normalized EBITDA": 653000000.0,
        "Total Unusual Items": -34000000.0,
        "Total Unusual Items Excluding Goodwill": -34000000.0,
        "Net Income From Continuing Operation Net Minority Interest": 252000000.0,
        "Reconciled Depreciation": 47000000.0,
        "Reconciled Cost Of Revenue": 1036000000.0,
        "EBITDA": 619000000.0,
        "EBIT": 572000000.0,
        "Net Interest Income": -143000000.0,
        "Interest Expense": 149000000.0,
        "Interest Income": 13000000.0,
        "Normalized Income": 281240000.0,
        "Net Income From Continuing And Discontinued Operation": 252000000.0,
        "Total Expenses": 1236000000.0,
        "Total Operating Income As Reported": 582000000.0,
        "Diluted Average Shares": 459000000.0,
        "Basic Average Shares": 314000000.0,
        "Diluted EPS": 0.79,
        "Basic EPS": 0.8,
        "Diluted NI Availto Com Stockholders": 363000000.0,
        "Average Dilution Earnings": 111000000.0,
        "Net Income Common Stockholders": 252000000.0,
        "Net Income": 252000000.0,
        "Minority Interests": -112000000.0,
        "Net Income Including Noncontrolling Interests": 364000000.0,
        "Net Income Continuous Operations": 364000000.0,
        "Tax Provision": 59000000.0,
        "Pretax Income": 423000000.0,
        "Other Income Expense": -35000000.0,
        "Special Income Charges": -52000000.0,
        "Gain On Sale Of Ppe": -30000000.0,
        "Other Special Charges": 17000000.0,
        "Restructuring And Mergern Acquisition": 5000000.0,
        "Earnings From Equity Interest": -1000000.0,
        "Gain On Sale Of Security": 18000000.0,
        "Net Non Operating Interest Income Expense": -143000000.0,
        "Total Other Finance Cost": 7000000.0,
        "Interest Expense Non Operating": 149000000.0,
        "Interest Income Non Operating": 13000000.0,
        "Operating Income": 601000000.0,
        "Operating Expense": 161000000.0,
        "Other Operating Expenses": -3000000.0,
        "Depreciation Amortization Depletion Income Statement": 8000000.0,
        "Depreciation And Amortization In Income Statement": 8000000.0,
        "Selling General And Administration": 156000000.0,
        "General And Administrative Expense": 156000000.0,
        "Other Gand A": 108000000.0,
        "Salaries And Wages": 48000000.0,
        "Gross Profit": 762000000.0,
        "Cost Of Revenue": 1075000000.0,
        "Total Revenue": 1837000000.0,
        "Operating Revenue": 1837000000.0
    },
    "2023-12-31": {
        "Tax Effect Of Unusual Items": -20400000.0,
        "Tax Rate For Calcs": 0.4,
        "Normalized EBITDA": 573000000.0,
        "Total Unusual Items": -51000000.0,
        "Total Unusual Items Excluding Goodwill": -51000000.0,
        "Net Income From Continuing Operation Net Minority Interest": 508000000.0,
        "Reconciled Depreciation": 49000000.0,
        "Reconciled Cost Of Revenue": 1147000000.0,
        "EBITDA": 522000000.0,
        "EBIT": 473000000.0,
        "Net Interest Income": -152000000.0,
        "Interest Expense": 157000000.0,
        "Interest Income": 11000000.0,
        "Normalized Income": 538600000.0,
        "Net Income From Continuing And Discontinued Operation": 508000000.0,
        "Total Expenses": 1328000000.0,
        "Total Operating Income As Reported": 468000000.0,
        "Diluted Average Shares": 453000000.0,
        "Basic Average Shares": 313000000.0,
        "Diluted EPS": 1.6,
        "Basic EPS": 1.63,
        "Diluted NI Availto Com Stockholders": 726000000.0,
        "Average Dilution Earnings": 218000000.0,
        "Net Income Common Stockholders": 508000000.0,
        "Net Income": 508000000.0,
        "Minority Interests": -218000000.0,
        "Net Income Including Noncontrolling Interests": 726000000.0,
        "Net Income Continuous Operations": 726000000.0,
        "Tax Provision": -410000000.0,
        "Pretax Income": 316000000.0,
        "Other Income Expense": -24000000.0,
        "Special Income Charges": -20000000.0,
        "Gain On Sale Of Ppe": 3000000.0,
        "Other Special Charges": 2000000.0,
        "Restructuring And Mergern Acquisition": 21000000.0,
        "Earnings From Equity Interest": 27000000.0,
        "Gain On Sale Of Security": -31000000.0,
        "Net Non Operating Interest Income Expense": -152000000.0,
        "Total Other Finance Cost": 6000000.0,
        "Interest Expense Non Operating": 157000000.0,
        "Interest Income Non Operating": 11000000.0,
        "Operating Income": 492000000.0,
        "Operating Expense": 181000000.0,
        "Other Operating Expenses": 5000000.0,
        "Depreciation Amortization Depletion Income Statement": NaN,
        "Depreciation And Amortization In Income Statement": NaN,
        "Selling General And Administration": 199000000.0,
        "General And Administrative Expense": 199000000.0,
        "Other Gand A": 339000000.0,
        "Salaries And Wages": NaN,
        "Gross Profit": 673000000.0,
        "Cost Of Revenue": 1147000000.0,
        "Total Revenue": 1820000000.0,
        "Operating Revenue": 1820000000.0
    },
    "2024-03-31": {
        "Tax Effect Of Unusual Items": 2580000.0,
        "Tax Rate For Calcs": 0.172,
        "Normalized EBITDA": 583000000.0,
        "Total Unusual Items": 15000000.0,
        "Total Unusual Items Excluding Goodwill": 15000000.0,
        "Net Income From Continuing Operation Net Minority Interest": 230000000.0,
        "Reconciled Depreciation": 49000000.0,
        "Reconciled Cost Of Revenue": 1043000000.0,
        "EBITDA": 598000000.0,
        "EBIT": 549000000.0,
        "Net Interest Income": -148000000.0,
        "Interest Expense": 153000000.0,
        "Interest Income": 11000000.0,
        "Normalized Income": 217580000.0,
        "Net Income From Continuing And Discontinued Operation": 230000000.0,
        "Total Expenses": 1213000000.0,
        "Total Operating Income As Reported": 544000000.0,
        "Diluted Average Shares": 453000000.0,
        "Basic Average Shares": 314000000.0,
        "Diluted EPS": 0.72,
        "Basic EPS": 0.73,
        "Diluted NI Availto Com Stockholders": 327000000.0,
        "Average Dilution Earnings": 97000000.0,
        "Net Income Common Stockholders": 230000000.0,
        "Net Income": 230000000.0,
        "Minority Interests": -98000000.0,
        "Net Income Including Noncontrolling Interests": 328000000.0,
        "Net Income Continuous Operations": 328000000.0,
        "Tax Provision": 68000000.0,
        "Pretax Income": 396000000.0,
        "Other Income Expense": 18000000.0,
        "Special Income Charges": -8000000.0,
        "Gain On Sale Of Ppe": -2000000.0,
        "Other Special Charges": NaN,
        "Restructuring And Mergern Acquisition": 6000000.0,
        "Earnings From Equity Interest": 3000000.0,
        "Gain On Sale Of Security": 23000000.0,
        "Net Non Operating Interest Income Expense": -148000000.0,
        "Total Other Finance Cost": 6000000.0,
        "Interest Expense Non Operating": 153000000.0,
        "Interest Income Non Operating": 11000000.0,
        "Operating Income": 526000000.0,
        "Operating Expense": 170000000.0,
        "Other Operating Expenses": 3000000.0,
        "Depreciation Amortization Depletion Income Statement": NaN,
        "Depreciation And Amortization In Income Statement": NaN,
        "Selling General And Administration": 167000000.0,
        "General And Administrative Expense": 167000000.0,
        "Other Gand A": 167000000.0,
        "Salaries And Wages": NaN,
        "Gross Profit": 696000000.0,
        "Cost Of Revenue": 1043000000.0,
        "Total Revenue": 1739000000.0,
        "Operating Revenue": 1739000000.0
    },
    "2024-06-30": {
        "Tax Effect Of Unusual Items": -8800000.0,
        "Tax Rate For Calcs": 0.176,
        "Normalized EBITDA": 743000000.0,
        "Total Unusual Items": -50000000.0,
        "Total Unusual Items Excluding Goodwill": -50000000.0,
        "Net Income From Continuing Operation Net Minority Interest": 280000000.0,
        "Reconciled Depreciation": 59000000.0,
        "Reconciled Cost Of Revenue": 1294000000.0,
        "EBITDA": 693000000.0,
        "EBIT": 634000000.0,
        "Net Interest Income": -147000000.0,
        "Interest Expense": 150000000.0,
        "Interest Income": 9000000.0,
        "Normalized Income": 321200000.0,
        "Net Income From Continuing And Discontinued Operation": 280000000.0,
        "Total Expenses": 1468000000.0,
        "Total Operating Income As Reported": 663000000.0,
        "Diluted Average Shares": 453000000.0,
        "Basic Average Shares": 317000000.0,
        "Diluted EPS": 0.88,
        "Basic EPS": 0.89,
        "Diluted NI Availto Com Stockholders": 399000000.0,
        "Average Dilution Earnings": 119000000.0,
        "Net Income Common Stockholders": 280000000.0,
        "Net Income": 280000000.0,
        "Minority Interests": -119000000.0,
        "Net Income Including Noncontrolling Interests": 399000000.0,
        "Net Income Continuous Operations": 399000000.0,
        "Tax Provision": 85000000.0,
        "Pretax Income": 484000000.0,
        "Other Income Expense": 19000000.0,
        "Special Income Charges": -56000000.0,
        "Gain On Sale Of Ppe": -8000000.0,
        "Other Special Charges": 33000000.0,
        "Restructuring And Mergern Acquisition": 15000000.0,
        "Earnings From Equity Interest": 69000000.0,
        "Gain On Sale Of Security": 6000000.0,
        "Net Non Operating Interest Income Expense": -147000000.0,
        "Total Other Finance Cost": 6000000.0,
        "Interest Expense Non Operating": 150000000.0,
        "Interest Income Non Operating": 9000000.0,
        "Operating Income": 612000000.0,
        "Operating Expense": 174000000.0,
        "Other Operating Expenses": 4000000.0,
        "Depreciation Amortization Depletion Income Statement": NaN,
        "Depreciation And Amortization In Income Statement": NaN,
        "Selling General And Administration": 170000000.0,
        "General And Administrative Expense": 170000000.0,
        "Other Gand A": 170000000.0,
        "Salaries And Wages": NaN,
        "Gross Profit": 786000000.0,
        "Cost Of Revenue": 1294000000.0,
        "Total Revenue": 2080000000.0,
        "Operating Revenue": 2080000000.0
    }
}