{
    "2023-03-31": {
        "Tax Effect Of Unusual Items": 0.0,
        "Tax Rate For Calcs": 0.21,
        "Normalized EBITDA": -652000.0,
        "Total Unusual Items": NaN,
        "Total Unusual Items Excluding Goodwill": NaN,
        "Net Income From Continuing Operation Net Minority Interest": -1228000.0,
        "Reconciled Depreciation": 448000.0,
        "Reconciled Cost Of Revenue": 1743000.0,
        "EBITDA": -652000.0,
        "EBIT": -1100000.0,
        "Net Interest Income": -121000.0,
        "Interest Expense": 121000.0,
        "Interest Income": NaN,
        "Normalized Income": -1228000.0,
        "Net Income From Continuing And Discontinued Operation": -1228000.0,
        "Total Expenses": 5233000.0,
        "Total Operating Income As Reported": -1100000.0,
        "Diluted Average Shares": 13215000.0,
        "Basic Average Shares": 13215000.0,
        "Diluted EPS": -0.09,
        "Basic EPS": -0.09,
        "Diluted NI Availto Com Stockholders": -1228000.0,
        "Net Income Common Stockholders": -1228000.0,
        "Net Income": -1228000.0,
        "Net Income Including Noncontrolling Interests": -1228000.0,
        "Net Income Continuous Operations": -1228000.0,
        "Tax Provision": 7000.0,
        "Pretax Income": -1221000.0,
        "Special Income Charges": NaN,
        "Net Non Operating Interest Income Expense": -121000.0,
        "Interest Expense Non Operating": 121000.0,
        "Interest Income Non Operating": NaN,
        "Operating Income": -1100000.0,
        "Operating Expense": 3490000.0,
        "Research And Development": 1629000.0,
        "Selling General And Administration": 1861000.0,
        "General And Administrative Expense": NaN,
        "Other Gand A": NaN,
        "Salaries And Wages": NaN,
        "Gross Profit": 2390000.0,
        "Cost Of Revenue": 1743000.0,
        "Total Revenue": 4133000.0,
        "Operating Revenue": 4133000.0
    },
    "2022-12-31": {
        "Tax Effect Of Unusual Items": NaN,
        "Tax Rate For Calcs": NaN,
        "Normalized EBITDA": NaN,
        "Total Unusual Items": 0.0,
        "Total Unusual Items Excluding Goodwill": 0.0,
        "Net Income From Continuing Operation Net Minority Interest": NaN,
        "Reconciled Depreciation": NaN,
        "Reconciled Cost Of Revenue": NaN,
        "EBITDA": NaN,
        "EBIT": NaN,
        "Net Interest Income": NaN,
        "Interest Expense": NaN,
        "Interest Income": NaN,
        "Normalized Income": NaN,
        "Net Income From Continuing And Discontinued Operation": NaN,
        "Total Expenses": NaN,
        "Total Operating Income As Reported": NaN,
        "Diluted Average Shares": NaN,
        "Basic Average Shares": NaN,
        "Diluted EPS": NaN,
        "Basic EPS": NaN,
        "Diluted NI Availto Com Stockholders": NaN,
        "Net Income Common Stockholders": NaN,
        "Net Income": NaN,
        "Net Income Including Noncontrolling Interests": NaN,
        "Net Income Continuous Operations": NaN,
        "Tax Provision": NaN,
        "Pretax Income": NaN,
        "Special Income Charges": 0.0,
        "Net Non Operating Interest Income Expense": NaN,
        "Interest Expense Non Operating": NaN,
        "Interest Income Non Operating": NaN,
        "Operating Income": NaN,
        "Operating Expense": NaN,
        "Research And Development": NaN,
        "Selling General And Administration": NaN,
        "General And Administrative Expense": NaN,
        "Other Gand A": NaN,
        "Salaries And Wages": NaN,
        "Gross Profit": NaN,
        "Cost Of Revenue": NaN,
        "Total Revenue": NaN,
        "Operating Revenue": NaN
    },
    "2022-09-30": {
        "Tax Effect Of Unusual Items": NaN,
        "Tax Rate For Calcs": NaN,
        "Normalized EBITDA": NaN,
        "Total Unusual Items": 0.0,
        "Total Unusual Items Excluding Goodwill": 0.0,
        "Net Income From Continuing Operation Net Minority Interest": NaN,
        "Reconciled Depreciation": NaN,
        "Reconciled Cost Of Revenue": NaN,
        "EBITDA": NaN,
        "EBIT": NaN,
        "Net Interest Income": NaN,
        "Interest Expense": NaN,
        "Interest Income": NaN,
        "Normalized Income": NaN,
        "Net Income From Continuing And Discontinued Operation": NaN,
        "Total Expenses": NaN,
        "Total Operating Income As Reported": NaN,
        "Diluted Average Shares": NaN,
        "Basic Average Shares": NaN,
        "Diluted EPS": NaN,
        "Basic EPS": NaN,
        "Diluted NI Availto Com Stockholders": NaN,
        "Net Income Common Stockholders": NaN,
        "Net Income": NaN,
        "Net Income Including Noncontrolling Interests": NaN,
        "Net Income Continuous Operations": NaN,
        "Tax Provision": NaN,
        "Pretax Income": NaN,
        "Special Income Charges": 0.0,
        "Net Non Operating Interest Income Expense": NaN,
        "Interest Expense Non Operating": NaN,
        "Interest Income Non Operating": NaN,
        "Operating Income": NaN,
        "Operating Expense": NaN,
        "Research And Development": NaN,
        "Selling General And Administration": NaN,
        "General And Administrative Expense": NaN,
        "Other Gand A": NaN,
        "Salaries And Wages": NaN,
        "Gross Profit": NaN,
        "Cost Of Revenue": NaN,
        "Total Revenue": NaN,
        "Operating Revenue": NaN
    },
    "2022-06-30": {
        "Tax Effect Of Unusual Items": 0.0,
        "Tax Rate For Calcs": 0.4,
        "Normalized EBITDA": -313000.0,
        "Total Unusual Items": 0.0,
        "Total Unusual Items Excluding Goodwill": 0.0,
        "Net Income From Continuing Operation Net Minority Interest": -524000.0,
        "Reconciled Depreciation": 172000.0,
        "Reconciled Cost Of Revenue": 1997000.0,
        "EBITDA": -313000.0,
        "EBIT": -485000.0,
        "Net Interest Income": 120000.0,
        "Interest Expense": 22000.0,
        "Interest Income": 142000.0,
        "Normalized Income": -524000.0,
        "Net Income From Continuing And Discontinued Operation": -524000.0,
        "Total Expenses": 5168000.0,
        "Total Operating Income As Reported": -627000.0,
        "Diluted Average Shares": 12412000.0,
        "Basic Average Shares": 12412000.0,
        "Diluted EPS": -0.04,
        "Basic EPS": -0.04,
        "Diluted NI Availto Com Stockholders": -524000.0,
        "Net Income Common Stockholders": -524000.0,
        "Net Income": -524000.0,
        "Net Income Including Noncontrolling Interests": -524000.0,
        "Net Income Continuous Operations": -524000.0,
        "Tax Provision": 17000.0,
        "Pretax Income": -507000.0,
        "Other Income Expense": NaN,
        "Special Income Charges": 0.0,
        "Restructuring And Mergern Acquisition": NaN,
        "Net Non Operating Interest Income Expense": 120000.0,
        "Interest Expense Non Operating": 22000.0,
        "Interest Income Non Operating": 142000.0,
        "Operating Income": -627000.0,
        "Operating Expense": 3171000.0,
        "Research And Development": 1190000.0,
        "Selling General And Administration": 1981000.0,
        "General And Administrative Expense": NaN,
        "Other Gand A": NaN,
        "Salaries And Wages": NaN,
        "Gross Profit": 2544000.0,
        "Cost Of Revenue": 1997000.0,
        "Total Revenue": 4541000.0,
        "Operating Revenue": 4541000.0
    },
    "2022-03-31": {
        "Diluted EPS": -0.1,
        "Total Revenue": 4,
        "Gross Profit": 2,
        "Operating Income": -1,
        "EBIT": -1,
        "Net Income": -1
    },
    "2021-12-31": {
        "Diluted EPS": -0.13,
        "Total Revenue": 4,
        "Gross Profit": 2,
        "Operating Income": -2,
        "EBIT": -1,
        "Net Income": -2
    },
    "2021-09-30": {
        "Diluted EPS": -0.11,
        "Total Revenue": 4,
        "Gross Profit": 3,
        "Operating Income": -1,
        "EBIT": -1,
        "Net Income": -1
    },
    "2021-06-30": {
        "Diluted EPS": -0.18,
        "Total Revenue": 3,
        "Gross Profit": 1,
        "Operating Income": -2,
        "EBIT": -2,
        "Net Income": -2
    },
    "2021-03-31": {
        "Diluted EPS": -0.15,
        "Total Revenue": 2,
        "Gross Profit": 1,
        "Operating Income": -3,
        "EBIT": -3,
        "Net Income": -2
    },
    "2020-12-31": {
        "Diluted EPS": -0.22,
        "Total Revenue": 3,
        "Gross Profit": 1,
        "Operating Income": -3,
        "EBIT": -3,
        "Net Income": -3
    },
    "2020-09-30": {
        "Diluted EPS": -0.19,
        "Total Revenue": 2,
        "Gross Profit": 1,
        "Operating Income": -2,
        "EBIT": -2,
        "Net Income": -2
    },
    "2020-06-30": {
        "Diluted EPS": -0.35,
        "Total Revenue": 2,
        "Gross Profit": 1,
        "Operating Income": -3,
        "EBIT": -3,
        "Net Income": -3
    },
    "2020-03-31": {
        "Diluted EPS": -0.38,
        "Total Revenue": 2,
        "Gross Profit": 1,
        "Operating Income": -3,
        "EBIT": -3,
        "Net Income": -3
    },
    "2019-12-31": {
        "Diluted EPS": -0.36,
        "Total Revenue": 3,
        "Gross Profit": 2,
        "Operating Income": -3,
        "EBIT": -3,
        "Net Income": -3
    },
    "2019-09-30": {
        "Diluted EPS": -0.51,
        "Total Revenue": 2,
        "Gross Profit": 1,
        "Operating Income": -4,
        "EBIT": -4,
        "Net Income": -4
    },
    "2019-06-30": {
        "Diluted EPS": -0.65,
        "Total Revenue": 2,
        "Gross Profit": 1,
        "Operating Income": -5,
        "EBIT": -4,
        "Net Income": -5
    },
    "2019-03-31": {
        "Diluted EPS": -0.5,
        "Total Revenue": 3,
        "Gross Profit": 2,
        "Operating Income": -4,
        "EBIT": -3,
        "Net Income": -3
    },
    "2018-12-31": {
        "Diluted EPS": -0.48,
        "Total Revenue": 3,
        "Gross Profit": 2,
        "Operating Income": -3,
        "EBIT": -3,
        "Net Income": -3
    },
    "2018-09-30": {
        "Diluted EPS": -0.42,
        "Total Revenue": 4,
        "Gross Profit": 2,
        "Operating Income": -3,
        "EBIT": -3,
        "Net Income": -3
    },
    "2018-06-30": {
        "Diluted EPS": -0.56,
        "Total Revenue": 3,
        "Gross Profit": 2,
        "Operating Income": -3,
        "EBIT": -3,
        "Net Income": -3
    },
    "2018-03-31": {
        "Diluted EPS": -0.7,
        "Total Revenue": 3,
        "Gross Profit": 1,
        "Operating Income": -4,
        "EBIT": -4,
        "Net Income": -4
    },
    "2017-12-31": {
        "Diluted EPS": -0.6,
        "Total Revenue": 3,
        "Gross Profit": 2,
        "Operating Income": -3,
        "EBIT": -3,
        "Net Income": -3
    },
    "2017-09-30": {
        "Diluted EPS": -0.56,
        "Total Revenue": 3,
        "Gross Profit": 1,
        "Operating Income": -3,
        "EBIT": -3,
        "Net Income": -4
    },
    "2017-06-30": {
        "Diluted EPS": -0.7,
        "Total Revenue": 3,
        "Gross Profit": 1,
        "Operating Income": -4,
        "EBIT": -3,
        "Net Income": -4
    },
    "2017-03-31": {
        "Diluted EPS": -0.7,
        "Total Revenue": 3,
        "Gross Profit": 1,
        "Operating Income": -3,
        "EBIT": -3,
        "Net Income": -4
    },
    "2016-12-31": {
        "Diluted EPS": -0.7,
        "Total Revenue": 3,
        "Gross Profit": 1,
        "Operating Income": -4,
        "EBIT": -3,
        "Net Income": -4
    },
    "2016-09-30": {
        "Diluted EPS": -0.98,
        "Total Revenue": 3,
        "Gross Profit": 1,
        "Operating Income": -5,
        "EBIT": -4,
        "Net Income": -5
    },
    "2016-06-30": {
        "Diluted EPS": -1.12,
        "Total Revenue": 3,
        "Gross Profit": 1,
        "Operating Income": -5,
        "EBIT": -5,
        "Net Income": -6
    },
    "2016-03-31": {
        "Diluted EPS": -1.26,
        "Total Revenue": 3,
        "Gross Profit": 1,
        "Operating Income": -5,
        "EBIT": -5,
        "Net Income": -5
    },
    "2015-12-31": {
        "Diluted EPS": -1.26,
        "Total Revenue": 4,
        "Gross Profit": 1,
        "Operating Income": -5,
        "EBIT": -4,
        "Net Income": -5
    },
    "2015-09-30": {
        "Diluted EPS": -1.26,
        "Total Revenue": 4,
        "Gross Profit": 1,
        "Operating Income": -5,
        "EBIT": -5,
        "Net Income": -5
    },
    "2015-06-30": {
        "Diluted EPS": -1.12,
        "Total Revenue": 5,
        "Gross Profit": 2,
        "Operating Income": -4,
        "EBIT": -4,
        "Net Income": -4
    },
    "2015-03-31": {
        "Diluted EPS": -0.84,
        "Total Revenue": 6,
        "Gross Profit": 3,
        "Operating Income": -4,
        "EBIT": -3,
        "Net Income": -4
    },
    "2014-12-31": {
        "Diluted EPS": -0.98,
        "Total Revenue": 6,
        "Gross Profit": 2,
        "Operating Income": -4,
        "EBIT": -4,
        "Net Income": -4
    },
    "2014-09-30": {
        "Diluted EPS": -0.98,
        "Total Revenue": 4,
        "Gross Profit": 2,
        "Operating Income": -4,
        "EBIT": -3,
        "Net Income": -4
    },
    "2014-06-30": {
        "Diluted EPS": -0.7,
        "Total Revenue": 7,
        "Gross Profit": 3,
        "Operating Income": -3,
        "EBIT": -3,
        "Net Income": -3
    },
    "2014-03-31": {
        "Diluted EPS": -0.56,
        "Total Revenue": 11,
        "Gross Profit": 4,
        "Operating Income": -2,
        "EBIT": -2,
        "Net Income": -2
    },
    "2013-12-31": {
        "Diluted EPS": -0.98,
        "Total Revenue": 9,
        "Gross Profit": 3,
        "Operating Income": -3,
        "EBIT": -3,
        "Net Income": -3
    },
    "2013-09-30": {
        "Diluted EPS": -0.7,
        "Total Revenue": 9,
        "Gross Profit": 3,
        "Operating Income": -2,
        "EBIT": -2,
        "Net Income": -2
    },
    "2013-06-30": {
        "Diluted EPS": -0.98,
        "Total Revenue": 5,
        "Gross Profit": 2,
        "Operating Income": -3,
        "EBIT": -3,
        "Net Income": -3
    },
    "2013-03-31": {
        "Diluted EPS": -1.12,
        "Total Revenue": 3,
        "Gross Profit": 1,
        "Operating Income": -4,
        "EBIT": -3,
        "Net Income": -4
    },
    "2012-12-31": {
        "Diluted EPS": -0.7,
        "Total Revenue": 3,
        "Gross Profit": 2,
        "Operating Income": -2,
        "EBIT": -2,
        "Net Income": -3
    },
    "2012-09-30": {
        "Diluted EPS": -0.84,
        "Total Revenue": 4,
        "Gross Profit": 2,
        "Operating Income": -3,
        "EBIT": -2,
        "Net Income": -3
    },
    "2012-06-30": {
        "Diluted EPS": -1.12,
        "Total Revenue": 4,
        "Gross Profit": 2,
        "Operating Income": -3,
        "EBIT": -3,
        "Net Income": -3
    },
    "2012-03-31": {
        "Diluted EPS": -1.4,
        "Total Revenue": 4,
        "Gross Profit": 2,
        "Operating Income": -4,
        "EBIT": -3,
        "Net Income": -4
    },
    "2011-12-31": {
        "Diluted EPS": -1.4,
        "Total Revenue": 4,
        "Gross Profit": 2,
        "Operating Income": -3,
        "EBIT": -3,
        "Net Income": -3
    },
    "2011-09-30": {
        "Diluted EPS": -0.56,
        "Total Revenue": 5,
        "Gross Profit": 3,
        "Operating Income": -1,
        "EBIT": -1,
        "Net Income": -2
    },
    "2011-06-30": {
        "Diluted EPS": -0.7,
        "Total Revenue": 6,
        "Gross Profit": 4,
        "Operating Income": -2,
        "EBIT": -2,
        "Net Income": -2
    },
    "2011-03-31": {
        "Diluted EPS": -0.28,
        "Total Revenue": 6,
        "Gross Profit": 4,
        "Operating Income": -1,
        "EBIT": 0,
        "Net Income": -1
    },
    "2010-12-31": {
        "Diluted EPS": 0.04,
        "Total Revenue": 7,
        "Gross Profit": 5,
        "Operating Income": 0,
        "EBIT": 0,
        "Net Income": 0
    },
    "2010-09-30": {
        "Diluted EPS": 0.14,
        "Total Revenue": 7,
        "Gross Profit": 5,
        "Operating Income": 0,
        "EBIT": 1,
        "Net Income": 1
    },
    "2010-06-30": {
        "Diluted EPS": -0.14,
        "Total Revenue": 6,
        "Gross Profit": 4,
        "Operating Income": 0,
        "EBIT": 0,
        "Net Income": 0
    },
    "2010-03-31": {
        "Diluted EPS": 0.0,
        "Total Revenue": 5,
        "Gross Profit": 3,
        "Operating Income": -1,
        "EBIT": -1,
        "Net Income": 0
    },
    "2009-12-31": {
        "Diluted EPS": -0.84,
        "Total Revenue": 4,
        "Gross Profit": 2,
        "Operating Income": -2,
        "EBIT": -2,
        "Net Income": -2
    },
    "2009-09-30": {
        "Diluted EPS": -1.4,
        "Total Revenue": 3,
        "Gross Profit": 1,
        "Operating Income": -3,
        "EBIT": -2,
        "Net Income": -3
    },
    "2009-06-30": {
        "Diluted EPS": -1.54,
        "Total Revenue": 3,
        "Gross Profit": 1,
        "Operating Income": -3,
        "EBIT": -3,
        "Net Income": -3
    },
    "2009-03-31": {
        "Diluted EPS": -0.7,
        "Total Revenue": 5,
        "Gross Profit": 3,
        "Operating Income": -2,
        "EBIT": -1,
        "Net Income": -2
    },
    "2023-06-30": {
        "Tax Effect Of Unusual Items": 0.0,
        "Tax Rate For Calcs": 0.003076,
        "Normalized EBITDA": -1759000.0,
        "Net Income From Continuing Operation Net Minority Interest": -2269000.0,
        "Reconciled Depreciation": 467000.0,
        "Reconciled Cost Of Revenue": 1718000.0,
        "EBITDA": -1759000.0,
        "EBIT": -2226000.0,
        "Net Interest Income": -50000.0,
        "Interest Expense": 50000.0,
        "Interest Income": 0.0,
        "Normalized Income": -2269000.0,
        "Net Income From Continuing And Discontinued Operation": -2269000.0,
        "Total Expenses": 5147000.0,
        "Total Operating Income As Reported": -2226000.0,
        "Diluted Average Shares": 13709000.0,
        "Basic Average Shares": 13709000.0,
        "Diluted EPS": -0.17,
        "Basic EPS": -0.17,
        "Diluted NI Availto Com Stockholders": -2269000.0,
        "Net Income Common Stockholders": -2269000.0,
        "Net Income": -2269000.0,
        "Net Income Including Noncontrolling Interests": -2269000.0,
        "Net Income Continuous Operations": -2269000.0,
        "Tax Provision": -7000.0,
        "Pretax Income": -2276000.0,
        "Net Non Operating Interest Income Expense": -50000.0,
        "Interest Expense Non Operating": 50000.0,
        "Interest Income Non Operating": 0.0,
        "Operating Income": -2226000.0,
        "Operating Expense": 3429000.0,
        "Research And Development": 1505000.0,
        "Selling General And Administration": 1924000.0,
        "General And Administrative Expense": 1924000.0,
        "Other Gand A": 1584000.0,
        "Salaries And Wages": 340000.0,
        "Gross Profit": 1203000.0,
        "Cost Of Revenue": 1718000.0,
        "Total Revenue": 2921000.0,
        "Operating Revenue": 2921000.0
    },
    "2023-09-30": {
        "Tax Effect Of Unusual Items": 0.0,
        "Tax Rate For Calcs": 0.003344,
        "Normalized EBITDA": 1822000.0,
        "Net Income From Continuing Operation Net Minority Interest": 1192000.0,
        "Reconciled Depreciation": 542000.0,
        "Reconciled Cost Of Revenue": 1537000.0,
        "EBITDA": 1822000.0,
        "EBIT": 1280000.0,
        "Net Interest Income": -84000.0,
        "Interest Expense": 84000.0,
        "Interest Income": NaN,
        "Normalized Income": 1192000.0,
        "Net Income From Continuing And Discontinued Operation": 1192000.0,
        "Total Expenses": 5385000.0,
        "Total Operating Income As Reported": 1280000.0,
        "Diluted Average Shares": 14131000.0,
        "Basic Average Shares": 13859000.0,
        "Diluted EPS": 0.08,
        "Basic EPS": 0.09,
        "Diluted NI Availto Com Stockholders": 1192000.0,
        "Net Income Common Stockholders": 1192000.0,
        "Net Income": 1192000.0,
        "Net Income Including Noncontrolling Interests": 1192000.0,
        "Net Income Continuous Operations": 1192000.0,
        "Tax Provision": 4000.0,
        "Pretax Income": 1196000.0,
        "Net Non Operating Interest Income Expense": -84000.0,
        "Interest Expense Non Operating": 84000.0,
        "Interest Income Non Operating": NaN,
        "Operating Income": 1280000.0,
        "Operating Expense": 3848000.0,
        "Research And Development": 1933000.0,
        "Selling General And Administration": 1915000.0,
        "General And Administrative Expense": NaN,
        "Other Gand A": NaN,
        "Salaries And Wages": NaN,
        "Gross Profit": 5128000.0,
        "Cost Of Revenue": 1537000.0,
        "Total Revenue": 6665000.0,
        "Operating Revenue": 6665000.0
    },
    "2023-12-31": {
        "Tax Effect Of Unusual Items": 0.0,
        "Tax Rate For Calcs": 0.21,
        "Normalized EBITDA": 2807000.0,
        "Net Income From Continuing Operation Net Minority Interest": 2042000.0,
        "Reconciled Depreciation": 691000.0,
        "Reconciled Cost Of Revenue": 1713000.0,
        "EBITDA": 2807000.0,
        "EBIT": 2116000.0,
        "Net Interest Income": -76000.0,
        "Interest Expense": 76000.0,
        "Interest Income": NaN,
        "Normalized Income": 2042000.0,
        "Net Income From Continuing And Discontinued Operation": 2042000.0,
        "Total Expenses": 5363000.0,
        "Total Operating Income As Reported": 2116000.0,
        "Diluted Average Shares": 14349000.0,
        "Basic Average Shares": 13989000.0,
        "Diluted EPS": 0.14,
        "Basic EPS": 0.15,
        "Diluted NI Availto Com Stockholders": 2042000.0,
        "Net Income Common Stockholders": 2042000.0,
        "Net Income": 2042000.0,
        "Net Income Including Noncontrolling Interests": 2042000.0,
        "Net Income Continuous Operations": 2042000.0,
        "Tax Provision": -2000.0,
        "Pretax Income": 2040000.0,
        "Net Non Operating Interest Income Expense": -76000.0,
        "Interest Expense Non Operating": 76000.0,
        "Interest Income Non Operating": NaN,
        "Operating Income": 2116000.0,
        "Operating Expense": 3650000.0,
        "Research And Development": 1381000.0,
        "Selling General And Administration": 2269000.0,
        "General And Administrative Expense": NaN,
        "Other Gand A": NaN,
        "Salaries And Wages": NaN,
        "Gross Profit": 5766000.0,
        "Cost Of Revenue": 1713000.0,
        "Total Revenue": 7479000.0,
        "Operating Revenue": 7479000.0
    },
    "2024-03-31": {
        "Tax Effect Of Unusual Items": 0.0,
        "Tax Rate For Calcs": 0.06087,
        "Normalized EBITDA": 1009000.0,
        "Net Income From Continuing Operation Net Minority Interest": 108000.0,
        "Reconciled Depreciation": 825000.0,
        "Reconciled Cost Of Revenue": 2024000.0,
        "EBITDA": 1009000.0,
        "EBIT": 184000.0,
        "Net Interest Income": -58000.0,
        "Interest Expense": 69000.0,
        "Interest Income": 11000.0,
        "Normalized Income": 108000.0,
        "Net Income From Continuing And Discontinued Operation": 108000.0,
        "Total Expenses": 5834000.0,
        "Total Operating Income As Reported": 173000.0,
        "Diluted Average Shares": 14545000.0,
        "Basic Average Shares": 14177000.0,
        "Diluted EPS": 0.01,
        "Basic EPS": 0.01,
        "Diluted NI Availto Com Stockholders": 108000.0,
        "Net Income Common Stockholders": 108000.0,
        "Net Income": 108000.0,
        "Net Income Including Noncontrolling Interests": 108000.0,
        "Net Income Continuous Operations": 108000.0,
        "Tax Provision": 7000.0,
        "Pretax Income": 115000.0,
        "Net Non Operating Interest Income Expense": -58000.0,
        "Interest Expense Non Operating": 69000.0,
        "Interest Income Non Operating": 11000.0,
        "Operating Income": 173000.0,
        "Operating Expense": 3810000.0,
        "Research And Development": 1459000.0,
        "Selling General And Administration": 2351000.0,
        "General And Administrative Expense": NaN,
        "Other Gand A": NaN,
        "Salaries And Wages": NaN,
        "Gross Profit": 3983000.0,
        "Cost Of Revenue": 2024000.0,
        "Total Revenue": 6007000.0,
        "Operating Revenue": 6007000.0
    },
    "2024-06-30": {
        "Tax Effect Of Unusual Items": 0.0,
        "Tax Rate For Calcs": 0.003856,
        "Normalized EBITDA": -536000.0,
        "Net Income From Continuing Operation Net Minority Interest": -1550000.0,
        "Reconciled Depreciation": 980000.0,
        "Reconciled Cost Of Revenue": 2022000.0,
        "EBITDA": -536000.0,
        "EBIT": -1516000.0,
        "Net Interest Income": -39000.0,
        "Interest Expense": 40000.0,
        "Interest Income": 1000.0,
        "Normalized Income": -1550000.0,
        "Net Income From Continuing And Discontinued Operation": -1550000.0,
        "Total Expenses": 5644000.0,
        "Total Operating Income As Reported": -1517000.0,
        "Diluted Average Shares": 14439000.0,
        "Basic Average Shares": 14439000.0,
        "Diluted EPS": -0.11,
        "Basic EPS": -0.11,
        "Diluted NI Availto Com Stockholders": -1550000.0,
        "Net Income Common Stockholders": -1550000.0,
        "Net Income": -1550000.0,
        "Net Income Including Noncontrolling Interests": -1550000.0,
        "Net Income Continuous Operations": -1550000.0,
        "Tax Provision": -6000.0,
        "Pretax Income": -1556000.0,
        "Net Non Operating Interest Income Expense": -39000.0,
        "Interest Expense Non Operating": 40000.0,
        "Interest Income Non Operating": 1000.0,
        "Operating Income": -1517000.0,
        "Operating Expense": 3622000.0,
        "Research And Development": 1527000.0,
        "Selling General And Administration": 2095000.0,
        "General And Administrative Expense": NaN,
        "Other Gand A": NaN,
        "Salaries And Wages": NaN,
        "Gross Profit": 2105000.0,
        "Cost Of Revenue": 2022000.0,
        "Total Revenue": 4127000.0,
        "Operating Revenue": 4127000.0
    }
}