{
    "2023-03-31": {
        "Tax Effect Of Unusual Items": -36455.911977,
        "Tax Rate For Calcs": 0.015389,
        "Normalized EBITDA": -69976000.0,
        "Total Unusual Items": -2369000.0,
        "Total Unusual Items Excluding Goodwill": -2369000.0,
        "Net Income From Continuing Operation Net Minority Interest": -77227000.0,
        "Reconciled Depreciation": 2527000.0,
        "Reconciled Cost Of Revenue": 2435000.0,
        "EBITDA": -72345000.0,
        "EBIT": -74872000.0,
        "Net Interest Income": -1893000.0,
        "Interest Expense": 3562000.0,
        "Interest Income": 1669000.0,
        "Normalized Income": -74894455.911977,
        "Net Income From Continuing And Discontinued Operation": -77227000.0,
        "Total Expenses": 79497000.0,
        "Total Operating Income As Reported": -74172000.0,
        "Diluted Average Shares": 47436335.0,
        "Basic Average Shares": 47436335.0,
        "Diluted EPS": -1.63,
        "Basic EPS": -1.63,
        "Diluted NI Availto Com Stockholders": -77227000.0,
        "Net Income Common Stockholders": -77227000.0,
        "Net Income": -77227000.0,
        "Net Income Including Noncontrolling Interests": -77227000.0,
        "Net Income Continuous Operations": -77227000.0,
        "Tax Provision": -1207000.0,
        "Pretax Income": -78434000.0,
        "Other Income Expense": -2369000.0,
        "Gain On Sale Of Security": -2369000.0,
        "Net Non Operating Interest Income Expense": -1893000.0,
        "Interest Expense Non Operating": 3562000.0,
        "Interest Income Non Operating": 1669000.0,
        "Operating Income": -74172000.0,
        "Operating Expense": 77062000.0,
        "Other Operating Expenses": -1595000.0,
        "Research And Development": 60809000.0,
        "Selling General And Administration": 17848000.0,
        "Gross Profit": 2890000.0,
        "Cost Of Revenue": 2435000.0,
        "Total Revenue": 5325000.0,
        "Operating Revenue": 5325000.0
    },
    "2022-12-31": {
        "Tax Effect Of Unusual Items": -4213914.0,
        "Tax Rate For Calcs": 0.258,
        "Normalized EBITDA": 28689000.0,
        "Total Unusual Items": -16333000.0,
        "Total Unusual Items Excluding Goodwill": -16333000.0,
        "Net Income From Continuing Operation Net Minority Interest": 6807000.0,
        "Reconciled Depreciation": 2331000.0,
        "Reconciled Cost Of Revenue": 1650000.0,
        "EBITDA": 12356000.0,
        "EBIT": 10025000.0,
        "Net Interest Income": -2933000.0,
        "Interest Expense": 3425000.0,
        "Interest Income": 492000.0,
        "Normalized Income": 18926086.0,
        "Net Income From Continuing And Discontinued Operation": 6807000.0,
        "Total Expenses": 76244000.0,
        "Total Operating Income As Reported": 26501000.0,
        "Diluted Average Shares": NaN,
        "Basic Average Shares": NaN,
        "Diluted EPS": NaN,
        "Basic EPS": NaN,
        "Diluted NI Availto Com Stockholders": 6807000.0,
        "Net Income Common Stockholders": 6807000.0,
        "Net Income": 6807000.0,
        "Net Income Including Noncontrolling Interests": 6807000.0,
        "Net Income Continuous Operations": 6807000.0,
        "Tax Provision": -207000.0,
        "Pretax Income": 6600000.0,
        "Other Income Expense": -16968000.0,
        "Gain On Sale Of Security": -16333000.0,
        "Net Non Operating Interest Income Expense": -2933000.0,
        "Interest Expense Non Operating": 3425000.0,
        "Interest Income Non Operating": 492000.0,
        "Operating Income": 26501000.0,
        "Operating Expense": 74594000.0,
        "Other Operating Expenses": -1991000.0,
        "Research And Development": 58328000.0,
        "Selling General And Administration": 18257000.0,
        "Gross Profit": 101095000.0,
        "Cost Of Revenue": 1650000.0,
        "Total Revenue": 102745000.0,
        "Operating Revenue": 102745000.0
    },
    "2022-09-30": {
        "Tax Effect Of Unusual Items": NaN,
        "Tax Rate For Calcs": NaN,
        "Normalized EBITDA": NaN,
        "Total Unusual Items": NaN,
        "Total Unusual Items Excluding Goodwill": NaN,
        "Net Income From Continuing Operation Net Minority Interest": NaN,
        "Reconciled Depreciation": NaN,
        "Reconciled Cost Of Revenue": NaN,
        "EBITDA": NaN,
        "EBIT": NaN,
        "Net Interest Income": NaN,
        "Interest Expense": NaN,
        "Interest Income": NaN,
        "Normalized Income": NaN,
        "Net Income From Continuing And Discontinued Operation": NaN,
        "Total Expenses": NaN,
        "Total Operating Income As Reported": NaN,
        "Diluted Average Shares": 46772430.0,
        "Basic Average Shares": 46772430.0,
        "Diluted EPS": -1.02,
        "Basic EPS": -1.02,
        "Diluted NI Availto Com Stockholders": NaN,
        "Net Income Common Stockholders": NaN,
        "Net Income": NaN,
        "Net Income Including Noncontrolling Interests": NaN,
        "Net Income Continuous Operations": NaN,
        "Tax Provision": NaN,
        "Pretax Income": NaN,
        "Other Income Expense": NaN,
        "Gain On Sale Of Security": NaN,
        "Net Non Operating Interest Income Expense": NaN,
        "Interest Expense Non Operating": NaN,
        "Interest Income Non Operating": NaN,
        "Operating Income": NaN,
        "Operating Expense": NaN,
        "Other Operating Expenses": NaN,
        "Research And Development": NaN,
        "Selling General And Administration": NaN,
        "Gross Profit": NaN,
        "Cost Of Revenue": NaN,
        "Total Revenue": NaN,
        "Operating Revenue": NaN
    },
    "2022-06-30": {
        "Tax Effect Of Unusual Items": 0.0,
        "Tax Rate For Calcs": 0.008075,
        "Normalized EBITDA": -56061000.0,
        "Total Unusual Items": 19398000.0,
        "Total Unusual Items Excluding Goodwill": 19398000.0,
        "Net Income From Continuing Operation Net Minority Interest": -39061000.0,
        "Reconciled Depreciation": 1981000.0,
        "Reconciled Cost Of Revenue": 832000.0,
        "EBITDA": -56061000.0,
        "EBIT": -56061000.0,
        "Net Interest Income": -2659000.0,
        "Interest Expense": 2694000.0,
        "Interest Income": 35000.0,
        "Normalized Income": -39061000.0,
        "Net Income From Continuing And Discontinued Operation": -39061000.0,
        "Total Expenses": 56558000.0,
        "Total Operating Income As Reported": -56061000.0,
        "Diluted Average Shares": 46668554.0,
        "Basic Average Shares": 46668554.0,
        "Diluted EPS": -0.84,
        "Basic EPS": -0.84,
        "Diluted NI Availto Com Stockholders": -39061000.0,
        "Net Income Common Stockholders": -39061000.0,
        "Net Income": -39061000.0,
        "Net Income Including Noncontrolling Interests": -39061000.0,
        "Net Income Continuous Operations": -39061000.0,
        "Tax Provision": -318000.0,
        "Pretax Income": -39379000.0,
        "Other Income Expense": 16682000.0,
        "Other Non Operating Income Expenses": 16682000.0,
        "Gain On Sale Of Security": 19398000.0,
        "Net Non Operating Interest Income Expense": -2659000.0,
        "Interest Expense Non Operating": 2694000.0,
        "Interest Income Non Operating": 35000.0,
        "Operating Income": -56061000.0,
        "Operating Expense": 55726000.0,
        "Other Operating Expenses": -2957000.0,
        "Research And Development": 46192000.0,
        "Selling General And Administration": 12491000.0,
        "Gross Profit": -335000.0,
        "Cost Of Revenue": 832000.0,
        "Total Revenue": 497000.0,
        "Operating Revenue": 497000.0
    },
    "2023-06-30": {
        "Tax Effect Of Unusual Items": 96492.0,
        "Tax Rate For Calcs": 0.258,
        "Normalized EBITDA": -59257000.0,
        "Total Unusual Items": 374000.0,
        "Total Unusual Items Excluding Goodwill": 374000.0,
        "Net Income From Continuing Operation Net Minority Interest": -68474000.0,
        "Reconciled Depreciation": 2588000.0,
        "Reconciled Cost Of Revenue": 1352000.0,
        "EBITDA": -58883000.0,
        "EBIT": -61471000.0,
        "Net Interest Income": -3611000.0,
        "Interest Expense": 6840000.0,
        "Interest Income": 3229000.0,
        "Normalized Income": -68751508.0,
        "Net Income From Continuing And Discontinued Operation": -68474000.0,
        "Total Expenses": 67496000.0,
        "Total Operating Income As Reported": -65074000.0,
        "Diluted Average Shares": 47649520.0,
        "Basic Average Shares": 47649520.0,
        "Diluted EPS": -1.44,
        "Basic EPS": -1.44,
        "Diluted NI Availto Com Stockholders": -68474000.0,
        "Net Income Common Stockholders": -68474000.0,
        "Net Income": -68474000.0,
        "Net Income Including Noncontrolling Interests": -68474000.0,
        "Net Income Continuous Operations": -68474000.0,
        "Tax Provision": 163000.0,
        "Pretax Income": -68311000.0,
        "Other Income Expense": 374000.0,
        "Gain On Sale Of Security": 374000.0,
        "Net Non Operating Interest Income Expense": -3611000.0,
        "Interest Expense Non Operating": 6840000.0,
        "Interest Income Non Operating": 3229000.0,
        "Operating Income": -65074000.0,
        "Operating Expense": 66144000.0,
        "Other Operating Expenses": -1073000.0,
        "Research And Development": 46036000.0,
        "Selling General And Administration": 21181000.0,
        "Gross Profit": 1070000.0,
        "Cost Of Revenue": 1352000.0,
        "Total Revenue": 2422000.0,
        "Operating Revenue": 2422000.0
    },
    "2022-03-31": {
        "Diluted EPS": -1.0,
        "Total Revenue": 2,
        "Gross Profit": 2,
        "Operating Income": -54,
        "EBIT": -52,
        "Net Income": -47
    },
    "2021-12-31": {
        "Diluted EPS": 0.23,
        "Total Revenue": 58,
        "Gross Profit": 58,
        "Operating Income": 2,
        "EBIT": 4,
        "Net Income": 8
    },
    "2021-09-30": {
        "Diluted EPS": -0.79,
        "Total Revenue": 2,
        "Gross Profit": 2,
        "Operating Income": -45,
        "EBIT": -43,
        "Net Income": -37
    },
    "2021-06-30": {
        "Diluted EPS": 8.51,
        "Total Revenue": 464,
        "Gross Profit": 441,
        "Operating Income": 398,
        "EBIT": 400,
        "Net Income": 399
    },
    "2021-03-31": {
        "Diluted EPS": -0.91,
        "Total Revenue": 0,
        "Gross Profit": 0,
        "Operating Income": -44,
        "EBIT": -43,
        "Net Income": -42
    },
    "2020-12-31": {
        "Diluted EPS": -0.01,
        "Total Revenue": 34,
        "Gross Profit": 34,
        "Operating Income": -8,
        "EBIT": -6,
        "Net Income": -1
    },
    "2020-09-30": {
        "Diluted EPS": -1.21,
        "Total Revenue": 2,
        "Gross Profit": 2,
        "Operating Income": -44,
        "EBIT": -40,
        "Net Income": -54
    },
    "2020-06-30": {
        "Diluted EPS": -0.96,
        "Total Revenue": 2,
        "Gross Profit": 2,
        "Operating Income": -38,
        "EBIT": -36,
        "Net Income": -43
    },
    "2020-03-31": {
        "Diluted EPS": -0.63,
        "Total Revenue": 0,
        "Gross Profit": 0,
        "Operating Income": -34,
        "EBIT": -33,
        "Net Income": -28
    },
    "2019-12-31": {
        "Diluted EPS": -0.96,
        "Total Revenue": 3,
        "Gross Profit": 3,
        "Operating Income": -33,
        "EBIT": -31,
        "Net Income": -41
    },
    "2019-09-30": {
        "Diluted EPS": -0.58,
        "Total Revenue": 1,
        "Gross Profit": 1,
        "Operating Income": -31,
        "EBIT": -30,
        "Net Income": -24
    },
    "2019-06-30": {
        "Diluted EPS": -0.83,
        "Total Revenue": 2,
        "Gross Profit": 2,
        "Operating Income": -29,
        "EBIT": -28,
        "Net Income": -31
    },
    "2019-03-31": {
        "Diluted EPS": -0.74,
        "Total Revenue": 1,
        "Gross Profit": 1,
        "Operating Income": -28,
        "EBIT": -26,
        "Net Income": -28
    },
    "2018-12-31": {
        "Diluted EPS": -0.59,
        "Total Revenue": 2,
        "Gross Profit": 2,
        "Operating Income": -24,
        "EBIT": -22,
        "Net Income": -22
    },
    "2018-09-30": {
        "Diluted EPS": -0.59,
        "Total Revenue": 3,
        "Gross Profit": 3,
        "Operating Income": -23,
        "EBIT": -16,
        "Net Income": -22
    },
    "2018-06-30": {
        "Diluted EPS": -0.57,
        "Total Revenue": 3,
        "Gross Profit": 3,
        "Operating Income": -21,
        "EBIT": -20,
        "Net Income": -21
    },
    "2018-03-31": {
        "Diluted EPS": -0.59,
        "Total Revenue": 3,
        "Gross Profit": 3,
        "Operating Income": -20,
        "EBIT": -18,
        "Net Income": -19
    },
    "2017-12-31": {
        "Diluted EPS": -0.91,
        "Total Revenue": 3,
        "Gross Profit": 3,
        "Operating Income": -23,
        "EBIT": -21,
        "Net Income": -27
    },
    "2017-09-30": {
        "Diluted EPS": -0.4,
        "Total Revenue": 2,
        "Gross Profit": 2,
        "Operating Income": -9,
        "EBIT": -7,
        "Net Income": -10
    },
    "2017-06-30": {
        "Diluted EPS": -0.83,
        "Total Revenue": 5,
        "Gross Profit": 5,
        "Operating Income": -20,
        "EBIT": -17,
        "Net Income": -21
    },
    "2017-03-31": {
        "Diluted EPS": -0.8,
        "Total Revenue": 3,
        "Gross Profit": 3,
        "Operating Income": -20,
        "EBIT": -18,
        "Net Income": -20
    },
    "2016-12-31": {
        "Diluted EPS": -0.58,
        "Total Revenue": 9,
        "Gross Profit": 9,
        "Operating Income": -16,
        "EBIT": -15,
        "Net Income": -15
    },
    "2016-09-30": {
        "Diluted EPS": -0.61,
        "Total Revenue": 7,
        "Gross Profit": 7,
        "Operating Income": -14,
        "EBIT": -13,
        "Net Income": -15
    },
    "2016-06-30": {
        "Diluted EPS": -0.84,
        "Total Revenue": 4,
        "Gross Profit": 4,
        "Operating Income": -22,
        "EBIT": -21,
        "Net Income": -21
    },
    "2016-03-31": {
        "Diluted EPS": -0.9,
        "Total Revenue": 4,
        "Gross Profit": 4,
        "Operating Income": -19,
        "EBIT": -18,
        "Net Income": -22
    },
    "2015-12-31": {
        "Diluted EPS": -0.81,
        "Total Revenue": 4,
        "Gross Profit": 4,
        "Operating Income": -5,
        "EBIT": -3,
        "Net Income": -19
    },
    "2015-09-30": {
        "Diluted EPS": -1.2,
        "Total Revenue": 4,
        "Gross Profit": 3,
        "Operating Income": -30,
        "EBIT": -29,
        "Net Income": -29
    },
    "2015-06-30": {
        "Diluted EPS": -0.96,
        "Total Revenue": 2,
        "Gross Profit": 2,
        "Operating Income": -21,
        "EBIT": -20,
        "Net Income": -21
    },
    "2015-03-31": {
        "Diluted EPS": -0.75,
        "Total Revenue": 1,
        "Gross Profit": 1,
        "Operating Income": -15,
        "EBIT": -14,
        "Net Income": -14
    },
    "2014-12-31": {
        "Diluted EPS": 0.0,
        "Total Revenue": 2,
        "Gross Profit": 2,
        "Operating Income": -17,
        "EBIT": -16,
        "Net Income": 0
    },
    "2014-09-30": {
        "Diluted EPS": -0.63,
        "Total Revenue": 1,
        "Gross Profit": 1,
        "Operating Income": -16,
        "EBIT": -15,
        "Net Income": -11
    },
    "2014-06-30": {
        "Diluted EPS": -0.67,
        "Total Revenue": 1,
        "Gross Profit": 1,
        "Operating Income": -13,
        "EBIT": -13,
        "Net Income": -12
    },
    "2014-03-31": {
        "Diluted EPS": -0.71,
        "Total Revenue": 2,
        "Gross Profit": 2,
        "Operating Income": -10,
        "EBIT": -10,
        "Net Income": -11
    },
    "2013-12-31": {
        "Diluted EPS": 0.0,
        "Total Revenue": NaN,
        "Gross Profit": NaN,
        "Operating Income": NaN,
        "EBIT": NaN,
        "Net Income": NaN
    },
    "2013-09-30": {
        "Diluted EPS": 0.0,
        "Total Revenue": NaN,
        "Gross Profit": NaN,
        "Operating Income": NaN,
        "EBIT": NaN,
        "Net Income": NaN
    },
    "2012-12-31": {
        "Diluted EPS": 0.0,
        "Total Revenue": NaN,
        "Gross Profit": NaN,
        "Operating Income": NaN,
        "EBIT": NaN,
        "Net Income": NaN
    },
    "2023-09-30": {
        "Tax Effect Of Unusual Items": 186.0,
        "Tax Rate For Calcs": 0.001,
        "Normalized EBITDA": -71785000.0,
        "Total Unusual Items": 186000.0,
        "Total Unusual Items Excluding Goodwill": 186000.0,
        "Net Income From Continuing Operation Net Minority Interest": -89571000.0,
        "Reconciled Depreciation": 2597000.0,
        "Reconciled Cost Of Revenue": 1006000.0,
        "EBITDA": -71599000.0,
        "EBIT": -74196000.0,
        "Net Interest Income": -7949000.0,
        "Interest Expense": 15444000.0,
        "Interest Income": 7495000.0,
        "Normalized Income": -89756814.0,
        "Net Income From Continuing And Discontinued Operation": -89571000.0,
        "Total Expenses": 83284000.0,
        "Total Operating Income As Reported": -81877000.0,
        "Diluted Average Shares": 47770101.0,
        "Basic Average Shares": 47770101.0,
        "Diluted EPS": -1.88,
        "Basic EPS": -1.88,
        "Diluted NI Availto Com Stockholders": -89571000.0,
        "Net Income Common Stockholders": -89571000.0,
        "Net Income": -89571000.0,
        "Net Income Including Noncontrolling Interests": -89571000.0,
        "Net Income Continuous Operations": -89571000.0,
        "Tax Provision": -69000.0,
        "Pretax Income": -89640000.0,
        "Other Income Expense": 186000.0,
        "Gain On Sale Of Security": 186000.0,
        "Net Non Operating Interest Income Expense": -7949000.0,
        "Interest Expense Non Operating": 15444000.0,
        "Interest Income Non Operating": 7495000.0,
        "Operating Income": -81877000.0,
        "Operating Expense": 82278000.0,
        "Other Operating Expenses": -1196000.0,
        "Research And Development": 65400000.0,
        "Selling General And Administration": 18074000.0,
        "Gross Profit": 401000.0,
        "Cost Of Revenue": 1006000.0,
        "Total Revenue": 1407000.0,
        "Operating Revenue": 1407000.0
    },
    "2023-12-31": {
        "Tax Effect Of Unusual Items": 30444.0,
        "Tax Rate For Calcs": 0.258,
        "Normalized EBITDA": -50391000.0,
        "Total Unusual Items": 118000.0,
        "Total Unusual Items Excluding Goodwill": 118000.0,
        "Net Income From Continuing Operation Net Minority Interest": -73206000.0,
        "Reconciled Depreciation": 4188000.0,
        "Reconciled Cost Of Revenue": 8835000.0,
        "EBITDA": -50273000.0,
        "EBIT": -54461000.0,
        "Net Interest Income": -8542000.0,
        "Interest Expense": 15711000.0,
        "Interest Income": 7169000.0,
        "Normalized Income": -73293556.0,
        "Net Income From Continuing And Discontinued Operation": -73206000.0,
        "Total Expenses": 68437000.0,
        "Total Operating Income As Reported": -61748000.0,
        "Diluted Average Shares": NaN,
        "Basic Average Shares": NaN,
        "Diluted EPS": NaN,
        "Basic EPS": NaN,
        "Diluted NI Availto Com Stockholders": -73206000.0,
        "Net Income Common Stockholders": -73206000.0,
        "Net Income": -73206000.0,
        "Net Income Including Noncontrolling Interests": -73206000.0,
        "Net Income Continuous Operations": -73206000.0,
        "Tax Provision": 3034000.0,
        "Pretax Income": -70172000.0,
        "Other Income Expense": 118000.0,
        "Gain On Sale Of Security": 118000.0,
        "Net Non Operating Interest Income Expense": -8542000.0,
        "Interest Expense Non Operating": 15711000.0,
        "Interest Income Non Operating": 7169000.0,
        "Operating Income": -61748000.0,
        "Operating Expense": 59602000.0,
        "Other Operating Expenses": -505000.0,
        "Research And Development": 42619000.0,
        "Selling General And Administration": 17488000.0,
        "Gross Profit": -2146000.0,
        "Cost Of Revenue": 8835000.0,
        "Total Revenue": 6689000.0,
        "Operating Revenue": 6689000.0
    },
    "2024-03-31": {
        "Tax Effect Of Unusual Items": -11450.0,
        "Tax Rate For Calcs": 0.01,
        "Normalized EBITDA": -45091000.0,
        "Total Unusual Items": -1145000.0,
        "Total Unusual Items Excluding Goodwill": -1145000.0,
        "Net Income From Continuing Operation Net Minority Interest": -65618000.0,
        "Reconciled Depreciation": 2629000.0,
        "Reconciled Cost Of Revenue": 9226000.0,
        "EBITDA": -46236000.0,
        "EBIT": -48865000.0,
        "Net Interest Income": -9589000.0,
        "Interest Expense": 16097000.0,
        "Interest Income": 6508000.0,
        "Normalized Income": -64484450.0,
        "Net Income From Continuing And Discontinued Operation": -65618000.0,
        "Total Expenses": 62713000.0,
        "Total Operating Income As Reported": -54228000.0,
        "Diluted Average Shares": 48384510.0,
        "Basic Average Shares": 48384510.0,
        "Diluted EPS": -1.36,
        "Basic EPS": -1.36,
        "Diluted NI Availto Com Stockholders": -65618000.0,
        "Net Income Common Stockholders": -65618000.0,
        "Net Income": -65618000.0,
        "Net Income Including Noncontrolling Interests": -65618000.0,
        "Net Income Continuous Operations": -65618000.0,
        "Tax Provision": 656000.0,
        "Pretax Income": -64962000.0,
        "Other Income Expense": -1145000.0,
        "Gain On Sale Of Security": -1145000.0,
        "Net Non Operating Interest Income Expense": -9589000.0,
        "Interest Expense Non Operating": 16097000.0,
        "Interest Income Non Operating": 6508000.0,
        "Operating Income": -54228000.0,
        "Operating Expense": 53487000.0,
        "Other Operating Expenses": -1142000.0,
        "Research And Development": 40692000.0,
        "Selling General And Administration": 13937000.0,
        "Gross Profit": -741000.0,
        "Cost Of Revenue": 9226000.0,
        "Total Revenue": 8485000.0,
        "Operating Revenue": 8485000.0
    },
    "2024-06-30": {
        "Tax Effect Of Unusual Items": -255162.0,
        "Tax Rate For Calcs": 0.258,
        "Normalized EBITDA": -35535000.0,
        "Total Unusual Items": -989000.0,
        "Total Unusual Items Excluding Goodwill": -989000.0,
        "Net Income From Continuing Operation Net Minority Interest": -56299000.0,
        "Reconciled Depreciation": 2670000.0,
        "Reconciled Cost Of Revenue": 7461000.0,
        "EBITDA": -36524000.0,
        "EBIT": -39194000.0,
        "Net Interest Income": -10352000.0,
        "Interest Expense": 16157000.0,
        "Interest Income": 5805000.0,
        "Normalized Income": -55565162.0,
        "Net Income From Continuing And Discontinued Operation": -56299000.0,
        "Total Expenses": 55136000.0,
        "Total Operating Income As Reported": -44010000.0,
        "Diluted Average Shares": 48622440.0,
        "Basic Average Shares": 48622440.0,
        "Diluted EPS": -1.16,
        "Basic EPS": -1.16,
        "Diluted NI Availto Com Stockholders": -56299000.0,
        "Net Income Common Stockholders": -56299000.0,
        "Net Income": -56299000.0,
        "Net Income Including Noncontrolling Interests": -56299000.0,
        "Net Income Continuous Operations": -56299000.0,
        "Tax Provision": 948000.0,
        "Pretax Income": -55351000.0,
        "Other Income Expense": -989000.0,
        "Gain On Sale Of Security": -989000.0,
        "Net Non Operating Interest Income Expense": -10352000.0,
        "Interest Expense Non Operating": 16157000.0,
        "Interest Income Non Operating": 5805000.0,
        "Operating Income": -44010000.0,
        "Operating Expense": 47675000.0,
        "Other Operating Expenses": -1747000.0,
        "Research And Development": 33655000.0,
        "Selling General And Administration": 15767000.0,
        "Gross Profit": 3665000.0,
        "Cost Of Revenue": 7461000.0,
        "Total Revenue": 11126000.0,
        "Operating Revenue": 11126000.0
    }
}