{
    "2023-06-30": {
        "Tax Effect Of Unusual Items": -39270000.0,
        "Tax Rate For Calcs": 0.21,
        "Normalized EBITDA": 731000000.0,
        "Total Unusual Items": -187000000.0,
        "Total Unusual Items Excluding Goodwill": -187000000.0,
        "Net Income From Continuing Operation Net Minority Interest": -18000000.0,
        "Reconciled Depreciation": 428000000.0,
        "Reconciled Cost Of Revenue": 2294000000.0,
        "EBITDA": 544000000.0,
        "EBIT": 116000000.0,
        "Net Interest Income": -72000000.0,
        "Interest Expense": 72000000.0,
        "Normalized Income": 129730000.0,
        "Net Income From Continuing And Discontinued Operation": -18000000.0,
        "Total Expenses": 2637000000.0,
        "Rent Expense Supplemental": 661000000.0,
        "Diluted Average Shares": 45975000.0,
        "Basic Average Shares": 45975000.0,
        "Diluted EPS": -0.4,
        "Basic EPS": -0.4,
        "Diluted NI Availto Com Stockholders": -18000000.0,
        "Net Income Common Stockholders": -18000000.0,
        "Net Income": -18000000.0,
        "Net Income Including Noncontrolling Interests": -18000000.0,
        "Net Income Discontinuous Operations": 0.0,
        "Net Income Continuous Operations": -18000000.0,
        "Tax Provision": 62000000.0,
        "Pretax Income": 44000000.0,
        "Other Income Expense": -186000000.0,
        "Other Non Operating Income Expenses": 1000000.0,
        "Special Income Charges": 1000000.0,
        "Gain On Sale Of Ppe": 55000000.0,
        "Restructuring And Mergern Acquisition": -1000000.0,
        "Gain On Sale Of Security": -188000000.0,
        "Net Non Operating Interest Income Expense": -72000000.0,
        "Interest Expense Non Operating": 72000000.0,
        "Operating Income": 302000000.0,
        "Operating Expense": 343000000.0,
        "Other Operating Expenses": NaN,
        "Selling General And Administration": 343000000.0,
        "Gross Profit": 645000000.0,
        "Cost Of Revenue": 2294000000.0,
        "Total Revenue": 2939000000.0,
        "Operating Revenue": 2884000000.0
    },
    "2023-03-31": {
        "Tax Effect Of Unusual Items": NaN,
        "Tax Rate For Calcs": NaN,
        "Normalized EBITDA": NaN,
        "Total Unusual Items": NaN,
        "Total Unusual Items Excluding Goodwill": NaN,
        "Net Income From Continuing Operation Net Minority Interest": NaN,
        "Reconciled Depreciation": NaN,
        "Reconciled Cost Of Revenue": NaN,
        "EBITDA": NaN,
        "EBIT": NaN,
        "Net Interest Income": NaN,
        "Interest Expense": NaN,
        "Normalized Income": NaN,
        "Net Income From Continuing And Discontinued Operation": NaN,
        "Total Expenses": NaN,
        "Rent Expense Supplemental": 674000000.0,
        "Diluted Average Shares": NaN,
        "Basic Average Shares": NaN,
        "Diluted EPS": NaN,
        "Basic EPS": NaN,
        "Diluted NI Availto Com Stockholders": NaN,
        "Net Income Common Stockholders": NaN,
        "Net Income": NaN,
        "Net Income Including Noncontrolling Interests": NaN,
        "Net Income Discontinuous Operations": NaN,
        "Net Income Continuous Operations": NaN,
        "Tax Provision": NaN,
        "Pretax Income": NaN,
        "Other Income Expense": NaN,
        "Other Non Operating Income Expenses": NaN,
        "Special Income Charges": NaN,
        "Gain On Sale Of Ppe": 72000000.0,
        "Restructuring And Mergern Acquisition": NaN,
        "Gain On Sale Of Security": NaN,
        "Net Non Operating Interest Income Expense": NaN,
        "Interest Expense Non Operating": NaN,
        "Operating Income": NaN,
        "Operating Expense": NaN,
        "Other Operating Expenses": NaN,
        "Selling General And Administration": NaN,
        "Gross Profit": NaN,
        "Cost Of Revenue": NaN,
        "Total Revenue": NaN,
        "Operating Revenue": NaN
    },
    "2022-12-31": {
        "Tax Effect Of Unusual Items": NaN,
        "Tax Rate For Calcs": NaN,
        "Normalized EBITDA": NaN,
        "Total Unusual Items": NaN,
        "Total Unusual Items Excluding Goodwill": NaN,
        "Net Income From Continuing Operation Net Minority Interest": NaN,
        "Reconciled Depreciation": NaN,
        "Reconciled Cost Of Revenue": NaN,
        "EBITDA": NaN,
        "EBIT": NaN,
        "Net Interest Income": NaN,
        "Interest Expense": NaN,
        "Normalized Income": NaN,
        "Net Income From Continuing And Discontinued Operation": NaN,
        "Total Expenses": NaN,
        "Rent Expense Supplemental": NaN,
        "Diluted Average Shares": NaN,
        "Basic Average Shares": NaN,
        "Diluted EPS": NaN,
        "Basic EPS": NaN,
        "Diluted NI Availto Com Stockholders": NaN,
        "Net Income Common Stockholders": NaN,
        "Net Income": NaN,
        "Net Income Including Noncontrolling Interests": NaN,
        "Net Income Discontinuous Operations": NaN,
        "Net Income Continuous Operations": NaN,
        "Tax Provision": NaN,
        "Pretax Income": NaN,
        "Other Income Expense": NaN,
        "Other Non Operating Income Expenses": NaN,
        "Special Income Charges": NaN,
        "Gain On Sale Of Ppe": NaN,
        "Restructuring And Mergern Acquisition": NaN,
        "Gain On Sale Of Security": NaN,
        "Net Non Operating Interest Income Expense": NaN,
        "Interest Expense Non Operating": NaN,
        "Operating Income": NaN,
        "Operating Expense": NaN,
        "Other Operating Expenses": -93955000.0,
        "Selling General And Administration": NaN,
        "Gross Profit": NaN,
        "Cost Of Revenue": NaN,
        "Total Revenue": NaN,
        "Operating Revenue": NaN
    },
    "2022-09-30": {
        "Tax Effect Of Unusual Items": NaN,
        "Tax Rate For Calcs": NaN,
        "Normalized EBITDA": NaN,
        "Total Unusual Items": NaN,
        "Total Unusual Items Excluding Goodwill": NaN,
        "Net Income From Continuing Operation Net Minority Interest": NaN,
        "Reconciled Depreciation": NaN,
        "Reconciled Cost Of Revenue": NaN,
        "EBITDA": NaN,
        "EBIT": NaN,
        "Net Interest Income": NaN,
        "Interest Expense": NaN,
        "Normalized Income": NaN,
        "Net Income From Continuing And Discontinued Operation": NaN,
        "Total Expenses": NaN,
        "Rent Expense Supplemental": NaN,
        "Diluted Average Shares": NaN,
        "Basic Average Shares": NaN,
        "Diluted EPS": NaN,
        "Basic EPS": NaN,
        "Diluted NI Availto Com Stockholders": NaN,
        "Net Income Common Stockholders": NaN,
        "Net Income": NaN,
        "Net Income Including Noncontrolling Interests": NaN,
        "Net Income Discontinuous Operations": NaN,
        "Net Income Continuous Operations": NaN,
        "Tax Provision": NaN,
        "Pretax Income": NaN,
        "Other Income Expense": NaN,
        "Other Non Operating Income Expenses": NaN,
        "Special Income Charges": NaN,
        "Gain On Sale Of Ppe": NaN,
        "Restructuring And Mergern Acquisition": NaN,
        "Gain On Sale Of Security": NaN,
        "Net Non Operating Interest Income Expense": NaN,
        "Interest Expense Non Operating": NaN,
        "Operating Income": NaN,
        "Operating Expense": NaN,
        "Other Operating Expenses": -113485000.0,
        "Selling General And Administration": NaN,
        "Gross Profit": NaN,
        "Cost Of Revenue": NaN,
        "Total Revenue": NaN,
        "Operating Revenue": NaN
    },
    "2022-06-30": {
        "Tax Effect Of Unusual Items": 34597000.0,
        "Tax Rate For Calcs": 0.29,
        "Normalized EBITDA": 274400000.0,
        "Total Unusual Items": 119300000.0,
        "Total Unusual Items Excluding Goodwill": 119300000.0,
        "Net Income From Continuing Operation Net Minority Interest": 240300000.0,
        "Reconciled Depreciation": 443453000.0,
        "Reconciled Cost Of Revenue": 2410500000.0,
        "EBITDA": 393700000.0,
        "EBIT": 393700000.0,
        "Net Interest Income": -55300000.0,
        "Interest Expense": 55300000.0,
        "Normalized Income": 155597000.0,
        "Net Income From Continuing And Discontinued Operation": 239400000.0,
        "Total Expenses": 2771200000.0,
        "Rent Expense Supplemental": 687900000.0,
        "Diluted Average Shares": 50925000.0,
        "Basic Average Shares": 49852000.0,
        "Diluted EPS": 4.7,
        "Basic EPS": 4.78,
        "Diluted NI Availto Com Stockholders": 239400000.0,
        "Net Income Common Stockholders": 239400000.0,
        "Net Income": 239400000.0,
        "Net Income Including Noncontrolling Interests": 239400000.0,
        "Net Income Discontinuous Operations": -900000.0,
        "Net Income Continuous Operations": 240300000.0,
        "Tax Provision": 98000000.0,
        "Pretax Income": 338400000.0,
        "Other Income Expense": 131300000.0,
        "Other Non Operating Income Expenses": 12000000.0,
        "Special Income Charges": 119300000.0,
        "Gain On Sale Of Ppe": 129600000.0,
        "Restructuring And Mergern Acquisition": 10300000.0,
        "Gain On Sale Of Security": NaN,
        "Net Non Operating Interest Income Expense": -55300000.0,
        "Interest Expense Non Operating": 55300000.0,
        "Operating Income": 262500000.0,
        "Operating Expense": 360700000.0,
        "Other Operating Expenses": -129600000.0,
        "Selling General And Administration": 360700000.0,
        "Gross Profit": 623200000.0,
        "Cost Of Revenue": 2410500000.0,
        "Total Revenue": 3033700000.0,
        "Operating Revenue": 3033700000.0
    },
    "2023-09-30": {
        "Tax Effect Of Unusual Items": -1008000.0,
        "Tax Rate For Calcs": 0.252,
        "Normalized EBITDA": 732000000.0,
        "Total Unusual Items": -4000000.0,
        "Total Unusual Items Excluding Goodwill": -4000000.0,
        "Net Income From Continuing Operation Net Minority Interest": 160000000.0,
        "Reconciled Depreciation": 440000000.0,
        "Reconciled Cost Of Revenue": 2327000000.0,
        "EBITDA": 728000000.0,
        "EBIT": 288000000.0,
        "Net Interest Income": -75000000.0,
        "Interest Expense": 75000000.0,
        "Normalized Income": 162992000.0,
        "Net Income From Continuing And Discontinued Operation": 161000000.0,
        "Total Expenses": 2674000000.0,
        "Rent Expense Supplemental": 666000000.0,
        "Diluted Average Shares": 46270000.0,
        "Basic Average Shares": 45087000.0,
        "Diluted EPS": 3.47,
        "Basic EPS": 3.55,
        "Diluted NI Availto Com Stockholders": 161000000.0,
        "Net Income Common Stockholders": 161000000.0,
        "Net Income": 161000000.0,
        "Net Income Including Noncontrolling Interests": 161000000.0,
        "Net Income Discontinuous Operations": 1000000.0,
        "Net Income Continuous Operations": 160000000.0,
        "Tax Provision": 53000000.0,
        "Pretax Income": 213000000.0,
        "Other Income Expense": -9000000.0,
        "Other Non Operating Income Expenses": -5000000.0,
        "Special Income Charges": -4000000.0,
        "Gain On Sale Of Ppe": 47000000.0,
        "Restructuring And Mergern Acquisition": 4000000.0,
        "Gain On Sale Of Security": NaN,
        "Net Non Operating Interest Income Expense": -75000000.0,
        "Interest Expense Non Operating": 75000000.0,
        "Operating Income": 297000000.0,
        "Operating Expense": 347000000.0,
        "Other Operating Expenses": NaN,
        "Selling General And Administration": 347000000.0,
        "Gross Profit": 644000000.0,
        "Cost Of Revenue": 2327000000.0,
        "Total Revenue": 2971000000.0,
        "Operating Revenue": 2924000000.0
    },
    "2023-12-31": {
        "Tax Effect Of Unusual Items": -225000.0,
        "Tax Rate For Calcs": 0.225,
        "Normalized EBITDA": 718000000.0,
        "Total Unusual Items": -1000000.0,
        "Total Unusual Items Excluding Goodwill": -1000000.0,
        "Net Income From Continuing Operation Net Minority Interest": 124000000.0,
        "Reconciled Depreciation": 473000000.0,
        "Reconciled Cost Of Revenue": 2433000000.0,
        "EBITDA": 717000000.0,
        "EBIT": 244000000.0,
        "Net Interest Income": -84000000.0,
        "Interest Expense": 84000000.0,
        "Normalized Income": 124775000.0,
        "Net Income From Continuing And Discontinued Operation": 124000000.0,
        "Total Expenses": 2801000000.0,
        "Rent Expense Supplemental": 683000000.0,
        "Diluted Average Shares": 45400000.0,
        "Basic Average Shares": 43902065.0,
        "Diluted EPS": 2.72,
        "Basic EPS": 2.824469,
        "Diluted NI Availto Com Stockholders": 124000000.0,
        "Net Income Common Stockholders": 124000000.0,
        "Net Income": 124000000.0,
        "Net Income Including Noncontrolling Interests": 124000000.0,
        "Net Income Discontinuous Operations": 0.0,
        "Net Income Continuous Operations": 124000000.0,
        "Tax Provision": 36000000.0,
        "Pretax Income": 160000000.0,
        "Other Income Expense": 0.0,
        "Other Non Operating Income Expenses": 1000000.0,
        "Special Income Charges": -1000000.0,
        "Gain On Sale Of Ppe": 22000000.0,
        "Restructuring And Mergern Acquisition": 1000000.0,
        "Gain On Sale Of Security": 0.0,
        "Net Non Operating Interest Income Expense": -84000000.0,
        "Interest Expense Non Operating": 84000000.0,
        "Operating Income": 244000000.0,
        "Operating Expense": 368000000.0,
        "Other Operating Expenses": NaN,
        "Selling General And Administration": 368000000.0,
        "Gross Profit": 612000000.0,
        "Cost Of Revenue": 2433000000.0,
        "Total Revenue": 3045000000.0,
        "Operating Revenue": 3023000000.0
    },
    "2024-03-31": {
        "Tax Effect Of Unusual Items": -1270000.0,
        "Tax Rate For Calcs": 0.254,
        "Normalized EBITDA": 674000000.0,
        "Total Unusual Items": -5000000.0,
        "Total Unusual Items Excluding Goodwill": -5000000.0,
        "Net Income From Continuing Operation Net Minority Interest": 85000000.0,
        "Reconciled Depreciation": 463000000.0,
        "Reconciled Cost Of Revenue": 2533000000.0,
        "EBITDA": 669000000.0,
        "EBIT": 206000000.0,
        "Net Interest Income": -92000000.0,
        "Interest Expense": 92000000.0,
        "Normalized Income": 88730000.0,
        "Net Income From Continuing And Discontinued Operation": 85000000.0,
        "Total Expenses": 2911000000.0,
        "Rent Expense Supplemental": 669000000.0,
        "Diluted Average Shares": 45000000.0,
        "Basic Average Shares": 43858000.0,
        "Diluted EPS": 1.89,
        "Basic EPS": 1.93,
        "Diluted NI Availto Com Stockholders": 85000000.0,
        "Net Income Common Stockholders": 85000000.0,
        "Net Income": 85000000.0,
        "Net Income Including Noncontrolling Interests": 85000000.0,
        "Net Income Discontinuous Operations": 0.0,
        "Net Income Continuous Operations": 85000000.0,
        "Tax Provision": 29000000.0,
        "Pretax Income": 114000000.0,
        "Other Income Expense": -1000000.0,
        "Other Non Operating Income Expenses": 4000000.0,
        "Special Income Charges": -5000000.0,
        "Gain On Sale Of Ppe": 20000000.0,
        "Restructuring And Mergern Acquisition": 5000000.0,
        "Gain On Sale Of Security": NaN,
        "Net Non Operating Interest Income Expense": -92000000.0,
        "Interest Expense Non Operating": 92000000.0,
        "Operating Income": 207000000.0,
        "Operating Expense": 378000000.0,
        "Other Operating Expenses": NaN,
        "Selling General And Administration": 378000000.0,
        "Gross Profit": 585000000.0,
        "Cost Of Revenue": 2533000000.0,
        "Total Revenue": 3118000000.0,
        "Operating Revenue": 3098000000.0
    },
    "2024-06-30": {
        "Tax Effect Of Unusual Items": 0.0,
        "Tax Rate For Calcs": 0.292135,
        "Normalized EBITDA": 736000000.0,
        "Total Unusual Items": 0.0,
        "Total Unusual Items Excluding Goodwill": 0.0,
        "Net Income From Continuing Operation Net Minority Interest": 126000000.0,
        "Reconciled Depreciation": 462000000.0,
        "Reconciled Cost Of Revenue": 2553000000.0,
        "EBITDA": 736000000.0,
        "EBIT": 274000000.0,
        "Net Interest Income": -96000000.0,
        "Interest Expense": 96000000.0,
        "Normalized Income": 126000000.0,
        "Net Income From Continuing And Discontinued Operation": 127000000.0,
        "Total Expenses": 2921000000.0,
        "Rent Expense Supplemental": NaN,
        "Diluted Average Shares": 44633000.0,
        "Basic Average Shares": 43609000.0,
        "Diluted EPS": 2.84,
        "Basic EPS": 2.89,
        "Diluted NI Availto Com Stockholders": 127000000.0,
        "Net Income Common Stockholders": 127000000.0,
        "Net Income": 127000000.0,
        "Net Income Including Noncontrolling Interests": 127000000.0,
        "Net Income Discontinuous Operations": 1000000.0,
        "Net Income Continuous Operations": 126000000.0,
        "Tax Provision": 52000000.0,
        "Pretax Income": 178000000.0,
        "Other Income Expense": -6000000.0,
        "Other Non Operating Income Expenses": -6000000.0,
        "Special Income Charges": 0.0,
        "Gain On Sale Of Ppe": NaN,
        "Restructuring And Mergern Acquisition": 0.0,
        "Gain On Sale Of Security": NaN,
        "Net Non Operating Interest Income Expense": -96000000.0,
        "Interest Expense Non Operating": 96000000.0,
        "Operating Income": 280000000.0,
        "Operating Expense": 368000000.0,
        "Other Operating Expenses": NaN,
        "Selling General And Administration": 368000000.0,
        "Gross Profit": 648000000.0,
        "Cost Of Revenue": 2553000000.0,
        "Total Revenue": 3201000000.0,
        "Operating Revenue": 3182000000.0
    }
}