{
    "2023-03-31": {
        "Tax Effect Of Unusual Items": NaN,
        "Tax Rate For Calcs": NaN,
        "Normalized EBITDA": NaN,
        "Total Unusual Items": NaN,
        "Total Unusual Items Excluding Goodwill": NaN,
        "Net Income From Continuing Operation Net Minority Interest": NaN,
        "Reconciled Depreciation": NaN,
        "Reconciled Cost Of Revenue": NaN,
        "EBITDA": NaN,
        "EBIT": NaN,
        "Net Interest Income": NaN,
        "Interest Expense": NaN,
        "Interest Income": NaN,
        "Normalized Income": NaN,
        "Net Income From Continuing And Discontinued Operation": NaN,
        "Total Expenses": NaN,
        "Total Operating Income As Reported": NaN,
        "Diluted Average Shares": NaN,
        "Basic Average Shares": NaN,
        "Diluted EPS": NaN,
        "Basic EPS": NaN,
        "Diluted NI Availto Com Stockholders": NaN,
        "Net Income Common Stockholders": NaN,
        "Net Income": NaN,
        "Minority Interests": NaN,
        "Net Income Including Noncontrolling Interests": NaN,
        "Net Income Continuous Operations": NaN,
        "Tax Provision": NaN,
        "Pretax Income": NaN,
        "Other Income Expense": NaN,
        "Other Non Operating Income Expenses": -6462000.0,
        "Earnings From Equity Interest": NaN,
        "Gain On Sale Of Security": NaN,
        "Net Non Operating Interest Income Expense": NaN,
        "Total Other Finance Cost": NaN,
        "Interest Expense Non Operating": NaN,
        "Interest Income Non Operating": NaN,
        "Operating Income": NaN,
        "Operating Expense": NaN,
        "Other Operating Expenses": NaN,
        "Research And Development": NaN,
        "Selling General And Administration": NaN,
        "Selling And Marketing Expense": NaN,
        "General And Administrative Expense": NaN,
        "Other Gand A": NaN,
        "Gross Profit": NaN,
        "Cost Of Revenue": NaN,
        "Total Revenue": NaN,
        "Operating Revenue": NaN
    },
    "2022-12-31": {
        "Tax Effect Of Unusual Items": NaN,
        "Tax Rate For Calcs": NaN,
        "Normalized EBITDA": NaN,
        "Total Unusual Items": NaN,
        "Total Unusual Items Excluding Goodwill": NaN,
        "Net Income From Continuing Operation Net Minority Interest": NaN,
        "Reconciled Depreciation": NaN,
        "Reconciled Cost Of Revenue": NaN,
        "EBITDA": NaN,
        "EBIT": NaN,
        "Net Interest Income": NaN,
        "Interest Expense": NaN,
        "Interest Income": NaN,
        "Normalized Income": NaN,
        "Net Income From Continuing And Discontinued Operation": NaN,
        "Total Expenses": NaN,
        "Diluted Average Shares": NaN,
        "Basic Average Shares": NaN,
        "Diluted EPS": NaN,
        "Basic EPS": NaN,
        "Diluted NI Availto Com Stockholders": NaN,
        "Net Income Common Stockholders": NaN,
        "Net Income": NaN,
        "Minority Interests": NaN,
        "Net Income Including Noncontrolling Interests": NaN,
        "Net Income Continuous Operations": NaN,
        "Tax Provision": NaN,
        "Pretax Income": NaN,
        "Other Income Expense": NaN,
        "Other Non Operating Income Expenses": -3327000.0,
        "Earnings From Equity Interest": NaN,
        "Gain On Sale Of Security": NaN,
        "Net Non Operating Interest Income Expense": NaN,
        "Total Other Finance Cost": NaN,
        "Interest Expense Non Operating": NaN,
        "Interest Income Non Operating": NaN,
        "Operating Income": NaN,
        "Operating Expense": NaN,
        "Other Operating Expenses": NaN,
        "Research And Development": NaN,
        "Selling General And Administration": NaN,
        "Selling And Marketing Expense": NaN,
        "General And Administrative Expense": NaN,
        "Other Gand A": NaN,
        "Gross Profit": NaN,
        "Cost Of Revenue": NaN,
        "Total Revenue": NaN,
        "Operating Revenue": NaN
    },
    "2022-09-30": {
        "Tax Effect Of Unusual Items": 0.0,
        "Tax Rate For Calcs": 0.2,
        "Normalized EBITDA": 461571000.0,
        "Net Income From Continuing Operation Net Minority Interest": 225767000.0,
        "Reconciled Depreciation": 136015000.0,
        "Reconciled Cost Of Revenue": 655264000.0,
        "EBITDA": 461571000.0,
        "EBIT": 325556000.0,
        "Net Interest Income": -14268000.0,
        "Interest Expense": 41062000.0,
        "Interest Income": 26794000.0,
        "Normalized Income": 225767000.0,
        "Net Income From Continuing And Discontinued Operation": 225767000.0,
        "Total Expenses": 943850000.0,
        "Diluted Average Shares": 182992000.0,
        "Basic Average Shares": 182688000.0,
        "Diluted EPS": 1.23,
        "Basic EPS": 1.24,
        "Diluted NI Availto Com Stockholders": 225767000.0,
        "Net Income Common Stockholders": 225767000.0,
        "Net Income": 225767000.0,
        "Minority Interests": -1828000.0,
        "Net Income Including Noncontrolling Interests": 227595000.0,
        "Net Income Continuous Operations": 227595000.0,
        "Tax Provision": 56899000.0,
        "Pretax Income": 284494000.0,
        "Other Income Expense": -7202000.0,
        "Other Non Operating Income Expenses": -8661000.0,
        "Earnings From Equity Interest": 1459000.0,
        "Net Non Operating Interest Income Expense": -14268000.0,
        "Interest Expense Non Operating": 41062000.0,
        "Interest Income Non Operating": 26794000.0,
        "Operating Income": 305964000.0,
        "Operating Expense": 288586000.0,
        "Research And Development": 182294000.0,
        "Selling General And Administration": 106292000.0,
        "Selling And Marketing Expense": 63058000.0,
        "General And Administrative Expense": 43234000.0,
        "Other Gand A": 43234000.0,
        "Gross Profit": 594550000.0,
        "Cost Of Revenue": 655264000.0,
        "Total Revenue": 1249814000.0,
        "Operating Revenue": 1220543000.0
    },
    "2022-06-30": {
        "Tax Effect Of Unusual Items": 0.0,
        "Tax Rate For Calcs": 0.2,
        "Normalized EBITDA": 473697000.0,
        "Net Income From Continuing Operation Net Minority Interest": 249015000.0,
        "Reconciled Depreciation": 123702000.0,
        "Reconciled Cost Of Revenue": 678894000.0,
        "EBITDA": 473697000.0,
        "EBIT": 349995000.0,
        "Net Interest Income": -9427000.0,
        "Interest Expense": 36780000.0,
        "Interest Income": 27353000.0,
        "Normalized Income": 249015000.0,
        "Net Income From Continuing And Discontinued Operation": 249015000.0,
        "Total Expenses": 966052000.0,
        "Diluted Average Shares": 183300000.0,
        "Basic Average Shares": 182996000.0,
        "Diluted EPS": 1.36,
        "Basic EPS": 1.36,
        "Diluted NI Availto Com Stockholders": 249015000.0,
        "Net Income Common Stockholders": 249015000.0,
        "Net Income": 249015000.0,
        "Minority Interests": -1557000.0,
        "Net Income Including Noncontrolling Interests": 250572000.0,
        "Net Income Continuous Operations": 250572000.0,
        "Tax Provision": 62643000.0,
        "Pretax Income": 313215000.0,
        "Other Income Expense": -2797000.0,
        "Other Non Operating Income Expenses": -4576000.0,
        "Earnings From Equity Interest": 1779000.0,
        "Net Non Operating Interest Income Expense": -9427000.0,
        "Interest Expense Non Operating": 36780000.0,
        "Interest Income Non Operating": 27353000.0,
        "Operating Income": 325439000.0,
        "Operating Expense": 287158000.0,
        "Research And Development": 183675000.0,
        "Selling General And Administration": 103483000.0,
        "Selling And Marketing Expense": 58464000.0,
        "General And Administrative Expense": 45019000.0,
        "Other Gand A": 45019000.0,
        "Gross Profit": 612597000.0,
        "Cost Of Revenue": 678894000.0,
        "Total Revenue": 1291491000.0,
        "Operating Revenue": 1258915000.0
    },
    "2023-06-30": {
        "Tax Effect Of Unusual Items": NaN,
        "Tax Rate For Calcs": NaN,
        "Normalized EBITDA": NaN,
        "Total Unusual Items": -8193000.0,
        "Total Unusual Items Excluding Goodwill": -8193000.0,
        "Net Income From Continuing Operation Net Minority Interest": NaN,
        "Reconciled Depreciation": NaN,
        "Reconciled Cost Of Revenue": NaN,
        "EBITDA": NaN,
        "EBIT": NaN,
        "Net Interest Income": NaN,
        "Interest Expense": NaN,
        "Interest Income": NaN,
        "Normalized Income": NaN,
        "Net Income From Continuing And Discontinued Operation": NaN,
        "Total Expenses": NaN,
        "Total Operating Income As Reported": NaN,
        "Diluted Average Shares": NaN,
        "Basic Average Shares": NaN,
        "Diluted EPS": NaN,
        "Basic EPS": NaN,
        "Diluted NI Availto Com Stockholders": NaN,
        "Net Income Common Stockholders": NaN,
        "Net Income": NaN,
        "Minority Interests": NaN,
        "Net Income Including Noncontrolling Interests": NaN,
        "Net Income Continuous Operations": NaN,
        "Tax Provision": NaN,
        "Pretax Income": NaN,
        "Other Income Expense": NaN,
        "Other Non Operating Income Expenses": -4614000.0,
        "Earnings From Equity Interest": NaN,
        "Gain On Sale Of Security": -8193000.0,
        "Net Non Operating Interest Income Expense": NaN,
        "Total Other Finance Cost": -3228000.0,
        "Interest Expense Non Operating": NaN,
        "Interest Income Non Operating": NaN,
        "Operating Income": NaN,
        "Operating Expense": NaN,
        "Other Operating Expenses": 4614000.0,
        "Research And Development": NaN,
        "Selling General And Administration": NaN,
        "Selling And Marketing Expense": NaN,
        "General And Administrative Expense": NaN,
        "Other Gand A": NaN,
        "Gross Profit": NaN,
        "Cost Of Revenue": NaN,
        "Total Revenue": NaN,
        "Operating Revenue": NaN
    },
    "2023-09-30": {
        "Tax Effect Of Unusual Items": -425260.0,
        "Tax Rate For Calcs": 0.22,
        "Normalized EBITDA": 609915000.0,
        "Total Unusual Items": -1933000.0,
        "Total Unusual Items Excluding Goodwill": -1933000.0,
        "Net Income From Continuing Operation Net Minority Interest": 329821000.0,
        "Reconciled Depreciation": 172608000.0,
        "Reconciled Cost Of Revenue": 778749000.0,
        "EBITDA": 607982000.0,
        "EBIT": 435374000.0,
        "Net Interest Income": 4017000.0,
        "Interest Expense": 10174000.0,
        "Interest Income": 12288000.0,
        "Normalized Income": 331328740.0,
        "Net Income From Continuing And Discontinued Operation": 329821000.0,
        "Total Expenses": 1122151000.0,
        "Total Operating Income As Reported": 423116000.0,
        "Diluted Average Shares": 181315000.0,
        "Basic Average Shares": 181046000.0,
        "Diluted EPS": 1.82,
        "Basic EPS": 1.82,
        "Diluted NI Availto Com Stockholders": 329821000.0,
        "Net Income Common Stockholders": 329821000.0,
        "Net Income": 329821000.0,
        "Minority Interests": -1835000.0,
        "Net Income Including Noncontrolling Interests": 331656000.0,
        "Net Income Continuous Operations": 331656000.0,
        "Tax Provision": 93544000.0,
        "Pretax Income": 425200000.0,
        "Other Income Expense": -698000.0,
        "Other Non Operating Income Expenses": -3861000.0,
        "Earnings From Equity Interest": 1235000.0,
        "Gain On Sale Of Security": -1933000.0,
        "Net Non Operating Interest Income Expense": 4017000.0,
        "Total Other Finance Cost": -1903000.0,
        "Interest Expense Non Operating": 10174000.0,
        "Interest Income Non Operating": 12288000.0,
        "Operating Income": 421881000.0,
        "Operating Expense": 343402000.0,
        "Other Operating Expenses": 3861000.0,
        "Research And Development": 220909000.0,
        "Selling General And Administration": 118632000.0,
        "Selling And Marketing Expense": 62641000.0,
        "General And Administrative Expense": 55991000.0,
        "Other Gand A": 55991000.0,
        "Gross Profit": 765283000.0,
        "Cost Of Revenue": 778749000.0,
        "Total Revenue": 1544032000.0,
        "Operating Revenue": 1475428000.0
    },
    "2023-12-31": {
        "Tax Effect Of Unusual Items": 0.0,
        "Tax Rate For Calcs": 0.199279,
        "Normalized EBITDA": 467687000.0,
        "Total Unusual Items": NaN,
        "Total Unusual Items Excluding Goodwill": NaN,
        "Net Income From Continuing Operation Net Minority Interest": 293506000.0,
        "Reconciled Depreciation": 186057000.0,
        "Reconciled Cost Of Revenue": 779780000.0,
        "EBITDA": 467687000.0,
        "EBIT": 281630000.0,
        "Net Interest Income": 15655000.0,
        "Interest Expense": -86155000.0,
        "Interest Income": -79127000.0,
        "Normalized Income": 293506000.0,
        "Net Income From Continuing And Discontinued Operation": 293506000.0,
        "Total Expenses": 1167874000.0,
        "Total Operating Income As Reported": NaN,
        "Diluted Average Shares": 180883000.0,
        "Basic Average Shares": 180592000.0,
        "Diluted EPS": 1.62,
        "Basic EPS": 1.63,
        "Diluted NI Availto Com Stockholders": 293506000.0,
        "Net Income Common Stockholders": 293506000.0,
        "Net Income": 293506000.0,
        "Minority Interests": -987000.0,
        "Net Income Including Noncontrolling Interests": 294493000.0,
        "Net Income Continuous Operations": 294493000.0,
        "Tax Provision": 73292000.0,
        "Pretax Income": 367785000.0,
        "Other Income Expense": -3396000.0,
        "Other Non Operating Income Expenses": NaN,
        "Earnings From Equity Interest": 1864000.0,
        "Gain On Sale Of Security": NaN,
        "Net Non Operating Interest Income Expense": 15655000.0,
        "Total Other Finance Cost": NaN,
        "Interest Expense Non Operating": -86155000.0,
        "Interest Income Non Operating": -79127000.0,
        "Operating Income": 355526000.0,
        "Operating Expense": 388094000.0,
        "Other Operating Expenses": NaN,
        "Research And Development": 252684000.0,
        "Selling General And Administration": 116512000.0,
        "Selling And Marketing Expense": 53837000.0,
        "General And Administrative Expense": 62675000.0,
        "Other Gand A": 62675000.0,
        "Gross Profit": 743620000.0,
        "Cost Of Revenue": 779780000.0,
        "Total Revenue": 1523400000.0,
        "Operating Revenue": 1477666000.0
    },
    "2024-03-31": {
        "Tax Effect Of Unusual Items": -934800.0,
        "Tax Rate For Calcs": 0.2,
        "Normalized EBITDA": 616532000.0,
        "Total Unusual Items": -4674000.0,
        "Total Unusual Items Excluding Goodwill": -4674000.0,
        "Net Income From Continuing Operation Net Minority Interest": 351374000.0,
        "Reconciled Depreciation": 162804000.0,
        "Reconciled Cost Of Revenue": 781633000.0,
        "EBITDA": 611858000.0,
        "EBIT": 449054000.0,
        "Net Interest Income": 2868000.0,
        "Interest Expense": 8786000.0,
        "Interest Income": 6958000.0,
        "Normalized Income": 355113200.0,
        "Net Income From Continuing And Discontinued Operation": 351374000.0,
        "Total Expenses": 1136749000.0,
        "Total Operating Income As Reported": NaN,
        "Diluted Average Shares": 180527000.0,
        "Basic Average Shares": 180250000.0,
        "Diluted EPS": 1.95,
        "Basic EPS": 1.95,
        "Diluted NI Availto Com Stockholders": 351374000.0,
        "Net Income Common Stockholders": 351374000.0,
        "Net Income": 351374000.0,
        "Minority Interests": -840000.0,
        "Net Income Including Noncontrolling Interests": 352214000.0,
        "Net Income Continuous Operations": 352214000.0,
        "Tax Provision": 88054000.0,
        "Pretax Income": 440268000.0,
        "Other Income Expense": -10480000.0,
        "Other Non Operating Income Expenses": -7322000.0,
        "Earnings From Equity Interest": 1516000.0,
        "Gain On Sale Of Security": -4674000.0,
        "Net Non Operating Interest Income Expense": 2868000.0,
        "Total Other Finance Cost": -4696000.0,
        "Interest Expense Non Operating": 8786000.0,
        "Interest Income Non Operating": 6958000.0,
        "Operating Income": 447880000.0,
        "Operating Expense": 355116000.0,
        "Other Operating Expenses": NaN,
        "Research And Development": 231142000.0,
        "Selling General And Administration": 123974000.0,
        "Selling And Marketing Expense": 65408000.0,
        "General And Administrative Expense": 58566000.0,
        "Other Gand A": 58566000.0,
        "Gross Profit": 802996000.0,
        "Cost Of Revenue": 781633000.0,
        "Total Revenue": 1584629000.0,
        "Operating Revenue": 1527260000.0
    },
    "2024-06-30": {
        "Tax Effect Of Unusual Items": -475781.0,
        "Tax Rate For Calcs": 0.191,
        "Normalized EBITDA": 682807000.0,
        "Total Unusual Items": -2491000.0,
        "Total Unusual Items Excluding Goodwill": -2491000.0,
        "Net Income From Continuing Operation Net Minority Interest": 412114000.0,
        "Reconciled Depreciation": 158344000.0,
        "Reconciled Cost Of Revenue": 856561000.0,
        "EBITDA": 680316000.0,
        "EBIT": 521972000.0,
        "Net Interest Income": 2024000.0,
        "Interest Expense": 11313000.0,
        "Interest Income": 8537000.0,
        "Normalized Income": 414129219.0,
        "Net Income From Continuing And Discontinued Operation": 412114000.0,
        "Total Expenses": 1202864000.0,
        "Total Operating Income As Reported": NaN,
        "Diluted Average Shares": 180206000.0,
        "Basic Average Shares": 179952000.0,
        "Diluted EPS": 2.29,
        "Basic EPS": 2.29,
        "Diluted NI Availto Com Stockholders": 412114000.0,
        "Net Income Common Stockholders": 412114000.0,
        "Net Income": 412114000.0,
        "Minority Interests": -1168000.0,
        "Net Income Including Noncontrolling Interests": 413282000.0,
        "Net Income Continuous Operations": 413282000.0,
        "Tax Provision": 97377000.0,
        "Pretax Income": 510659000.0,
        "Other Income Expense": -560000.0,
        "Other Non Operating Income Expenses": NaN,
        "Earnings From Equity Interest": 1931000.0,
        "Gain On Sale Of Security": -2491000.0,
        "Net Non Operating Interest Income Expense": 2024000.0,
        "Total Other Finance Cost": -4800000.0,
        "Interest Expense Non Operating": 11313000.0,
        "Interest Income Non Operating": 8537000.0,
        "Operating Income": 509195000.0,
        "Operating Expense": 346303000.0,
        "Other Operating Expenses": -939000.0,
        "Research And Development": 204359000.0,
        "Selling General And Administration": 142883000.0,
        "Selling And Marketing Expense": 77740000.0,
        "General And Administrative Expense": 65143000.0,
        "Other Gand A": 65143000.0,
        "Gross Profit": 855498000.0,
        "Cost Of Revenue": 856561000.0,
        "Total Revenue": 1712059000.0,
        "Operating Revenue": 1641216000.0
    },
    "2024-09-30": {
        "Tax Effect Of Unusual Items": -264030.0,
        "Tax Rate For Calcs": 0.195,
        "Normalized EBITDA": 651087000.0,
        "Total Unusual Items": -1354000.0,
        "Total Unusual Items Excluding Goodwill": -1354000.0,
        "Net Income From Continuing Operation Net Minority Interest": 374173000.0,
        "Reconciled Depreciation": 171265000.0,
        "Reconciled Cost Of Revenue": 827074000.0,
        "EBITDA": 649733000.0,
        "EBIT": 478468000.0,
        "Net Interest Income": 467000.0,
        "Interest Expense": 12738000.0,
        "Interest Income": 8516000.0,
        "Normalized Income": 375262970.0,
        "Net Income From Continuing And Discontinued Operation": 374173000.0,
        "Total Expenses": 1180018000.0,
        "Total Operating Income As Reported": 466617000.0,
        "Diluted Average Shares": 179840000.0,
        "Basic Average Shares": 179586000.0,
        "Diluted EPS": 2.08,
        "Basic EPS": 2.08,
        "Diluted NI Availto Com Stockholders": 374173000.0,
        "Net Income Common Stockholders": 374173000.0,
        "Net Income": 374173000.0,
        "Minority Interests": -740000.0,
        "Net Income Including Noncontrolling Interests": 374913000.0,
        "Net Income Continuous Operations": 374913000.0,
        "Tax Provision": 90817000.0,
        "Pretax Income": 465730000.0,
        "Other Income Expense": 842000.0,
        "Other Non Operating Income Expenses": NaN,
        "Earnings From Equity Interest": 2196000.0,
        "Gain On Sale Of Security": -1354000.0,
        "Net Non Operating Interest Income Expense": 467000.0,
        "Total Other Finance Cost": -4689000.0,
        "Interest Expense Non Operating": 12738000.0,
        "Interest Income Non Operating": 8516000.0,
        "Operating Income": 464421000.0,
        "Operating Expense": 352944000.0,
        "Other Operating Expenses": 5525000.0,
        "Research And Development": 212490000.0,
        "Selling General And Administration": 134929000.0,
        "Selling And Marketing Expense": 68234000.0,
        "General And Administrative Expense": 66695000.0,
        "Other Gand A": 66695000.0,
        "Gross Profit": 817365000.0,
        "Cost Of Revenue": 827074000.0,
        "Total Revenue": 1644439000.0,
        "Operating Revenue": 1574655000.0
    }
}