{
    "2023-03-31": {
        "Tax Effect Of Unusual Items": NaN,
        "Tax Rate For Calcs": NaN,
        "Normalized EBITDA": NaN,
        "Total Unusual Items": NaN,
        "Total Unusual Items Excluding Goodwill": NaN,
        "Net Income From Continuing Operation Net Minority Interest": NaN,
        "Reconciled Depreciation": NaN,
        "Reconciled Cost Of Revenue": NaN,
        "EBITDA": NaN,
        "EBIT": NaN,
        "Net Interest Income": NaN,
        "Interest Expense": NaN,
        "Normalized Income": NaN,
        "Net Income From Continuing And Discontinued Operation": NaN,
        "Total Expenses": NaN,
        "Total Operating Income As Reported": NaN,
        "Diluted Average Shares": 26545463.0,
        "Basic Average Shares": 26545463.0,
        "Diluted EPS": -0.19,
        "Basic EPS": -0.19,
        "Diluted NI Availto Com Stockholders": NaN,
        "Net Income Common Stockholders": NaN,
        "Otherunder Preferred Stock Dividend": NaN,
        "Preferred Stock Dividends": NaN,
        "Net Income": NaN,
        "Net Income Including Noncontrolling Interests": NaN,
        "Net Income Continuous Operations": NaN,
        "Tax Provision": NaN,
        "Pretax Income": NaN,
        "Other Income Expense": NaN,
        "Other Non Operating Income Expenses": NaN,
        "Special Income Charges": NaN,
        "Gain On Sale Of Ppe": NaN,
        "Other Special Charges": NaN,
        "Gain On Sale Of Security": NaN,
        "Net Non Operating Interest Income Expense": NaN,
        "Interest Expense Non Operating": NaN,
        "Operating Income": NaN,
        "Operating Expense": NaN,
        "Selling General And Administration": NaN,
        "Gross Profit": NaN,
        "Cost Of Revenue": NaN,
        "Total Revenue": NaN,
        "Operating Revenue": NaN
    },
    "2022-12-31": {
        "Tax Effect Of Unusual Items": NaN,
        "Tax Rate For Calcs": NaN,
        "Normalized EBITDA": NaN,
        "Total Unusual Items": NaN,
        "Total Unusual Items Excluding Goodwill": NaN,
        "Net Income From Continuing Operation Net Minority Interest": NaN,
        "Reconciled Depreciation": NaN,
        "Reconciled Cost Of Revenue": NaN,
        "EBITDA": NaN,
        "EBIT": NaN,
        "Net Interest Income": NaN,
        "Interest Expense": NaN,
        "Normalized Income": NaN,
        "Net Income From Continuing And Discontinued Operation": NaN,
        "Total Expenses": NaN,
        "Total Operating Income As Reported": NaN,
        "Diluted Average Shares": NaN,
        "Basic Average Shares": NaN,
        "Diluted EPS": NaN,
        "Basic EPS": NaN,
        "Diluted NI Availto Com Stockholders": NaN,
        "Net Income Common Stockholders": NaN,
        "Otherunder Preferred Stock Dividend": NaN,
        "Preferred Stock Dividends": NaN,
        "Net Income": NaN,
        "Net Income Including Noncontrolling Interests": NaN,
        "Net Income Continuous Operations": NaN,
        "Tax Provision": NaN,
        "Pretax Income": NaN,
        "Other Income Expense": NaN,
        "Other Non Operating Income Expenses": NaN,
        "Special Income Charges": -4515000.0,
        "Gain On Sale Of Ppe": NaN,
        "Other Special Charges": 0.0,
        "Restructuring And Mergern Acquisition": 0.0,
        "Gain On Sale Of Security": NaN,
        "Net Non Operating Interest Income Expense": NaN,
        "Interest Expense Non Operating": NaN,
        "Operating Income": NaN,
        "Operating Expense": NaN,
        "Selling General And Administration": NaN,
        "Gross Profit": NaN,
        "Cost Of Revenue": NaN,
        "Total Revenue": NaN,
        "Operating Revenue": NaN
    },
    "2022-09-30": {
        "Tax Effect Of Unusual Items": NaN,
        "Tax Rate For Calcs": NaN,
        "Normalized EBITDA": NaN,
        "Total Unusual Items": NaN,
        "Total Unusual Items Excluding Goodwill": NaN,
        "Net Income From Continuing Operation Net Minority Interest": NaN,
        "Reconciled Depreciation": NaN,
        "Reconciled Cost Of Revenue": NaN,
        "EBITDA": NaN,
        "EBIT": NaN,
        "Net Interest Income": NaN,
        "Interest Expense": NaN,
        "Normalized Income": NaN,
        "Net Income From Continuing And Discontinued Operation": NaN,
        "Total Expenses": NaN,
        "Total Operating Income As Reported": NaN,
        "Diluted Average Shares": NaN,
        "Basic Average Shares": NaN,
        "Diluted EPS": NaN,
        "Basic EPS": NaN,
        "Diluted NI Availto Com Stockholders": NaN,
        "Net Income Common Stockholders": NaN,
        "Net Income": NaN,
        "Net Income Including Noncontrolling Interests": NaN,
        "Net Income Continuous Operations": NaN,
        "Tax Provision": NaN,
        "Pretax Income": NaN,
        "Other Income Expense": NaN,
        "Other Non Operating Income Expenses": NaN,
        "Special Income Charges": -8105000.0,
        "Gain On Sale Of Ppe": 0.0,
        "Other Special Charges": 8105000.0,
        "Restructuring And Mergern Acquisition": 0.0,
        "Gain On Sale Of Security": NaN,
        "Net Non Operating Interest Income Expense": NaN,
        "Interest Expense Non Operating": NaN,
        "Operating Income": NaN,
        "Operating Expense": NaN,
        "Selling General And Administration": NaN,
        "Gross Profit": NaN,
        "Cost Of Revenue": NaN,
        "Total Revenue": NaN,
        "Operating Revenue": NaN
    },
    "2022-06-30": {
        "Tax Effect Of Unusual Items": 1907491.783022,
        "Tax Rate For Calcs": 0.101755,
        "Normalized EBITDA": 4233000.0,
        "Total Unusual Items": 18746000.0,
        "Total Unusual Items Excluding Goodwill": 18746000.0,
        "Net Income From Continuing Operation Net Minority Interest": 14539000.0,
        "Reconciled Depreciation": 1036000.0,
        "Reconciled Cost Of Revenue": 50197000.0,
        "EBITDA": 22979000.0,
        "EBIT": 21943000.0,
        "Net Interest Income": -5757000.0,
        "Interest Expense": 5757000.0,
        "Normalized Income": -2299508.216978,
        "Net Income From Continuing And Discontinued Operation": 14539000.0,
        "Total Expenses": 54250000.0,
        "Total Operating Income As Reported": 2536000.0,
        "Diluted Average Shares": 24499784.0,
        "Basic Average Shares": 24499784.0,
        "Diluted EPS": 0.58,
        "Basic EPS": 0.58,
        "Diluted NI Availto Com Stockholders": 14539000.0,
        "Net Income Common Stockholders": 14539000.0,
        "Net Income": 14539000.0,
        "Net Income Including Noncontrolling Interests": 14539000.0,
        "Net Income Continuous Operations": 14539000.0,
        "Tax Provision": 1647000.0,
        "Pretax Income": 16186000.0,
        "Other Income Expense": 19407000.0,
        "Other Non Operating Income Expenses": 661000.0,
        "Special Income Charges": 0.0,
        "Gain On Sale Of Ppe": NaN,
        "Other Special Charges": NaN,
        "Impairment Of Capital Assets": 0.0,
        "Restructuring And Mergern Acquisition": 0.0,
        "Gain On Sale Of Security": 18746000.0,
        "Net Non Operating Interest Income Expense": -5757000.0,
        "Interest Expense Non Operating": 5757000.0,
        "Operating Income": 2536000.0,
        "Operating Expense": 4053000.0,
        "Selling General And Administration": 4053000.0,
        "Gross Profit": 6589000.0,
        "Cost Of Revenue": 50197000.0,
        "Total Revenue": 56786000.0,
        "Operating Revenue": 56786000.0
    },
    "2021-09-30": {
        "Diluted EPS": 0.0,
        "Total Revenue": NaN,
        "Gross Profit": NaN,
        "Operating Income": NaN,
        "EBIT": NaN,
        "Net Income": NaN
    },
    "2023-06-30": {
        "Tax Effect Of Unusual Items": -4412730.0,
        "Tax Rate For Calcs": 0.21,
        "Normalized EBITDA": 8068000.0,
        "Total Unusual Items": -21013000.0,
        "Total Unusual Items Excluding Goodwill": -21013000.0,
        "Net Income From Continuing Operation Net Minority Interest": -18889000.0,
        "Reconciled Depreciation": 1033000.0,
        "Reconciled Cost Of Revenue": 75641000.0,
        "EBITDA": -12945000.0,
        "EBIT": -13978000.0,
        "Net Interest Income": -4351000.0,
        "Interest Expense": 4351000.0,
        "Normalized Income": -2288730.0,
        "Net Income From Continuing And Discontinued Operation": -18889000.0,
        "Total Expenses": 81492000.0,
        "Total Operating Income As Reported": 7726000.0,
        "Diluted Average Shares": 28113825.0,
        "Basic Average Shares": 28113825.0,
        "Diluted EPS": -0.73,
        "Basic EPS": -0.73,
        "Diluted NI Availto Com Stockholders": -20558000.0,
        "Net Income Common Stockholders": -20558000.0,
        "Otherunder Preferred Stock Dividend": 57000.0,
        "Preferred Stock Dividends": 1612000.0,
        "Net Income": -18889000.0,
        "Net Income Including Noncontrolling Interests": -18889000.0,
        "Net Income Continuous Operations": -18889000.0,
        "Tax Provision": 560000.0,
        "Pretax Income": -18329000.0,
        "Other Income Expense": -21082000.0,
        "Other Non Operating Income Expenses": -69000.0,
        "Special Income Charges": -14258000.0,
        "Gain On Sale Of Ppe": 622000.0,
        "Other Special Charges": 14880000.0,
        "Gain On Sale Of Security": -6755000.0,
        "Net Non Operating Interest Income Expense": -4351000.0,
        "Interest Expense Non Operating": 4351000.0,
        "Operating Income": 7104000.0,
        "Operating Expense": 5851000.0,
        "Selling General And Administration": 5851000.0,
        "Gross Profit": 12955000.0,
        "Cost Of Revenue": 75641000.0,
        "Total Revenue": 88596000.0,
        "Operating Revenue": 88596000.0
    },
    "2023-09-30": {
        "Tax Effect Of Unusual Items": 249480.0,
        "Tax Rate For Calcs": 0.063,
        "Normalized EBITDA": 2570000.0,
        "Total Unusual Items": 3960000.0,
        "Total Unusual Items Excluding Goodwill": 3960000.0,
        "Net Income From Continuing Operation Net Minority Interest": 3193000.0,
        "Reconciled Depreciation": 1084000.0,
        "Reconciled Cost Of Revenue": 52669000.0,
        "EBITDA": 6530000.0,
        "EBIT": 5446000.0,
        "Net Interest Income": -2037000.0,
        "Interest Expense": 2037000.0,
        "Normalized Income": -517520.0,
        "Net Income From Continuing And Discontinued Operation": 3193000.0,
        "Total Expenses": 60180000.0,
        "Total Operating Income As Reported": 1401000.0,
        "Diluted Average Shares": 29543963.0,
        "Basic Average Shares": 29543963.0,
        "Diluted EPS": -0.03,
        "Basic EPS": -0.03,
        "Diluted NI Availto Com Stockholders": 3193000.0,
        "Net Income Common Stockholders": 3193000.0,
        "Otherunder Preferred Stock Dividend": NaN,
        "Preferred Stock Dividends": NaN,
        "Net Income": 3193000.0,
        "Net Income Including Noncontrolling Interests": 3193000.0,
        "Net Income Continuous Operations": 3193000.0,
        "Tax Provision": 216000.0,
        "Pretax Income": 3409000.0,
        "Other Income Expense": 3732000.0,
        "Other Non Operating Income Expenses": -228000.0,
        "Special Income Charges": -313000.0,
        "Gain On Sale Of Ppe": 0.0,
        "Other Special Charges": 313000.0,
        "Gain On Sale Of Security": 4273000.0,
        "Net Non Operating Interest Income Expense": -2037000.0,
        "Interest Expense Non Operating": 2037000.0,
        "Operating Income": 1714000.0,
        "Operating Expense": 7511000.0,
        "Selling General And Administration": 7511000.0,
        "Gross Profit": 9225000.0,
        "Cost Of Revenue": 52669000.0,
        "Total Revenue": 61894000.0,
        "Operating Revenue": 61894000.0
    },
    "2023-12-31": {
        "Tax Effect Of Unusual Items": -934710.0,
        "Tax Rate For Calcs": 0.21,
        "Normalized EBITDA": 5669000.0,
        "Total Unusual Items": -4451000.0,
        "Total Unusual Items Excluding Goodwill": -4451000.0,
        "Net Income From Continuing Operation Net Minority Interest": -2856000.0,
        "Reconciled Depreciation": 1417000.0,
        "Reconciled Cost Of Revenue": 114506000.0,
        "EBITDA": 1218000.0,
        "EBIT": -199000.0,
        "Net Interest Income": -2043000.0,
        "Interest Expense": 2043000.0,
        "Normalized Income": 660290.0,
        "Net Income From Continuing And Discontinued Operation": -2856000.0,
        "Total Expenses": 122245000.0,
        "Total Operating Income As Reported": 268000.0,
        "Diluted Average Shares": NaN,
        "Basic Average Shares": NaN,
        "Diluted EPS": NaN,
        "Basic EPS": NaN,
        "Diluted NI Availto Com Stockholders": -12839000.0,
        "Net Income Common Stockholders": -12839000.0,
        "Otherunder Preferred Stock Dividend": NaN,
        "Preferred Stock Dividends": NaN,
        "Net Income": -2856000.0,
        "Net Income Including Noncontrolling Interests": -2856000.0,
        "Net Income Continuous Operations": -2856000.0,
        "Tax Provision": 614000.0,
        "Pretax Income": -2242000.0,
        "Other Income Expense": -4558000.0,
        "Other Non Operating Income Expenses": -107000.0,
        "Special Income Charges": -4091000.0,
        "Gain On Sale Of Ppe": 0.0,
        "Other Special Charges": 0.0,
        "Gain On Sale Of Security": -360000.0,
        "Net Non Operating Interest Income Expense": -2043000.0,
        "Interest Expense Non Operating": 2043000.0,
        "Operating Income": 4359000.0,
        "Operating Expense": 7739000.0,
        "Selling General And Administration": 7739000.0,
        "Gross Profit": 12098000.0,
        "Cost Of Revenue": 114506000.0,
        "Total Revenue": 126604000.0,
        "Operating Revenue": 126604000.0
    },
    "2024-03-31": {
        "Tax Effect Of Unusual Items": -2848846.0,
        "Tax Rate For Calcs": 0.182,
        "Normalized EBITDA": 5292000.0,
        "Total Unusual Items": -15653000.0,
        "Total Unusual Items Excluding Goodwill": -15653000.0,
        "Net Income From Continuing Operation Net Minority Interest": -11571000.0,
        "Reconciled Depreciation": 1396000.0,
        "Reconciled Cost Of Revenue": 149655000.0,
        "EBITDA": -10361000.0,
        "EBIT": -11757000.0,
        "Net Interest Income": -2391000.0,
        "Interest Expense": 2391000.0,
        "Normalized Income": 1233154.0,
        "Net Income From Continuing And Discontinued Operation": -11571000.0,
        "Total Expenses": 157148000.0,
        "Total Operating Income As Reported": 3910000.0,
        "Diluted Average Shares": 29580182.0,
        "Basic Average Shares": 29580182.0,
        "Diluted EPS": -0.54,
        "Basic EPS": -0.54,
        "Diluted NI Availto Com Stockholders": -11571000.0,
        "Net Income Common Stockholders": -11571000.0,
        "Otherunder Preferred Stock Dividend": NaN,
        "Preferred Stock Dividends": NaN,
        "Net Income": -11571000.0,
        "Net Income Including Noncontrolling Interests": -11571000.0,
        "Net Income Continuous Operations": -11571000.0,
        "Tax Provision": -2577000.0,
        "Pretax Income": -14148000.0,
        "Other Income Expense": -15667000.0,
        "Other Non Operating Income Expenses": -14000.0,
        "Special Income Charges": NaN,
        "Gain On Sale Of Ppe": NaN,
        "Other Special Charges": NaN,
        "Gain On Sale Of Security": -15653000.0,
        "Net Non Operating Interest Income Expense": -2391000.0,
        "Interest Expense Non Operating": 2391000.0,
        "Operating Income": 3910000.0,
        "Operating Expense": 7493000.0,
        "Selling General And Administration": 7493000.0,
        "Gross Profit": 11403000.0,
        "Cost Of Revenue": 149655000.0,
        "Total Revenue": 161058000.0,
        "Operating Revenue": 161058000.0
    },
    "2024-06-30": {
        "Tax Effect Of Unusual Items": 778284.0,
        "Tax Rate For Calcs": 0.234,
        "Normalized EBITDA": 10609000.0,
        "Total Unusual Items": 3326000.0,
        "Total Unusual Items Excluding Goodwill": 3326000.0,
        "Net Income From Continuing Operation Net Minority Interest": 8177000.0,
        "Reconciled Depreciation": 1414000.0,
        "Reconciled Cost Of Revenue": 128986000.0,
        "EBITDA": 13935000.0,
        "EBIT": 12521000.0,
        "Net Interest Income": -1847000.0,
        "Interest Expense": 1847000.0,
        "Normalized Income": 5629284.0,
        "Net Income From Continuing And Discontinued Operation": 8177000.0,
        "Total Expenses": 137496000.0,
        "Total Operating Income As Reported": 13134000.0,
        "Diluted Average Shares": 32277506.0,
        "Basic Average Shares": 30641193.0,
        "Diluted EPS": 0.11,
        "Basic EPS": 0.12,
        "Diluted NI Availto Com Stockholders": 3607000.0,
        "Net Income Common Stockholders": 3607000.0,
        "Otherunder Preferred Stock Dividend": 143000.0,
        "Preferred Stock Dividends": 4427000.0,
        "Net Income": 8177000.0,
        "Net Income Including Noncontrolling Interests": 8177000.0,
        "Net Income Continuous Operations": 8177000.0,
        "Tax Provision": 2497000.0,
        "Pretax Income": 10674000.0,
        "Other Income Expense": 2601000.0,
        "Other Non Operating Income Expenses": -725000.0,
        "Special Income Charges": 3214000.0,
        "Gain On Sale Of Ppe": 0.0,
        "Other Special Charges": -3214000.0,
        "Gain On Sale Of Security": 112000.0,
        "Net Non Operating Interest Income Expense": -1847000.0,
        "Interest Expense Non Operating": 1847000.0,
        "Operating Income": 9920000.0,
        "Operating Expense": 8510000.0,
        "Selling General And Administration": 8510000.0,
        "Gross Profit": 18430000.0,
        "Cost Of Revenue": 128986000.0,
        "Total Revenue": 147416000.0,
        "Operating Revenue": 147416000.0
    }
}