{
    "2023-03-31": {
        "Tax Effect Of Unusual Items": 0.0,
        "Tax Rate For Calcs": 0.0,
        "Normalized EBITDA": -21743000.0,
        "Total Unusual Items": NaN,
        "Total Unusual Items Excluding Goodwill": NaN,
        "Net Income From Continuing Operation Net Minority Interest": -20484000.0,
        "Reconciled Depreciation": 18000.0,
        "EBIT": -21743000.0,
        "Net Interest Income": 1259000.0,
        "Interest Income": 1259000.0,
        "Normalized Income": -20484000.0,
        "Net Income From Continuing And Discontinued Operation": -20484000.0,
        "Total Expenses": 21743000.0,
        "Total Operating Income As Reported": -21743000.0,
        "Diluted Average Shares": 36339851.0,
        "Basic Average Shares": 36339851.0,
        "Diluted EPS": -0.56,
        "Basic EPS": -0.56,
        "Diluted NI Availto Com Stockholders": -20484000.0,
        "Net Income Common Stockholders": -20484000.0,
        "Net Income": -20484000.0,
        "Net Income Including Noncontrolling Interests": -20484000.0,
        "Net Income Continuous Operations": -20484000.0,
        "Tax Provision": NaN,
        "Pretax Income": -20484000.0,
        "Other Income Expense": NaN,
        "Special Income Charges": NaN,
        "Restructuring And Mergern Acquisition": NaN,
        "Net Non Operating Interest Income Expense": 1259000.0,
        "Interest Income Non Operating": 1259000.0,
        "Operating Income": -21743000.0,
        "Operating Expense": 21743000.0,
        "Research And Development": 16677000.0,
        "Selling General And Administration": 5066000.0,
        "General And Administrative Expense": 5066000.0,
        "Other Gand A": 5066000.0,
        "Total Revenue": 0.0,
        "Operating Revenue": 0.0
    },
    "2022-12-31": {
        "Tax Effect Of Unusual Items": 0.0,
        "Tax Rate For Calcs": 0.4,
        "Normalized EBITDA": -23557000.0,
        "Total Unusual Items": NaN,
        "Total Unusual Items Excluding Goodwill": NaN,
        "Net Income From Continuing Operation Net Minority Interest": -22678000.0,
        "Reconciled Depreciation": 18000.0,
        "EBIT": -23557000.0,
        "Net Interest Income": 882000.0,
        "Interest Income": 882000.0,
        "Normalized Income": -22678000.0,
        "Net Income From Continuing And Discontinued Operation": -22678000.0,
        "Total Expenses": 23557000.0,
        "Total Operating Income As Reported": -23557000.0,
        "Diluted Average Shares": 32335362.0,
        "Basic Average Shares": 32335362.0,
        "Diluted EPS": -0.7,
        "Basic EPS": -0.7,
        "Diluted NI Availto Com Stockholders": -22678000.0,
        "Net Income Common Stockholders": -22678000.0,
        "Net Income": -22678000.0,
        "Net Income Including Noncontrolling Interests": -22678000.0,
        "Net Income Continuous Operations": -22678000.0,
        "Tax Provision": 3000.0,
        "Pretax Income": -22675000.0,
        "Other Income Expense": NaN,
        "Special Income Charges": NaN,
        "Restructuring And Mergern Acquisition": NaN,
        "Net Non Operating Interest Income Expense": 882000.0,
        "Interest Income Non Operating": 882000.0,
        "Operating Income": -23557000.0,
        "Operating Expense": 23557000.0,
        "Research And Development": 19078000.0,
        "Selling General And Administration": 4479000.0,
        "General And Administrative Expense": 4479000.0,
        "Other Gand A": 4479000.0,
        "Total Revenue": 0.0,
        "Operating Revenue": 0.0
    },
    "2022-09-30": {
        "Tax Effect Of Unusual Items": 0.0,
        "Tax Rate For Calcs": 0.0,
        "Normalized EBITDA": -18393000.0,
        "Total Unusual Items": NaN,
        "Total Unusual Items Excluding Goodwill": NaN,
        "Net Income From Continuing Operation Net Minority Interest": -18041000.0,
        "Reconciled Depreciation": 18000.0,
        "EBIT": -18411000.0,
        "Net Interest Income": 370000.0,
        "Interest Income": 370000.0,
        "Normalized Income": -18041000.0,
        "Net Income From Continuing And Discontinued Operation": -18041000.0,
        "Total Expenses": 18411000.0,
        "Total Operating Income As Reported": -18411000.0,
        "Diluted Average Shares": 26564615.0,
        "Basic Average Shares": 26564615.0,
        "Diluted EPS": -0.68,
        "Basic EPS": -0.68,
        "Diluted NI Availto Com Stockholders": -18041000.0,
        "Net Income Common Stockholders": -18041000.0,
        "Net Income": -18041000.0,
        "Net Income Including Noncontrolling Interests": -18041000.0,
        "Net Income Continuous Operations": -18041000.0,
        "Tax Provision": NaN,
        "Pretax Income": -18041000.0,
        "Other Income Expense": NaN,
        "Special Income Charges": NaN,
        "Restructuring And Mergern Acquisition": NaN,
        "Net Non Operating Interest Income Expense": 370000.0,
        "Interest Income Non Operating": 370000.0,
        "Operating Income": -18411000.0,
        "Operating Expense": 18411000.0,
        "Research And Development": 14510000.0,
        "Selling General And Administration": 3901000.0,
        "General And Administrative Expense": 3901000.0,
        "Other Gand A": 3901000.0,
        "Total Revenue": 0.0,
        "Operating Revenue": 0.0
    },
    "2022-06-30": {
        "Tax Effect Of Unusual Items": 0.0,
        "Tax Rate For Calcs": 0.0,
        "Normalized EBITDA": -17696000.0,
        "Total Unusual Items": NaN,
        "Total Unusual Items Excluding Goodwill": NaN,
        "Net Income From Continuing Operation Net Minority Interest": -17611000.0,
        "Reconciled Depreciation": 22000.0,
        "EBIT": -17718000.0,
        "Net Interest Income": 107000.0,
        "Interest Income": 107000.0,
        "Normalized Income": -17611000.0,
        "Net Income From Continuing And Discontinued Operation": -17611000.0,
        "Total Expenses": 17718000.0,
        "Total Operating Income As Reported": -17718000.0,
        "Diluted Average Shares": 26529482.0,
        "Basic Average Shares": 26529482.0,
        "Diluted EPS": -0.66,
        "Basic EPS": -0.66,
        "Diluted NI Availto Com Stockholders": -17611000.0,
        "Net Income Common Stockholders": -17611000.0,
        "Net Income": -17611000.0,
        "Net Income Including Noncontrolling Interests": -17611000.0,
        "Net Income Continuous Operations": -17611000.0,
        "Tax Provision": NaN,
        "Pretax Income": -17611000.0,
        "Other Income Expense": NaN,
        "Special Income Charges": NaN,
        "Restructuring And Mergern Acquisition": NaN,
        "Net Non Operating Interest Income Expense": 107000.0,
        "Interest Income Non Operating": 107000.0,
        "Operating Income": -17718000.0,
        "Operating Expense": 17718000.0,
        "Research And Development": 14257000.0,
        "Selling General And Administration": 3461000.0,
        "General And Administrative Expense": 3461000.0,
        "Other Gand A": 3461000.0,
        "Total Revenue": 0.0,
        "Operating Revenue": 0.0
    },
    "2022-03-31": {
        "Diluted EPS": -0.66,
        "Total Revenue": NaN,
        "Gross Profit": NaN,
        "Operating Income": -17,
        "EBIT": -17,
        "Net Income": -17
    },
    "2021-12-31": {
        "Diluted EPS": 0.37,
        "Total Revenue": NaN,
        "Gross Profit": NaN,
        "Operating Income": -18,
        "EBIT": -18,
        "Net Income": -18
    },
    "2021-09-30": {
        "Diluted EPS": -0.7,
        "Total Revenue": NaN,
        "Gross Profit": NaN,
        "Operating Income": -18,
        "EBIT": -18,
        "Net Income": -18
    },
    "2021-06-30": {
        "Diluted EPS": -0.39,
        "Total Revenue": NaN,
        "Gross Profit": NaN,
        "Operating Income": -8,
        "EBIT": -8,
        "Net Income": -8
    },
    "2021-03-31": {
        "Diluted EPS": -1.93,
        "Total Revenue": NaN,
        "Gross Profit": NaN,
        "Operating Income": -7,
        "EBIT": -7,
        "Net Income": -7
    },
    "2020-12-31": {
        "Diluted EPS": -1.64,
        "Total Revenue": NaN,
        "Gross Profit": NaN,
        "Operating Income": -5,
        "EBIT": -5,
        "Net Income": -5
    },
    "2020-09-30": {
        "Diluted EPS": -3.05,
        "Total Revenue": NaN,
        "Gross Profit": NaN,
        "Operating Income": -8,
        "EBIT": -8,
        "Net Income": -10
    },
    "2020-06-30": {
        "Diluted EPS": -0.78,
        "Total Revenue": NaN,
        "Gross Profit": NaN,
        "Operating Income": -3,
        "EBIT": -3,
        "Net Income": -3
    },
    "2020-03-31": {
        "Diluted EPS": -0.82,
        "Total Revenue": NaN,
        "Gross Profit": NaN,
        "Operating Income": -2,
        "EBIT": -2,
        "Net Income": -3
    },
    "2023-06-30": {
        "Tax Effect Of Unusual Items": 0.0,
        "Tax Rate For Calcs": 0.0,
        "Normalized EBITDA": -17540000.0,
        "Total Unusual Items": -2837000.0,
        "Total Unusual Items Excluding Goodwill": -2837000.0,
        "Net Income From Continuing Operation Net Minority Interest": -22064000.0,
        "Reconciled Depreciation": 17000.0,
        "EBIT": -20394000.0,
        "Net Interest Income": 1167000.0,
        "Interest Income": 1167000.0,
        "Normalized Income": -19227000.0,
        "Net Income From Continuing And Discontinued Operation": -22064000.0,
        "Total Expenses": 20394000.0,
        "Total Operating Income As Reported": -23231000.0,
        "Diluted Average Shares": 36363315.0,
        "Basic Average Shares": 36363315.0,
        "Diluted EPS": -0.61,
        "Basic EPS": -0.61,
        "Diluted NI Availto Com Stockholders": -22064000.0,
        "Net Income Common Stockholders": -22064000.0,
        "Net Income": -22064000.0,
        "Net Income Including Noncontrolling Interests": -22064000.0,
        "Net Income Continuous Operations": -22064000.0,
        "Tax Provision": NaN,
        "Pretax Income": -22064000.0,
        "Other Income Expense": -2837000.0,
        "Special Income Charges": -2837000.0,
        "Restructuring And Mergern Acquisition": 2837000.0,
        "Net Non Operating Interest Income Expense": 1167000.0,
        "Interest Income Non Operating": 1167000.0,
        "Operating Income": -20394000.0,
        "Operating Expense": 20394000.0,
        "Research And Development": 14980000.0,
        "Selling General And Administration": 5414000.0,
        "General And Administrative Expense": 5414000.0,
        "Other Gand A": 5414000.0,
        "Total Revenue": 0.0,
        "Operating Revenue": 0.0
    }
}