{
    "2023-03-31": {
        "Tax Effect Of Unusual Items": NaN,
        "Tax Rate For Calcs": NaN,
        "Normalized EBITDA": NaN,
        "Net Income From Continuing Operation Net Minority Interest": NaN,
        "Reconciled Depreciation": NaN,
        "EBITDA": NaN,
        "EBIT": NaN,
        "Net Interest Income": NaN,
        "Interest Expense": NaN,
        "Interest Income": NaN,
        "Normalized Income": NaN,
        "Net Income From Continuing And Discontinued Operation": NaN,
        "Total Expenses": NaN,
        "Total Operating Income As Reported": NaN,
        "Diluted Average Shares": NaN,
        "Basic Average Shares": NaN,
        "Diluted EPS": NaN,
        "Basic EPS": NaN,
        "Diluted NI Availto Com Stockholders": NaN,
        "Net Income Common Stockholders": NaN,
        "Net Income": NaN,
        "Minority Interests": NaN,
        "Net Income Including Noncontrolling Interests": NaN,
        "Net Income Continuous Operations": NaN,
        "Tax Provision": 0.0,
        "Pretax Income": NaN,
        "Net Non Operating Interest Income Expense": NaN,
        "Interest Expense Non Operating": NaN,
        "Interest Income Non Operating": NaN,
        "Operating Income": NaN,
        "Operating Expense": NaN,
        "Research And Development": NaN,
        "Selling General And Administration": NaN,
        "General And Administrative Expense": NaN,
        "Other Gand A": NaN,
        "Total Revenue": NaN,
        "Operating Revenue": NaN
    },
    "2022-12-31": {
        "Tax Effect Of Unusual Items": NaN,
        "Tax Rate For Calcs": NaN,
        "Normalized EBITDA": NaN,
        "Total Unusual Items": 0.0,
        "Total Unusual Items Excluding Goodwill": 0.0,
        "Net Income From Continuing Operation Net Minority Interest": NaN,
        "Reconciled Depreciation": NaN,
        "EBITDA": NaN,
        "EBIT": NaN,
        "Net Interest Income": NaN,
        "Interest Expense": NaN,
        "Interest Income": NaN,
        "Normalized Income": NaN,
        "Net Income From Continuing And Discontinued Operation": NaN,
        "Total Expenses": NaN,
        "Total Operating Income As Reported": NaN,
        "Diluted Average Shares": NaN,
        "Basic Average Shares": NaN,
        "Diluted EPS": NaN,
        "Basic EPS": NaN,
        "Diluted NI Availto Com Stockholders": NaN,
        "Net Income Common Stockholders": NaN,
        "Net Income": NaN,
        "Minority Interests": NaN,
        "Net Income Including Noncontrolling Interests": NaN,
        "Net Income Continuous Operations": NaN,
        "Tax Provision": -41000.0,
        "Pretax Income": NaN,
        "Special Income Charges": 0.0,
        "Net Non Operating Interest Income Expense": NaN,
        "Interest Expense Non Operating": NaN,
        "Interest Income Non Operating": NaN,
        "Operating Income": NaN,
        "Operating Expense": NaN,
        "Research And Development": NaN,
        "Selling General And Administration": NaN,
        "General And Administrative Expense": NaN,
        "Other Gand A": NaN,
        "Total Revenue": NaN,
        "Operating Revenue": NaN
    },
    "2022-09-30": {
        "Tax Effect Of Unusual Items": NaN,
        "Tax Rate For Calcs": NaN,
        "Normalized EBITDA": NaN,
        "Total Unusual Items": 0.0,
        "Total Unusual Items Excluding Goodwill": 0.0,
        "Net Income From Continuing Operation Net Minority Interest": NaN,
        "Reconciled Depreciation": NaN,
        "EBITDA": NaN,
        "EBIT": NaN,
        "Net Interest Income": NaN,
        "Interest Expense": NaN,
        "Interest Income": NaN,
        "Normalized Income": NaN,
        "Net Income From Continuing And Discontinued Operation": NaN,
        "Total Expenses": NaN,
        "Total Operating Income As Reported": NaN,
        "Diluted Average Shares": NaN,
        "Basic Average Shares": NaN,
        "Diluted EPS": NaN,
        "Basic EPS": NaN,
        "Diluted NI Availto Com Stockholders": NaN,
        "Net Income Common Stockholders": NaN,
        "Net Income": NaN,
        "Minority Interests": NaN,
        "Net Income Including Noncontrolling Interests": NaN,
        "Net Income Continuous Operations": NaN,
        "Tax Provision": NaN,
        "Pretax Income": NaN,
        "Special Income Charges": 0.0,
        "Net Non Operating Interest Income Expense": NaN,
        "Interest Expense Non Operating": NaN,
        "Interest Income Non Operating": NaN,
        "Operating Income": NaN,
        "Operating Expense": NaN,
        "Research And Development": NaN,
        "Selling General And Administration": NaN,
        "General And Administrative Expense": NaN,
        "Other Gand A": NaN,
        "Total Revenue": NaN,
        "Operating Revenue": NaN
    },
    "2022-06-30": {
        "Tax Effect Of Unusual Items": 0.0,
        "Tax Rate For Calcs": 0.4,
        "Normalized EBITDA": -15690000.0,
        "Total Unusual Items": NaN,
        "Total Unusual Items Excluding Goodwill": NaN,
        "Net Income From Continuing Operation Net Minority Interest": -7624000.0,
        "Reconciled Depreciation": 122000.0,
        "EBITDA": -15690000.0,
        "EBIT": -15812000.0,
        "Net Interest Income": 35000.0,
        "Interest Expense": 0.0,
        "Interest Income": 35000.0,
        "Normalized Income": -7624000.0,
        "Net Income From Continuing And Discontinued Operation": -7624000.0,
        "Total Expenses": 15847000.0,
        "Total Operating Income As Reported": -15847000.0,
        "Diluted Average Shares": 24371000.0,
        "Basic Average Shares": 24371000.0,
        "Diluted EPS": -0.31,
        "Basic EPS": -0.31,
        "Diluted NI Availto Com Stockholders": -7624000.0,
        "Net Income Common Stockholders": -7624000.0,
        "Net Income": -7624000.0,
        "Minority Interests": 8342000.0,
        "Net Income Including Noncontrolling Interests": -15966000.0,
        "Net Income Continuous Operations": -15966000.0,
        "Tax Provision": 154000.0,
        "Pretax Income": -15812000.0,
        "Special Income Charges": NaN,
        "Net Non Operating Interest Income Expense": 35000.0,
        "Interest Expense Non Operating": 0.0,
        "Interest Income Non Operating": 35000.0,
        "Operating Income": -15847000.0,
        "Operating Expense": 15847000.0,
        "Research And Development": 9528000.0,
        "Selling General And Administration": 6319000.0,
        "General And Administrative Expense": 6319000.0,
        "Other Gand A": 6319000.0,
        "Total Revenue": 0.0,
        "Operating Revenue": 0.0
    },
    "2022-03-31": {
        "Diluted EPS": -0.29,
        "Total Revenue": NaN,
        "Gross Profit": NaN,
        "Operating Income": -14,
        "EBIT": -14,
        "Net Income": -6
    },
    "2021-12-31": {
        "Diluted EPS": -0.27,
        "Total Revenue": 0,
        "Gross Profit": 0,
        "Operating Income": -13,
        "EBIT": -13,
        "Net Income": -5
    },
    "2021-09-30": {
        "Diluted EPS": -0.16,
        "Total Revenue": NaN,
        "Gross Profit": NaN,
        "Operating Income": -28,
        "EBIT": -28,
        "Net Income": -3
    },
    "2021-06-30": {
        "Diluted EPS": 0.0,
        "Total Revenue": 2,
        "Gross Profit": 2,
        "Operating Income": -5,
        "EBIT": -5,
        "Net Income": NaN
    },
    "2021-03-31": {
        "Diluted EPS": 0.0,
        "Total Revenue": 1,
        "Gross Profit": 1,
        "Operating Income": -5,
        "EBIT": -5,
        "Net Income": NaN
    },
    "2020-12-31": {
        "Diluted EPS": 0.0,
        "Total Revenue": NaN,
        "Gross Profit": NaN,
        "Operating Income": NaN,
        "EBIT": NaN,
        "Net Income": NaN
    },
    "2020-09-30": {
        "Diluted EPS": -0.16,
        "Total Revenue": 0,
        "Gross Profit": 0,
        "Operating Income": -3,
        "EBIT": -3,
        "Net Income": NaN
    },
    "2020-06-30": {
        "Diluted EPS": -0.06,
        "Total Revenue": 0,
        "Gross Profit": 0,
        "Operating Income": -3,
        "EBIT": -3,
        "Net Income": -3
    },
    "2023-06-30": {
        "Tax Effect Of Unusual Items": NaN,
        "Tax Rate For Calcs": NaN,
        "Normalized EBITDA": NaN,
        "Net Income From Continuing Operation Net Minority Interest": NaN,
        "Reconciled Depreciation": NaN,
        "EBITDA": NaN,
        "EBIT": NaN,
        "Net Interest Income": NaN,
        "Interest Expense": NaN,
        "Interest Income": NaN,
        "Normalized Income": NaN,
        "Net Income From Continuing And Discontinued Operation": NaN,
        "Total Expenses": NaN,
        "Total Operating Income As Reported": NaN,
        "Diluted Average Shares": 25345000.0,
        "Basic Average Shares": 25345000.0,
        "Diluted EPS": -0.37,
        "Basic EPS": -0.37,
        "Diluted NI Availto Com Stockholders": NaN,
        "Net Income Common Stockholders": NaN,
        "Net Income": NaN,
        "Minority Interests": NaN,
        "Net Income Including Noncontrolling Interests": NaN,
        "Net Income Continuous Operations": NaN,
        "Tax Provision": 0.0,
        "Pretax Income": NaN,
        "Net Non Operating Interest Income Expense": NaN,
        "Interest Expense Non Operating": NaN,
        "Interest Income Non Operating": NaN,
        "Operating Income": NaN,
        "Operating Expense": NaN,
        "Research And Development": NaN,
        "Selling General And Administration": NaN,
        "General And Administrative Expense": NaN,
        "Other Gand A": NaN,
        "Total Revenue": NaN,
        "Operating Revenue": NaN
    },
    "2023-09-30": {
        "Tax Effect Of Unusual Items": 0.0,
        "Tax Rate For Calcs": 0.0,
        "Normalized EBITDA": -16798000.0,
        "Net Income From Continuing Operation Net Minority Interest": -9197000.0,
        "Reconciled Depreciation": 218000.0,
        "EBITDA": -16798000.0,
        "EBIT": -17016000.0,
        "Net Interest Income": -477000.0,
        "Interest Expense": 1316000.0,
        "Interest Income": 839000.0,
        "Normalized Income": -9197000.0,
        "Net Income From Continuing And Discontinued Operation": -9197000.0,
        "Total Expenses": 17855000.0,
        "Total Operating Income As Reported": -17855000.0,
        "Diluted Average Shares": 25552000.0,
        "Basic Average Shares": 25552000.0,
        "Diluted EPS": -0.36,
        "Basic EPS": -0.36,
        "Diluted NI Availto Com Stockholders": -9197000.0,
        "Net Income Common Stockholders": -9197000.0,
        "Net Income": -9197000.0,
        "Minority Interests": 9135000.0,
        "Net Income Including Noncontrolling Interests": -18332000.0,
        "Net Income Continuous Operations": -18332000.0,
        "Tax Provision": 0.0,
        "Pretax Income": -18332000.0,
        "Net Non Operating Interest Income Expense": -477000.0,
        "Interest Expense Non Operating": 1316000.0,
        "Interest Income Non Operating": 839000.0,
        "Operating Income": -17855000.0,
        "Operating Expense": 17855000.0,
        "Research And Development": 11220000.0,
        "Selling General And Administration": 6635000.0,
        "General And Administrative Expense": 6635000.0,
        "Other Gand A": 6635000.0,
        "Total Revenue": 0.0,
        "Operating Revenue": 0.0
    },
    "2023-12-31": {
        "Tax Effect Of Unusual Items": 0.0,
        "Tax Rate For Calcs": 0.0,
        "Normalized EBITDA": -12532000.0,
        "Net Income From Continuing Operation Net Minority Interest": -7098000.0,
        "Reconciled Depreciation": 227000.0,
        "EBITDA": -12532000.0,
        "EBIT": -12759000.0,
        "Net Interest Income": -621000.0,
        "Interest Expense": 1296000.0,
        "Interest Income": 675000.0,
        "Normalized Income": -7098000.0,
        "Net Income From Continuing And Discontinued Operation": -7098000.0,
        "Total Expenses": 13434000.0,
        "Total Operating Income As Reported": -13434000.0,
        "Diluted Average Shares": NaN,
        "Basic Average Shares": NaN,
        "Diluted EPS": NaN,
        "Basic EPS": NaN,
        "Diluted NI Availto Com Stockholders": -7098000.0,
        "Net Income Common Stockholders": -7098000.0,
        "Net Income": -7098000.0,
        "Minority Interests": 6957000.0,
        "Net Income Including Noncontrolling Interests": -14055000.0,
        "Net Income Continuous Operations": -14055000.0,
        "Tax Provision": 0.0,
        "Pretax Income": -14055000.0,
        "Net Non Operating Interest Income Expense": -621000.0,
        "Interest Expense Non Operating": 1296000.0,
        "Interest Income Non Operating": 675000.0,
        "Operating Income": -13434000.0,
        "Operating Expense": 13434000.0,
        "Research And Development": 7606000.0,
        "Selling General And Administration": 5828000.0,
        "General And Administrative Expense": 5828000.0,
        "Other Gand A": 5828000.0,
        "Total Revenue": 0.0,
        "Operating Revenue": 0.0
    },
    "2024-03-31": {
        "Tax Effect Of Unusual Items": 0.0,
        "Tax Rate For Calcs": 0.0,
        "Normalized EBITDA": -13237000.0,
        "Net Income From Continuing Operation Net Minority Interest": -7483000.0,
        "Reconciled Depreciation": 248000.0,
        "EBITDA": -13237000.0,
        "EBIT": -13485000.0,
        "Net Interest Income": -745000.0,
        "Interest Expense": 1294000.0,
        "Interest Income": 549000.0,
        "Normalized Income": -7483000.0,
        "Net Income From Continuing And Discontinued Operation": -7483000.0,
        "Total Expenses": 14034000.0,
        "Total Operating Income As Reported": -14034000.0,
        "Diluted Average Shares": 26034000.0,
        "Basic Average Shares": 26034000.0,
        "Diluted EPS": -0.29,
        "Basic EPS": -0.29,
        "Diluted NI Availto Com Stockholders": -7483000.0,
        "Net Income Common Stockholders": -7483000.0,
        "Net Income": -7483000.0,
        "Minority Interests": 7296000.0,
        "Net Income Including Noncontrolling Interests": -14779000.0,
        "Net Income Continuous Operations": -14779000.0,
        "Tax Provision": NaN,
        "Pretax Income": -14779000.0,
        "Net Non Operating Interest Income Expense": -745000.0,
        "Interest Expense Non Operating": 1294000.0,
        "Interest Income Non Operating": 549000.0,
        "Operating Income": -14034000.0,
        "Operating Expense": 14034000.0,
        "Research And Development": 7586000.0,
        "Selling General And Administration": 6448000.0,
        "General And Administrative Expense": 6448000.0,
        "Other Gand A": 6448000.0,
        "Total Revenue": 0.0,
        "Operating Revenue": 0.0
    },
    "2024-06-30": {
        "Tax Effect Of Unusual Items": 0.0,
        "Tax Rate For Calcs": 0.0,
        "Normalized EBITDA": -11830000.0,
        "Net Income From Continuing Operation Net Minority Interest": -6805000.0,
        "Reconciled Depreciation": 255000.0,
        "EBITDA": -11830000.0,
        "EBIT": -12085000.0,
        "Net Interest Income": -837000.0,
        "Interest Expense": 1276000.0,
        "Interest Income": 439000.0,
        "Normalized Income": -6805000.0,
        "Net Income From Continuing And Discontinued Operation": -6805000.0,
        "Total Expenses": 12524000.0,
        "Total Operating Income As Reported": -12524000.0,
        "Diluted Average Shares": 26324000.0,
        "Basic Average Shares": 26324000.0,
        "Diluted EPS": -0.26,
        "Basic EPS": -0.26,
        "Diluted NI Availto Com Stockholders": -6805000.0,
        "Net Income Common Stockholders": -6805000.0,
        "Net Income": -6805000.0,
        "Minority Interests": 6556000.0,
        "Net Income Including Noncontrolling Interests": -13361000.0,
        "Net Income Continuous Operations": -13361000.0,
        "Tax Provision": NaN,
        "Pretax Income": -13361000.0,
        "Net Non Operating Interest Income Expense": -837000.0,
        "Interest Expense Non Operating": 1276000.0,
        "Interest Income Non Operating": 439000.0,
        "Operating Income": -12524000.0,
        "Operating Expense": 12524000.0,
        "Research And Development": 6115000.0,
        "Selling General And Administration": 6409000.0,
        "General And Administrative Expense": 6409000.0,
        "Other Gand A": 6409000.0,
        "Total Revenue": 0.0,
        "Operating Revenue": 0.0
    },
    "2024-09-30": {
        "Tax Effect Of Unusual Items": 0.0,
        "Tax Rate For Calcs": 0.0,
        "Normalized EBITDA": -11126000.0,
        "Net Income From Continuing Operation Net Minority Interest": -6783000.0,
        "Reconciled Depreciation": 259000.0,
        "EBITDA": -11126000.0,
        "EBIT": -11385000.0,
        "Net Interest Income": -923000.0,
        "Interest Expense": 1337000.0,
        "Interest Income": 414000.0,
        "Normalized Income": -6783000.0,
        "Net Income From Continuing And Discontinued Operation": -6783000.0,
        "Total Expenses": 11799000.0,
        "Total Operating Income As Reported": -11799000.0,
        "Diluted Average Shares": 28836000.0,
        "Basic Average Shares": 28836000.0,
        "Diluted EPS": -0.24,
        "Basic EPS": -0.24,
        "Diluted NI Availto Com Stockholders": -6783000.0,
        "Net Income Common Stockholders": -6783000.0,
        "Net Income": -6783000.0,
        "Minority Interests": 5939000.0,
        "Net Income Including Noncontrolling Interests": -12722000.0,
        "Net Income Continuous Operations": -12722000.0,
        "Tax Provision": NaN,
        "Pretax Income": -12722000.0,
        "Net Non Operating Interest Income Expense": -923000.0,
        "Interest Expense Non Operating": 1337000.0,
        "Interest Income Non Operating": 414000.0,
        "Operating Income": -11799000.0,
        "Operating Expense": 11799000.0,
        "Research And Development": 6172000.0,
        "Selling General And Administration": 5627000.0,
        "General And Administrative Expense": 5627000.0,
        "Other Gand A": 5627000.0,
        "Total Revenue": 0.0,
        "Operating Revenue": 0.0
    }
}