{
    "2023-03-31": {
        "Tax Effect Of Unusual Items": NaN,
        "Tax Rate For Calcs": NaN,
        "Normalized EBITDA": NaN,
        "Net Income From Continuing Operation Net Minority Interest": NaN,
        "Reconciled Depreciation": NaN,
        "EBITDA": NaN,
        "EBIT": NaN,
        "Normalized Income": NaN,
        "Net Income From Continuing And Discontinued Operation": NaN,
        "Total Expenses": NaN,
        "Total Operating Income As Reported": NaN,
        "Diluted Average Shares": 38280539.0,
        "Basic Average Shares": 38280539.0,
        "Diluted EPS": -0.76,
        "Basic EPS": -0.76,
        "Diluted NI Availto Com Stockholders": NaN,
        "Net Income Common Stockholders": NaN,
        "Net Income": NaN,
        "Net Income Including Noncontrolling Interests": NaN,
        "Net Income Continuous Operations": NaN,
        "Pretax Income": NaN,
        "Other Income Expense": NaN,
        "Other Non Operating Income Expenses": NaN,
        "Operating Income": NaN,
        "Operating Expense": NaN,
        "Research And Development": NaN,
        "Selling General And Administration": NaN,
        "General And Administrative Expense": NaN,
        "Other Gand A": NaN,
        "Salaries And Wages": NaN,
        "Total Revenue": NaN,
        "Operating Revenue": NaN
    },
    "2022-12-31": {
        "Tax Effect Of Unusual Items": NaN,
        "Tax Rate For Calcs": NaN,
        "Normalized EBITDA": NaN,
        "Net Income From Continuing Operation Net Minority Interest": NaN,
        "Reconciled Depreciation": NaN,
        "EBITDA": NaN,
        "EBIT": NaN,
        "Normalized Income": NaN,
        "Net Income From Continuing And Discontinued Operation": NaN,
        "Total Expenses": NaN,
        "Total Operating Income As Reported": NaN,
        "Diluted Average Shares": 35689363.0,
        "Basic Average Shares": 35689363.0,
        "Diluted EPS": -0.64,
        "Basic EPS": -0.64,
        "Diluted NI Availto Com Stockholders": NaN,
        "Net Income Common Stockholders": NaN,
        "Net Income": NaN,
        "Net Income Including Noncontrolling Interests": NaN,
        "Net Income Continuous Operations": NaN,
        "Pretax Income": NaN,
        "Other Income Expense": NaN,
        "Other Non Operating Income Expenses": NaN,
        "Operating Income": NaN,
        "Operating Expense": NaN,
        "Research And Development": NaN,
        "Selling General And Administration": NaN,
        "General And Administrative Expense": NaN,
        "Other Gand A": NaN,
        "Salaries And Wages": NaN,
        "Total Revenue": NaN,
        "Operating Revenue": NaN
    },
    "2022-09-30": {
        "Tax Effect Of Unusual Items": 0.0,
        "Tax Rate For Calcs": 0.0,
        "Normalized EBITDA": -21418000.0,
        "Net Income From Continuing Operation Net Minority Interest": -21235000.0,
        "Reconciled Depreciation": 260000.0,
        "EBITDA": -21418000.0,
        "EBIT": -21678000.0,
        "Normalized Income": -21235000.0,
        "Net Income From Continuing And Discontinued Operation": -21235000.0,
        "Total Expenses": 21678000.0,
        "Total Operating Income As Reported": -21678000.0,
        "Diluted Average Shares": 33684261.0,
        "Basic Average Shares": 33684261.0,
        "Diluted EPS": -0.63,
        "Basic EPS": -0.63,
        "Diluted NI Availto Com Stockholders": -21235000.0,
        "Net Income Common Stockholders": -21235000.0,
        "Net Income": -21235000.0,
        "Net Income Including Noncontrolling Interests": -21235000.0,
        "Net Income Continuous Operations": -21235000.0,
        "Pretax Income": -21235000.0,
        "Other Income Expense": 443000.0,
        "Other Non Operating Income Expenses": 443000.0,
        "Operating Income": -21678000.0,
        "Operating Expense": 21678000.0,
        "Research And Development": 16599000.0,
        "Selling General And Administration": 5079000.0,
        "General And Administrative Expense": 5079000.0,
        "Other Gand A": 5079000.0,
        "Salaries And Wages": NaN,
        "Total Revenue": 0.0,
        "Operating Revenue": 0.0
    },
    "2022-06-30": {
        "Tax Effect Of Unusual Items": 0.0,
        "Tax Rate For Calcs": 0.0,
        "Normalized EBITDA": -18635000.0,
        "Net Income From Continuing Operation Net Minority Interest": -19184000.0,
        "Reconciled Depreciation": 274000.0,
        "EBITDA": -18635000.0,
        "EBIT": -18909000.0,
        "Normalized Income": -19184000.0,
        "Net Income From Continuing And Discontinued Operation": -19184000.0,
        "Total Expenses": 19795000.0,
        "Total Operating Income As Reported": -18909000.0,
        "Diluted Average Shares": 31140323.0,
        "Basic Average Shares": 31140323.0,
        "Diluted EPS": -0.62,
        "Basic EPS": -0.62,
        "Diluted NI Availto Com Stockholders": -19184000.0,
        "Net Income Common Stockholders": -19184000.0,
        "Net Income": -19184000.0,
        "Net Income Including Noncontrolling Interests": -19184000.0,
        "Net Income Continuous Operations": -19184000.0,
        "Pretax Income": -19184000.0,
        "Other Income Expense": -275000.0,
        "Other Non Operating Income Expenses": -275000.0,
        "Operating Income": -18909000.0,
        "Operating Expense": 19795000.0,
        "Research And Development": 14359000.0,
        "Selling General And Administration": 5436000.0,
        "General And Administrative Expense": 5436000.0,
        "Other Gand A": 5436000.0,
        "Salaries And Wages": NaN,
        "Total Revenue": 886000.0,
        "Operating Revenue": 886000.0
    },
    "2022-03-31": {
        "Diluted EPS": -0.69,
        "Total Revenue": 1,
        "Gross Profit": 1,
        "Operating Income": -21,
        "EBIT": -20,
        "Net Income": -20
    },
    "2021-12-31": {
        "Diluted EPS": -0.61,
        "Total Revenue": 1,
        "Gross Profit": 1,
        "Operating Income": -18,
        "EBIT": -17,
        "Net Income": -18
    },
    "2021-09-30": {
        "Diluted EPS": -0.63,
        "Total Revenue": 1,
        "Gross Profit": 1,
        "Operating Income": -19,
        "EBIT": -18,
        "Net Income": -19
    },
    "2021-06-30": {
        "Diluted EPS": -0.63,
        "Total Revenue": 1,
        "Gross Profit": 1,
        "Operating Income": -16,
        "EBIT": -16,
        "Net Income": -16
    },
    "2021-03-31": {
        "Diluted EPS": -0.66,
        "Total Revenue": 1,
        "Gross Profit": 1,
        "Operating Income": -17,
        "EBIT": -16,
        "Net Income": -17
    },
    "2020-12-31": {
        "Diluted EPS": -0.52,
        "Total Revenue": 1,
        "Gross Profit": 1,
        "Operating Income": -13,
        "EBIT": -13,
        "Net Income": -13
    },
    "2020-09-30": {
        "Diluted EPS": -0.6,
        "Total Revenue": 2,
        "Gross Profit": 2,
        "Operating Income": -15,
        "EBIT": -14,
        "Net Income": -15
    },
    "2020-06-30": {
        "Diluted EPS": -0.51,
        "Total Revenue": 1,
        "Gross Profit": 1,
        "Operating Income": -13,
        "EBIT": -12,
        "Net Income": -12
    },
    "2020-03-31": {
        "Diluted EPS": -0.56,
        "Total Revenue": 1,
        "Gross Profit": 1,
        "Operating Income": -13,
        "EBIT": -13,
        "Net Income": -13
    },
    "2019-12-31": {
        "Diluted EPS": 30.58,
        "Total Revenue": NaN,
        "Gross Profit": NaN,
        "Operating Income": -13,
        "EBIT": -12,
        "Net Income": -13
    },
    "2019-09-30": {
        "Diluted EPS": -12.41,
        "Total Revenue": NaN,
        "Gross Profit": NaN,
        "Operating Income": -10,
        "EBIT": -10,
        "Net Income": -10
    },
    "2019-06-30": {
        "Diluted EPS": -14.78,
        "Total Revenue": NaN,
        "Gross Profit": NaN,
        "Operating Income": -11,
        "EBIT": -11,
        "Net Income": -11
    },
    "2019-03-31": {
        "Diluted EPS": -13.28,
        "Total Revenue": NaN,
        "Gross Profit": NaN,
        "Operating Income": -10,
        "EBIT": -9,
        "Net Income": -9
    },
    "2018-12-31": {
        "Diluted EPS": 0.0,
        "Total Revenue": NaN,
        "Gross Profit": NaN,
        "Operating Income": NaN,
        "EBIT": NaN,
        "Net Income": NaN
    },
    "2018-09-30": {
        "Diluted EPS": -15.9,
        "Total Revenue": NaN,
        "Gross Profit": NaN,
        "Operating Income": -11,
        "EBIT": -11,
        "Net Income": -10
    },
    "2017-12-31": {
        "Diluted EPS": 0.0,
        "Total Revenue": NaN,
        "Gross Profit": NaN,
        "Operating Income": NaN,
        "EBIT": NaN,
        "Net Income": NaN
    },
    "2023-06-30": {
        "Tax Effect Of Unusual Items": NaN,
        "Tax Rate For Calcs": NaN,
        "Normalized EBITDA": NaN,
        "Net Income From Continuing Operation Net Minority Interest": NaN,
        "Reconciled Depreciation": NaN,
        "EBITDA": NaN,
        "EBIT": NaN,
        "Normalized Income": NaN,
        "Net Income From Continuing And Discontinued Operation": NaN,
        "Total Expenses": NaN,
        "Total Operating Income As Reported": NaN,
        "Diluted Average Shares": 38328741.0,
        "Basic Average Shares": 38328741.0,
        "Diluted EPS": -0.66,
        "Basic EPS": -0.66,
        "Diluted NI Availto Com Stockholders": NaN,
        "Net Income Common Stockholders": NaN,
        "Net Income": NaN,
        "Net Income Including Noncontrolling Interests": NaN,
        "Net Income Continuous Operations": NaN,
        "Pretax Income": NaN,
        "Other Income Expense": NaN,
        "Other Non Operating Income Expenses": NaN,
        "Operating Income": NaN,
        "Operating Expense": NaN,
        "Research And Development": NaN,
        "Selling General And Administration": NaN,
        "General And Administrative Expense": NaN,
        "Other Gand A": NaN,
        "Salaries And Wages": 2224000.0,
        "Total Revenue": NaN,
        "Operating Revenue": NaN
    },
    "2023-09-30": {
        "Tax Effect Of Unusual Items": 0.0,
        "Tax Rate For Calcs": 0.0,
        "Normalized EBITDA": -33594000.0,
        "Net Income From Continuing Operation Net Minority Interest": -31371000.0,
        "Reconciled Depreciation": 325000.0,
        "EBITDA": -33594000.0,
        "EBIT": -33919000.0,
        "Normalized Income": -31371000.0,
        "Net Income From Continuing And Discontinued Operation": -31371000.0,
        "Total Expenses": 33919000.0,
        "Total Operating Income As Reported": -33919000.0,
        "Diluted Average Shares": 38358032.0,
        "Basic Average Shares": 38358032.0,
        "Diluted EPS": -0.82,
        "Basic EPS": -0.82,
        "Diluted NI Availto Com Stockholders": -31371000.0,
        "Net Income Common Stockholders": -31371000.0,
        "Net Income": -31371000.0,
        "Net Income Including Noncontrolling Interests": -31371000.0,
        "Net Income Continuous Operations": -31371000.0,
        "Pretax Income": -31371000.0,
        "Other Income Expense": 2548000.0,
        "Other Non Operating Income Expenses": 2548000.0,
        "Operating Income": -33919000.0,
        "Operating Expense": 33919000.0,
        "Research And Development": 27022000.0,
        "Selling General And Administration": 6897000.0,
        "General And Administrative Expense": 6897000.0,
        "Other Gand A": 6897000.0,
        "Salaries And Wages": NaN,
        "Total Revenue": 0.0,
        "Operating Revenue": 0.0
    },
    "2023-12-31": {
        "Tax Effect Of Unusual Items": 0.0,
        "Tax Rate For Calcs": 0.0,
        "Normalized EBITDA": -32894000.0,
        "Net Income From Continuing Operation Net Minority Interest": -30876000.0,
        "Reconciled Depreciation": 323000.0,
        "EBITDA": -32894000.0,
        "EBIT": -33217000.0,
        "Normalized Income": -30876000.0,
        "Net Income From Continuing And Discontinued Operation": -30876000.0,
        "Total Expenses": 33217000.0,
        "Total Operating Income As Reported": -33217000.0,
        "Diluted Average Shares": NaN,
        "Basic Average Shares": NaN,
        "Diluted EPS": NaN,
        "Basic EPS": NaN,
        "Diluted NI Availto Com Stockholders": -30876000.0,
        "Net Income Common Stockholders": -30876000.0,
        "Net Income": -30876000.0,
        "Net Income Including Noncontrolling Interests": -30876000.0,
        "Net Income Continuous Operations": -30876000.0,
        "Pretax Income": -30876000.0,
        "Other Income Expense": 2341000.0,
        "Other Non Operating Income Expenses": 2341000.0,
        "Operating Income": -33217000.0,
        "Operating Expense": 33217000.0,
        "Research And Development": 26764000.0,
        "Selling General And Administration": 6453000.0,
        "General And Administrative Expense": 6453000.0,
        "Other Gand A": 6453000.0,
        "Salaries And Wages": NaN,
        "Total Revenue": 0.0,
        "Operating Revenue": 0.0
    },
    "2024-03-31": {
        "Tax Effect Of Unusual Items": 0.0,
        "Tax Rate For Calcs": 0.0,
        "Normalized EBITDA": -32204000.0,
        "Net Income From Continuing Operation Net Minority Interest": -30521000.0,
        "Reconciled Depreciation": 314000.0,
        "EBITDA": -32204000.0,
        "EBIT": -32518000.0,
        "Normalized Income": -30521000.0,
        "Net Income From Continuing And Discontinued Operation": -30521000.0,
        "Total Expenses": 32518000.0,
        "Total Operating Income As Reported": -32518000.0,
        "Diluted Average Shares": 38625365.0,
        "Basic Average Shares": 38625365.0,
        "Diluted EPS": -0.79,
        "Basic EPS": -0.79,
        "Diluted NI Availto Com Stockholders": -30521000.0,
        "Net Income Common Stockholders": -30521000.0,
        "Net Income": -30521000.0,
        "Net Income Including Noncontrolling Interests": -30521000.0,
        "Net Income Continuous Operations": -30521000.0,
        "Pretax Income": -30521000.0,
        "Other Income Expense": 1997000.0,
        "Other Non Operating Income Expenses": 1997000.0,
        "Operating Income": -32518000.0,
        "Operating Expense": 32518000.0,
        "Research And Development": 24781000.0,
        "Selling General And Administration": 7737000.0,
        "General And Administrative Expense": 7737000.0,
        "Other Gand A": 7737000.0,
        "Salaries And Wages": NaN,
        "Total Revenue": 0.0,
        "Operating Revenue": 0.0
    },
    "2024-06-30": {
        "Tax Effect Of Unusual Items": 0.0,
        "Tax Rate For Calcs": 0.0,
        "Normalized EBITDA": -29025000.0,
        "Net Income From Continuing Operation Net Minority Interest": -27663000.0,
        "Reconciled Depreciation": 305000.0,
        "EBITDA": -29025000.0,
        "EBIT": -29330000.0,
        "Normalized Income": -27663000.0,
        "Net Income From Continuing And Discontinued Operation": -27663000.0,
        "Total Expenses": 29330000.0,
        "Total Operating Income As Reported": -29330000.0,
        "Diluted Average Shares": 38866760.0,
        "Basic Average Shares": 38866760.0,
        "Diluted EPS": -0.71,
        "Basic EPS": -0.71,
        "Diluted NI Availto Com Stockholders": -27663000.0,
        "Net Income Common Stockholders": -27663000.0,
        "Net Income": -27663000.0,
        "Net Income Including Noncontrolling Interests": -27663000.0,
        "Net Income Continuous Operations": -27663000.0,
        "Pretax Income": -27663000.0,
        "Other Income Expense": 1667000.0,
        "Other Non Operating Income Expenses": 1667000.0,
        "Operating Income": -29330000.0,
        "Operating Expense": 29330000.0,
        "Research And Development": 22640000.0,
        "Selling General And Administration": 6690000.0,
        "General And Administrative Expense": 6690000.0,
        "Other Gand A": 6690000.0,
        "Salaries And Wages": NaN,
        "Total Revenue": 0.0,
        "Operating Revenue": 0.0
    },
    "2024-09-30": {
        "Tax Effect Of Unusual Items": 0.0,
        "Tax Rate For Calcs": 0.0,
        "Normalized EBITDA": -19491000.0,
        "Net Income From Continuing Operation Net Minority Interest": -18432000.0,
        "Reconciled Depreciation": 297000.0,
        "EBITDA": -19491000.0,
        "EBIT": -19788000.0,
        "Normalized Income": -18432000.0,
        "Net Income From Continuing And Discontinued Operation": -18432000.0,
        "Total Expenses": 19788000.0,
        "Total Operating Income As Reported": -19788000.0,
        "Diluted Average Shares": 38903476.0,
        "Basic Average Shares": 38903476.0,
        "Diluted EPS": -0.47,
        "Basic EPS": -0.47,
        "Diluted NI Availto Com Stockholders": -18432000.0,
        "Net Income Common Stockholders": -18432000.0,
        "Net Income": -18432000.0,
        "Net Income Including Noncontrolling Interests": -18432000.0,
        "Net Income Continuous Operations": -18432000.0,
        "Pretax Income": -18432000.0,
        "Other Income Expense": 1356000.0,
        "Other Non Operating Income Expenses": 1356000.0,
        "Operating Income": -19788000.0,
        "Operating Expense": 19788000.0,
        "Research And Development": 13340000.0,
        "Selling General And Administration": 6448000.0,
        "General And Administrative Expense": 6448000.0,
        "Other Gand A": 6448000.0,
        "Salaries And Wages": NaN,
        "Total Revenue": 0.0,
        "Operating Revenue": 0.0
    }
}