{
    "2023-06-30": {
        "Tax Effect Of Unusual Items": 0.0,
        "Tax Rate For Calcs": 0.0,
        "Normalized EBITDA": -19973000.0,
        "Total Unusual Items": 5081000.0,
        "Total Unusual Items Excluding Goodwill": 5081000.0,
        "Net Income From Continuing Operation Net Minority Interest": -15334000.0,
        "Reconciled Depreciation": 441000.0,
        "EBITDA": -14892000.0,
        "EBIT": -15333000.0,
        "Net Interest Income": 1043000.0,
        "Interest Expense": 1000.0,
        "Interest Income": 1044000.0,
        "Normalized Income": -20415000.0,
        "Net Income From Continuing And Discontinued Operation": -15334000.0,
        "Total Expenses": 21458000.0,
        "Total Operating Income As Reported": -21458000.0,
        "Diluted Average Shares": 4233072.0,
        "Basic Average Shares": 4233072.0,
        "Diluted EPS": -3.62,
        "Basic EPS": -3.62,
        "Diluted NI Availto Com Stockholders": -15334000.0,
        "Net Income Common Stockholders": -15334000.0,
        "Net Income": -15334000.0,
        "Net Income Including Noncontrolling Interests": -15334000.0,
        "Net Income Continuous Operations": -15334000.0,
        "Tax Provision": 0.0,
        "Pretax Income": -15334000.0,
        "Other Income Expense": 5081000.0,
        "Gain On Sale Of Security": 5081000.0,
        "Net Non Operating Interest Income Expense": 1043000.0,
        "Interest Expense Non Operating": 1000.0,
        "Interest Income Non Operating": 1044000.0,
        "Operating Income": -21458000.0,
        "Operating Expense": 21458000.0,
        "Research And Development": 12714000.0,
        "Selling General And Administration": 8744000.0,
        "Selling And Marketing Expense": 1666000.0,
        "General And Administrative Expense": 7078000.0,
        "Other Gand A": 7078000.0,
        "Total Revenue": 0.0,
        "Operating Revenue": 0.0
    },
    "2023-03-31": {
        "Tax Effect Of Unusual Items": NaN,
        "Tax Rate For Calcs": NaN,
        "Normalized EBITDA": NaN,
        "Total Unusual Items": NaN,
        "Total Unusual Items Excluding Goodwill": NaN,
        "Net Income From Continuing Operation Net Minority Interest": NaN,
        "Reconciled Depreciation": NaN,
        "EBITDA": NaN,
        "EBIT": NaN,
        "Net Interest Income": NaN,
        "Interest Expense": NaN,
        "Interest Income": NaN,
        "Normalized Income": NaN,
        "Net Income From Continuing And Discontinued Operation": NaN,
        "Total Expenses": NaN,
        "Total Operating Income As Reported": NaN,
        "Diluted Average Shares": 4204339.0,
        "Basic Average Shares": 4204339.0,
        "Diluted EPS": -6.3,
        "Basic EPS": -6.3,
        "Diluted NI Availto Com Stockholders": NaN,
        "Net Income Common Stockholders": NaN,
        "Net Income": NaN,
        "Net Income Including Noncontrolling Interests": NaN,
        "Net Income Continuous Operations": NaN,
        "Tax Provision": NaN,
        "Pretax Income": NaN,
        "Other Income Expense": NaN,
        "Gain On Sale Of Security": NaN,
        "Net Non Operating Interest Income Expense": NaN,
        "Interest Expense Non Operating": NaN,
        "Interest Income Non Operating": NaN,
        "Operating Income": NaN,
        "Operating Expense": NaN,
        "Research And Development": NaN,
        "Selling General And Administration": NaN,
        "Selling And Marketing Expense": NaN,
        "General And Administrative Expense": NaN,
        "Other Gand A": NaN,
        "Total Revenue": NaN,
        "Operating Revenue": NaN
    },
    "2022-12-31": {
        "Tax Effect Of Unusual Items": NaN,
        "Tax Rate For Calcs": NaN,
        "Normalized EBITDA": NaN,
        "Total Unusual Items": NaN,
        "Total Unusual Items Excluding Goodwill": NaN,
        "Net Income From Continuing Operation Net Minority Interest": NaN,
        "Reconciled Depreciation": NaN,
        "EBITDA": NaN,
        "EBIT": NaN,
        "Net Interest Income": NaN,
        "Interest Expense": NaN,
        "Interest Income": NaN,
        "Normalized Income": NaN,
        "Net Income From Continuing And Discontinued Operation": NaN,
        "Total Expenses": NaN,
        "Total Operating Income As Reported": NaN,
        "Diluted Average Shares": 123515191.0,
        "Basic Average Shares": 123515191.0,
        "Diluted EPS": -0.09,
        "Basic EPS": -0.09,
        "Diluted NI Availto Com Stockholders": NaN,
        "Net Income Common Stockholders": NaN,
        "Net Income": NaN,
        "Net Income Including Noncontrolling Interests": NaN,
        "Net Income Continuous Operations": NaN,
        "Tax Provision": NaN,
        "Pretax Income": NaN,
        "Other Income Expense": NaN,
        "Gain On Sale Of Security": NaN,
        "Net Non Operating Interest Income Expense": NaN,
        "Interest Expense Non Operating": NaN,
        "Interest Income Non Operating": NaN,
        "Operating Income": NaN,
        "Operating Expense": NaN,
        "Research And Development": NaN,
        "Selling General And Administration": NaN,
        "Selling And Marketing Expense": NaN,
        "General And Administrative Expense": NaN,
        "Other Gand A": NaN,
        "Total Revenue": NaN,
        "Operating Revenue": NaN
    },
    "2022-09-30": {
        "Tax Effect Of Unusual Items": 0.0,
        "Tax Rate For Calcs": 0.0,
        "Normalized EBITDA": -21668000.0,
        "Total Unusual Items": -3038000.0,
        "Total Unusual Items Excluding Goodwill": -3038000.0,
        "Net Income From Continuing Operation Net Minority Interest": -24737000.0,
        "Reconciled Depreciation": 338000.0,
        "EBITDA": -24706000.0,
        "EBIT": -24706000.0,
        "Net Interest Income": 463000.0,
        "Interest Expense": 31000.0,
        "Interest Income": 494000.0,
        "Normalized Income": -21699000.0,
        "Net Income From Continuing And Discontinued Operation": -24737000.0,
        "Total Expenses": 22162000.0,
        "Total Operating Income As Reported": -22162000.0,
        "Diluted Average Shares": 121965277.0,
        "Basic Average Shares": 121965277.0,
        "Diluted EPS": -0.2,
        "Basic EPS": -0.2,
        "Diluted NI Availto Com Stockholders": -24737000.0,
        "Net Income Common Stockholders": -24737000.0,
        "Net Income": -24737000.0,
        "Net Income Including Noncontrolling Interests": -24737000.0,
        "Net Income Continuous Operations": -24737000.0,
        "Tax Provision": 0.0,
        "Pretax Income": -24737000.0,
        "Other Income Expense": -3038000.0,
        "Gain On Sale Of Security": -3038000.0,
        "Net Non Operating Interest Income Expense": 463000.0,
        "Interest Expense Non Operating": 31000.0,
        "Interest Income Non Operating": 494000.0,
        "Operating Income": -22162000.0,
        "Operating Expense": 22162000.0,
        "Research And Development": 12120000.0,
        "Selling General And Administration": 10042000.0,
        "Selling And Marketing Expense": 1912000.0,
        "General And Administrative Expense": 8130000.0,
        "Other Gand A": 8130000.0,
        "Total Revenue": 0.0,
        "Operating Revenue": 0.0
    },
    "2022-06-30": {
        "Tax Effect Of Unusual Items": 0.0,
        "Tax Rate For Calcs": 0.0,
        "Normalized EBITDA": -18839000.0,
        "Total Unusual Items": 17601000.0,
        "Total Unusual Items Excluding Goodwill": 17601000.0,
        "Net Income From Continuing Operation Net Minority Interest": -1453000.0,
        "Reconciled Depreciation": 186000.0,
        "EBITDA": -1238000.0,
        "EBIT": -1424000.0,
        "Net Interest Income": 72000.0,
        "Interest Expense": 29000.0,
        "Interest Income": 101000.0,
        "Normalized Income": -19054000.0,
        "Net Income From Continuing And Discontinued Operation": -1453000.0,
        "Total Expenses": 19126000.0,
        "Total Operating Income As Reported": -19126000.0,
        "Diluted Average Shares": 121341460.0,
        "Basic Average Shares": 121341460.0,
        "Diluted EPS": -0.01,
        "Basic EPS": -0.01,
        "Diluted NI Availto Com Stockholders": -1453000.0,
        "Net Income Common Stockholders": -1453000.0,
        "Net Income": -1453000.0,
        "Net Income Including Noncontrolling Interests": -1453000.0,
        "Net Income Continuous Operations": -1453000.0,
        "Tax Provision": 0.0,
        "Pretax Income": -1453000.0,
        "Other Income Expense": 17601000.0,
        "Gain On Sale Of Security": 17601000.0,
        "Net Non Operating Interest Income Expense": 72000.0,
        "Interest Expense Non Operating": 29000.0,
        "Interest Income Non Operating": 101000.0,
        "Operating Income": -19126000.0,
        "Operating Expense": 19126000.0,
        "Research And Development": 10055000.0,
        "Selling General And Administration": 9071000.0,
        "Selling And Marketing Expense": 1311000.0,
        "General And Administrative Expense": 7760000.0,
        "Other Gand A": 7760000.0,
        "Total Revenue": 0.0,
        "Operating Revenue": 0.0
    },
    "2022-03-31": {
        "Diluted EPS": 0.33,
        "Total Revenue": NaN,
        "Gross Profit": NaN,
        "Operating Income": -18,
        "EBIT": -18,
        "Net Income": 43
    },
    "2021-12-31": {
        "Diluted EPS": 0.27,
        "Total Revenue": NaN,
        "Gross Profit": NaN,
        "Operating Income": -18,
        "EBIT": -18,
        "Net Income": 22
    },
    "2021-09-30": {
        "Diluted EPS": -0.49,
        "Total Revenue": NaN,
        "Gross Profit": NaN,
        "Operating Income": -9,
        "EBIT": -8,
        "Net Income": -45
    },
    "2021-06-30": {
        "Diluted EPS": -0.08,
        "Total Revenue": NaN,
        "Gross Profit": NaN,
        "Operating Income": -7,
        "EBIT": -7,
        "Net Income": -7
    },
    "2021-03-31": {
        "Diluted EPS": -0.06,
        "Total Revenue": NaN,
        "Gross Profit": NaN,
        "Operating Income": -5,
        "EBIT": -5,
        "Net Income": -5
    },
    "2020-12-31": {
        "Diluted EPS": 0.0,
        "Total Revenue": NaN,
        "Gross Profit": NaN,
        "Operating Income": NaN,
        "EBIT": NaN,
        "Net Income": NaN
    },
    "2020-09-30": {
        "Diluted EPS": -0.04,
        "Total Revenue": NaN,
        "Gross Profit": NaN,
        "Operating Income": -3,
        "EBIT": -3,
        "Net Income": -3
    },
    "2023-09-30": {
        "Tax Effect Of Unusual Items": 0.0,
        "Tax Rate For Calcs": 0.0,
        "Normalized EBITDA": -19959000.0,
        "Total Unusual Items": 4703000.0,
        "Total Unusual Items Excluding Goodwill": 4703000.0,
        "Net Income From Continuing Operation Net Minority Interest": -15704000.0,
        "Reconciled Depreciation": 447000.0,
        "EBITDA": -15256000.0,
        "EBIT": -15703000.0,
        "Net Interest Income": 945000.0,
        "Interest Expense": 1000.0,
        "Interest Income": 946000.0,
        "Normalized Income": -20407000.0,
        "Net Income From Continuing And Discontinued Operation": -15704000.0,
        "Total Expenses": 21352000.0,
        "Total Operating Income As Reported": -21352000.0,
        "Diluted Average Shares": 5171379.0,
        "Basic Average Shares": 5171379.0,
        "Diluted EPS": -3.0,
        "Basic EPS": -3.0,
        "Diluted NI Availto Com Stockholders": -15704000.0,
        "Net Income Common Stockholders": -15704000.0,
        "Net Income": -15704000.0,
        "Net Income Including Noncontrolling Interests": -15704000.0,
        "Net Income Continuous Operations": -15704000.0,
        "Tax Provision": 0.0,
        "Pretax Income": -15704000.0,
        "Other Income Expense": 4703000.0,
        "Gain On Sale Of Security": 4703000.0,
        "Net Non Operating Interest Income Expense": 945000.0,
        "Interest Expense Non Operating": 1000.0,
        "Interest Income Non Operating": 946000.0,
        "Operating Income": -21352000.0,
        "Operating Expense": 21352000.0,
        "Research And Development": 13040000.0,
        "Selling General And Administration": 8312000.0,
        "Selling And Marketing Expense": 1401000.0,
        "General And Administrative Expense": 6911000.0,
        "Other Gand A": 6911000.0,
        "Total Revenue": 0.0,
        "Operating Revenue": 0.0
    },
    "2023-12-31": {
        "Tax Effect Of Unusual Items": 0.0,
        "Tax Rate For Calcs": 0.0,
        "Normalized EBITDA": -14050000.0,
        "Total Unusual Items": 1486000.0,
        "Total Unusual Items Excluding Goodwill": 1486000.0,
        "Net Income From Continuing Operation Net Minority Interest": -13111000.0,
        "Reconciled Depreciation": 525000.0,
        "EBITDA": -12564000.0,
        "EBIT": -13089000.0,
        "Net Interest Income": 944000.0,
        "Interest Expense": 22000.0,
        "Interest Income": 966000.0,
        "Normalized Income": -14597000.0,
        "Net Income From Continuing And Discontinued Operation": -13111000.0,
        "Total Expenses": 15541000.0,
        "Total Operating Income As Reported": -15541000.0,
        "Diluted Average Shares": NaN,
        "Basic Average Shares": NaN,
        "Diluted EPS": NaN,
        "Basic EPS": NaN,
        "Diluted NI Availto Com Stockholders": -13111000.0,
        "Net Income Common Stockholders": -13111000.0,
        "Net Income": -13111000.0,
        "Net Income Including Noncontrolling Interests": -13111000.0,
        "Net Income Continuous Operations": -13111000.0,
        "Tax Provision": 0.0,
        "Pretax Income": -13111000.0,
        "Other Income Expense": 1486000.0,
        "Gain On Sale Of Security": 1486000.0,
        "Net Non Operating Interest Income Expense": 944000.0,
        "Interest Expense Non Operating": 22000.0,
        "Interest Income Non Operating": 966000.0,
        "Operating Income": -15541000.0,
        "Operating Expense": 15541000.0,
        "Research And Development": 8468000.0,
        "Selling General And Administration": 7073000.0,
        "Selling And Marketing Expense": 1203000.0,
        "General And Administrative Expense": 5870000.0,
        "Other Gand A": 5870000.0,
        "Total Revenue": 0.0,
        "Operating Revenue": 0.0
    },
    "2024-03-31": {
        "Tax Effect Of Unusual Items": 0.0,
        "Tax Rate For Calcs": 0.0,
        "Normalized EBITDA": -14613000.0,
        "Total Unusual Items": -1867000.0,
        "Total Unusual Items Excluding Goodwill": -1867000.0,
        "Net Income From Continuing Operation Net Minority Interest": -17001000.0,
        "Reconciled Depreciation": 521000.0,
        "EBITDA": -16480000.0,
        "EBIT": -17001000.0,
        "Net Interest Income": 975000.0,
        "Interest Expense": 0.0,
        "Interest Income": 975000.0,
        "Normalized Income": -15134000.0,
        "Net Income From Continuing And Discontinued Operation": -17001000.0,
        "Total Expenses": 16109000.0,
        "Total Operating Income As Reported": -16109000.0,
        "Diluted Average Shares": 5856982.0,
        "Basic Average Shares": 5856982.0,
        "Diluted EPS": -3.0,
        "Basic EPS": -3.0,
        "Diluted NI Availto Com Stockholders": -17001000.0,
        "Net Income Common Stockholders": -17001000.0,
        "Net Income": -17001000.0,
        "Net Income Including Noncontrolling Interests": -17001000.0,
        "Net Income Continuous Operations": -17001000.0,
        "Tax Provision": 0.0,
        "Pretax Income": -17001000.0,
        "Other Income Expense": -1867000.0,
        "Gain On Sale Of Security": -1867000.0,
        "Net Non Operating Interest Income Expense": 975000.0,
        "Interest Expense Non Operating": 0.0,
        "Interest Income Non Operating": 975000.0,
        "Operating Income": -16109000.0,
        "Operating Expense": 16109000.0,
        "Research And Development": 9968000.0,
        "Selling General And Administration": 6141000.0,
        "Selling And Marketing Expense": 1141000.0,
        "General And Administrative Expense": 5000000.0,
        "Other Gand A": 5000000.0,
        "Total Revenue": 0.0,
        "Operating Revenue": 0.0
    },
    "2024-06-30": {
        "Tax Effect Of Unusual Items": 0.0,
        "Tax Rate For Calcs": 0.0,
        "Normalized EBITDA": -16258000.0,
        "Total Unusual Items": 1590000.0,
        "Total Unusual Items Excluding Goodwill": 1590000.0,
        "Net Income From Continuing Operation Net Minority Interest": -15205000.0,
        "Reconciled Depreciation": 537000.0,
        "EBITDA": -14668000.0,
        "EBIT": -15205000.0,
        "Net Interest Income": 918000.0,
        "Interest Expense": 0.0,
        "Interest Income": 918000.0,
        "Normalized Income": -16795000.0,
        "Net Income From Continuing And Discontinued Operation": -15205000.0,
        "Total Expenses": 17713000.0,
        "Total Operating Income As Reported": -17713000.0,
        "Diluted Average Shares": 5873019.0,
        "Basic Average Shares": 5873019.0,
        "Diluted EPS": -2.59,
        "Basic EPS": -2.59,
        "Diluted NI Availto Com Stockholders": -15205000.0,
        "Net Income Common Stockholders": -15205000.0,
        "Net Income": -15205000.0,
        "Net Income Including Noncontrolling Interests": -15205000.0,
        "Net Income Continuous Operations": -15205000.0,
        "Tax Provision": 0.0,
        "Pretax Income": -15205000.0,
        "Other Income Expense": 1590000.0,
        "Gain On Sale Of Security": 1590000.0,
        "Net Non Operating Interest Income Expense": 918000.0,
        "Interest Expense Non Operating": 0.0,
        "Interest Income Non Operating": 918000.0,
        "Operating Income": -17713000.0,
        "Operating Expense": 17713000.0,
        "Research And Development": 10924000.0,
        "Selling General And Administration": 6789000.0,
        "Selling And Marketing Expense": 1197000.0,
        "General And Administrative Expense": 5592000.0,
        "Other Gand A": 5592000.0,
        "Total Revenue": 0.0,
        "Operating Revenue": 0.0
    }
}