{
    "2023-03-31": {
        "Tax Effect Of Unusual Items": 0.0,
        "Tax Rate For Calcs": 0.21,
        "Normalized EBITDA": -9051000.0,
        "Net Income From Continuing Operation Net Minority Interest": -9220000.0,
        "Reconciled Depreciation": 135000.0,
        "Reconciled Cost Of Revenue": 1667000.0,
        "EBITDA": -9051000.0,
        "EBIT": -9186000.0,
        "Net Interest Income": -4000.0,
        "Interest Expense": 4000.0,
        "Normalized Income": -9220000.0,
        "Net Income From Continuing And Discontinued Operation": -9220000.0,
        "Total Expenses": 20461000.0,
        "Total Operating Income As Reported": -9911000.0,
        "Diluted Average Shares": 25202088.0,
        "Basic Average Shares": 25202088.0,
        "Diluted EPS": -0.37,
        "Basic EPS": -0.37,
        "Diluted NI Availto Com Stockholders": -9220000.0,
        "Net Income Common Stockholders": -9220000.0,
        "Net Income": -9220000.0,
        "Net Income Including Noncontrolling Interests": -9220000.0,
        "Net Income Continuous Operations": -9220000.0,
        "Tax Provision": 30000.0,
        "Pretax Income": -9190000.0,
        "Other Income Expense": 725000.0,
        "Other Non Operating Income Expenses": 725000.0,
        "Net Non Operating Interest Income Expense": -4000.0,
        "Interest Expense Non Operating": 4000.0,
        "Operating Income": -9911000.0,
        "Operating Expense": 18794000.0,
        "Other Operating Expenses": -627000.0,
        "Research And Development": 4586000.0,
        "Selling General And Administration": 14835000.0,
        "Selling And Marketing Expense": 6540000.0,
        "General And Administrative Expense": 8295000.0,
        "Other Gand A": 8295000.0,
        "Gross Profit": 8883000.0,
        "Cost Of Revenue": 1667000.0,
        "Total Revenue": 10550000.0,
        "Operating Revenue": 10550000.0
    },
    "2022-12-31": {
        "Tax Effect Of Unusual Items": 0.0,
        "Tax Rate For Calcs": 0.21,
        "Normalized EBITDA": -5193000.0,
        "Net Income From Continuing Operation Net Minority Interest": -5353000.0,
        "Reconciled Depreciation": 130000.0,
        "Reconciled Cost Of Revenue": 1347000.0,
        "EBITDA": -5193000.0,
        "EBIT": -5323000.0,
        "Net Interest Income": -6000.0,
        "Interest Expense": 6000.0,
        "Normalized Income": -5353000.0,
        "Net Income From Continuing And Discontinued Operation": -5353000.0,
        "Total Expenses": 15363000.0,
        "Total Operating Income As Reported": -5908000.0,
        "Diluted Average Shares": NaN,
        "Basic Average Shares": NaN,
        "Diluted EPS": NaN,
        "Basic EPS": NaN,
        "Diluted NI Availto Com Stockholders": -5353000.0,
        "Net Income Common Stockholders": -5353000.0,
        "Net Income": -5353000.0,
        "Net Income Including Noncontrolling Interests": -5353000.0,
        "Net Income Continuous Operations": -5353000.0,
        "Tax Provision": 24000.0,
        "Pretax Income": -5329000.0,
        "Other Income Expense": 585000.0,
        "Other Non Operating Income Expenses": 585000.0,
        "Net Non Operating Interest Income Expense": -6000.0,
        "Interest Expense Non Operating": 6000.0,
        "Operating Income": -5908000.0,
        "Operating Expense": 14016000.0,
        "Other Operating Expenses": -1026000.0,
        "Research And Development": 3379000.0,
        "Selling General And Administration": 11663000.0,
        "Selling And Marketing Expense": 6342000.0,
        "General And Administrative Expense": 5321000.0,
        "Other Gand A": 5321000.0,
        "Gross Profit": 8108000.0,
        "Cost Of Revenue": 1347000.0,
        "Total Revenue": 9455000.0,
        "Operating Revenue": 9455000.0
    },
    "2022-09-30": {
        "Tax Effect Of Unusual Items": 0.0,
        "Tax Rate For Calcs": 0.4,
        "Normalized EBITDA": -5440000.0,
        "Net Income From Continuing Operation Net Minority Interest": -5588000.0,
        "Reconciled Depreciation": 138000.0,
        "Reconciled Cost Of Revenue": 1530000.0,
        "EBITDA": -5440000.0,
        "EBIT": -5578000.0,
        "Net Interest Income": -6000.0,
        "Interest Expense": 6000.0,
        "Normalized Income": -5588000.0,
        "Net Income From Continuing And Discontinued Operation": -5588000.0,
        "Total Expenses": 14840000.0,
        "Total Operating Income As Reported": -5748000.0,
        "Diluted Average Shares": 25006995.0,
        "Basic Average Shares": 25006995.0,
        "Diluted EPS": -0.22,
        "Basic EPS": -0.22,
        "Diluted NI Availto Com Stockholders": -5588000.0,
        "Net Income Common Stockholders": -5588000.0,
        "Net Income": -5588000.0,
        "Net Income Including Noncontrolling Interests": -5588000.0,
        "Net Income Continuous Operations": -5588000.0,
        "Tax Provision": 4000.0,
        "Pretax Income": -5584000.0,
        "Other Income Expense": 170000.0,
        "Other Non Operating Income Expenses": 170000.0,
        "Net Non Operating Interest Income Expense": -6000.0,
        "Interest Expense Non Operating": 6000.0,
        "Operating Income": -5748000.0,
        "Operating Expense": 13310000.0,
        "Other Operating Expenses": -904000.0,
        "Research And Development": 3799000.0,
        "Selling General And Administration": 10415000.0,
        "Selling And Marketing Expense": 5411000.0,
        "General And Administrative Expense": 5004000.0,
        "Other Gand A": 5004000.0,
        "Gross Profit": 7562000.0,
        "Cost Of Revenue": 1530000.0,
        "Total Revenue": 9092000.0,
        "Operating Revenue": 9092000.0
    },
    "2022-06-30": {
        "Tax Effect Of Unusual Items": 0.0,
        "Tax Rate For Calcs": 0.4,
        "Normalized EBITDA": -6116000.0,
        "Net Income From Continuing Operation Net Minority Interest": -6261000.0,
        "Reconciled Depreciation": 137000.0,
        "Reconciled Cost Of Revenue": 1386000.0,
        "EBITDA": -6116000.0,
        "EBIT": -6253000.0,
        "Net Interest Income": -4000.0,
        "Interest Expense": 4000.0,
        "Normalized Income": -6261000.0,
        "Net Income From Continuing And Discontinued Operation": -6261000.0,
        "Total Expenses": 14697000.0,
        "Total Operating Income As Reported": -6362000.0,
        "Diluted Average Shares": 24971243.0,
        "Basic Average Shares": 24971243.0,
        "Diluted EPS": -0.25,
        "Basic EPS": -0.25,
        "Diluted NI Availto Com Stockholders": -6261000.0,
        "Net Income Common Stockholders": -6261000.0,
        "Net Income": -6261000.0,
        "Net Income Including Noncontrolling Interests": -6261000.0,
        "Net Income Continuous Operations": -6261000.0,
        "Tax Provision": 4000.0,
        "Pretax Income": -6257000.0,
        "Other Income Expense": 109000.0,
        "Other Non Operating Income Expenses": 109000.0,
        "Net Non Operating Interest Income Expense": -4000.0,
        "Interest Expense Non Operating": 4000.0,
        "Operating Income": -6362000.0,
        "Operating Expense": 13311000.0,
        "Other Operating Expenses": -551000.0,
        "Research And Development": 3059000.0,
        "Selling General And Administration": 10803000.0,
        "Selling And Marketing Expense": 5332000.0,
        "General And Administrative Expense": 5471000.0,
        "Other Gand A": 5471000.0,
        "Gross Profit": 6949000.0,
        "Cost Of Revenue": 1386000.0,
        "Total Revenue": 8335000.0,
        "Operating Revenue": 8335000.0
    },
    "2022-03-31": {
        "Diluted EPS": -7.6,
        "Total Revenue": 8,
        "Gross Profit": 6,
        "Operating Income": -9,
        "EBIT": -9,
        "Net Income": -9
    },
    "2021-12-31": {
        "Diluted EPS": 0.0,
        "Total Revenue": NaN,
        "Gross Profit": NaN,
        "Operating Income": NaN,
        "EBIT": NaN,
        "Net Income": NaN
    },
    "2021-09-30": {
        "Diluted EPS": -4.78,
        "Total Revenue": 7,
        "Gross Profit": 6,
        "Operating Income": -6,
        "EBIT": -6,
        "Net Income": -6
    },
    "2021-06-30": {
        "Diluted EPS": -3.8,
        "Total Revenue": 10,
        "Gross Profit": 8,
        "Operating Income": -5,
        "EBIT": -5,
        "Net Income": -5
    },
    "2021-03-31": {
        "Diluted EPS": -5.2,
        "Total Revenue": 9,
        "Gross Profit": 7,
        "Operating Income": -6,
        "EBIT": -6,
        "Net Income": -6
    },
    "2020-12-31": {
        "Diluted EPS": -5.22,
        "Total Revenue": 5,
        "Gross Profit": 4,
        "Operating Income": 5,
        "EBIT": 5,
        "Net Income": -6
    },
    "2020-09-30": {
        "Diluted EPS": -9.6,
        "Total Revenue": 5,
        "Gross Profit": 4,
        "Operating Income": -10,
        "EBIT": -10,
        "Net Income": -10
    },
    "2020-06-30": {
        "Diluted EPS": 0.0,
        "Total Revenue": NaN,
        "Gross Profit": NaN,
        "Operating Income": NaN,
        "EBIT": NaN,
        "Net Income": NaN
    },
    "2020-03-31": {
        "Diluted EPS": -14.19,
        "Total Revenue": 4,
        "Gross Profit": 3,
        "Operating Income": -15,
        "EBIT": -15,
        "Net Income": -15
    },
    "2019-12-31": {
        "Diluted EPS": 0.0,
        "Total Revenue": NaN,
        "Gross Profit": NaN,
        "Operating Income": NaN,
        "Net Income": NaN
    },
    "2019-09-30": {
        "Diluted EPS": -3.8,
        "Total Revenue": 3,
        "Gross Profit": 3,
        "Operating Income": -4,
        "EBIT": -4,
        "Net Income": -4
    },
    "2019-06-30": {
        "Diluted EPS": 0.0,
        "Total Revenue": NaN,
        "Gross Profit": NaN,
        "Operating Income": NaN,
        "EBIT": NaN,
        "Net Income": NaN
    },
    "2018-12-31": {
        "Diluted EPS": 0.0,
        "Total Revenue": NaN,
        "Gross Profit": NaN,
        "Operating Income": NaN,
        "EBIT": NaN,
        "Net Income": NaN
    },
    "2018-06-30": {
        "Diluted EPS": 0.0,
        "Total Revenue": NaN,
        "Gross Profit": NaN,
        "Operating Income": NaN,
        "EBIT": NaN,
        "Net Income": NaN
    },
    "2017-12-31": {
        "Diluted EPS": 0.0,
        "Total Revenue": NaN,
        "Gross Profit": NaN,
        "Operating Income": NaN,
        "EBIT": NaN,
        "Net Income": NaN
    },
    "2017-06-30": {
        "Diluted EPS": 0.0,
        "Total Revenue": NaN,
        "Gross Profit": NaN,
        "Operating Income": NaN,
        "EBIT": NaN,
        "Net Income": NaN
    },
    "2016-06-30": {
        "Diluted EPS": 0.0,
        "Total Revenue": NaN,
        "Gross Profit": NaN,
        "Operating Income": NaN,
        "EBIT": NaN,
        "Net Income": NaN
    },
    "2015-12-31": {
        "Diluted EPS": 0.0,
        "Total Revenue": NaN,
        "Gross Profit": NaN,
        "Operating Income": NaN,
        "EBIT": NaN,
        "Net Income": NaN
    },
    "2015-06-30": {
        "Diluted EPS": 0.0,
        "Total Revenue": NaN,
        "Gross Profit": NaN,
        "Operating Income": NaN,
        "EBIT": NaN,
        "Net Income": NaN
    },
    "2014-12-31": {
        "Diluted EPS": 0.0,
        "Total Revenue": NaN,
        "Gross Profit": NaN,
        "Operating Income": NaN,
        "EBIT": NaN,
        "Net Income": NaN
    },
    "2014-06-30": {
        "Diluted EPS": 0.0,
        "Total Revenue": NaN,
        "Gross Profit": NaN,
        "Operating Income": NaN,
        "EBIT": NaN,
        "Net Income": NaN
    },
    "2013-12-31": {
        "Diluted EPS": 0.0,
        "Total Revenue": NaN,
        "Gross Profit": NaN,
        "Operating Income": NaN,
        "EBIT": NaN,
        "Net Income": NaN
    },
    "2013-06-30": {
        "Diluted EPS": 0.0,
        "Total Revenue": NaN,
        "Gross Profit": NaN,
        "Operating Income": NaN,
        "EBIT": NaN,
        "Net Income": NaN
    },
    "2012-12-31": {
        "Diluted EPS": 0.0,
        "Total Revenue": NaN,
        "Gross Profit": NaN,
        "Operating Income": NaN,
        "EBIT": NaN,
        "Net Income": NaN
    },
    "2012-06-30": {
        "Diluted EPS": 0.0,
        "Total Revenue": NaN,
        "Gross Profit": NaN,
        "Operating Income": NaN,
        "EBIT": NaN,
        "Net Income": NaN
    },
    "2011-12-31": {
        "Diluted EPS": 0.0,
        "Total Revenue": NaN,
        "Gross Profit": NaN,
        "Operating Income": NaN,
        "EBIT": NaN,
        "Net Income": NaN
    },
    "2011-06-30": {
        "Diluted EPS": 0.0,
        "Total Revenue": NaN,
        "Gross Profit": NaN,
        "Operating Income": NaN,
        "EBIT": NaN,
        "Net Income": NaN
    },
    "2010-12-31": {
        "Diluted EPS": 0.0,
        "Total Revenue": NaN,
        "Gross Profit": NaN,
        "Operating Income": NaN,
        "EBIT": NaN,
        "Net Income": NaN
    },
    "2023-06-30": {
        "Tax Effect Of Unusual Items": 0.0,
        "Tax Rate For Calcs": 0.21,
        "Normalized EBITDA": -10218000.0,
        "Net Income From Continuing Operation Net Minority Interest": -10384000.0,
        "Reconciled Depreciation": 146000.0,
        "Reconciled Cost Of Revenue": 2204000.0,
        "EBITDA": -10218000.0,
        "EBIT": -10364000.0,
        "Net Interest Income": -7000.0,
        "Interest Expense": 7000.0,
        "Normalized Income": -10384000.0,
        "Net Income From Continuing And Discontinued Operation": -10384000.0,
        "Total Expenses": 22918000.0,
        "Total Operating Income As Reported": -11165000.0,
        "Diluted Average Shares": 25239723.0,
        "Basic Average Shares": 25239723.0,
        "Diluted EPS": -0.41,
        "Basic EPS": -0.41,
        "Diluted NI Availto Com Stockholders": -10384000.0,
        "Net Income Common Stockholders": -10384000.0,
        "Net Income": -10384000.0,
        "Net Income Including Noncontrolling Interests": -10384000.0,
        "Net Income Continuous Operations": -10384000.0,
        "Tax Provision": 13000.0,
        "Pretax Income": -10371000.0,
        "Other Income Expense": 801000.0,
        "Other Non Operating Income Expenses": 801000.0,
        "Net Non Operating Interest Income Expense": -7000.0,
        "Interest Expense Non Operating": 7000.0,
        "Operating Income": -11165000.0,
        "Operating Expense": 20714000.0,
        "Other Operating Expenses": -530000.0,
        "Research And Development": 5076000.0,
        "Selling General And Administration": 16168000.0,
        "Selling And Marketing Expense": 10003000.0,
        "General And Administrative Expense": 6165000.0,
        "Other Gand A": 6165000.0,
        "Gross Profit": 9549000.0,
        "Cost Of Revenue": 2204000.0,
        "Total Revenue": 11753000.0,
        "Operating Revenue": 11753000.0
    },
    "2023-09-30": {
        "Tax Effect Of Unusual Items": 0.0,
        "Tax Rate For Calcs": 0.21,
        "Normalized EBITDA": -8527000.0,
        "Net Income From Continuing Operation Net Minority Interest": -8712000.0,
        "Reconciled Depreciation": 164000.0,
        "Reconciled Cost Of Revenue": 2113000.0,
        "EBITDA": -8527000.0,
        "EBIT": -8691000.0,
        "Net Interest Income": -10000.0,
        "Interest Expense": 10000.0,
        "Normalized Income": -8712000.0,
        "Net Income From Continuing And Discontinued Operation": -8712000.0,
        "Total Expenses": 22951000.0,
        "Total Operating Income As Reported": -9306000.0,
        "Diluted Average Shares": 25401754.0,
        "Basic Average Shares": 25401754.0,
        "Diluted EPS": -0.34,
        "Basic EPS": -0.34,
        "Diluted NI Availto Com Stockholders": -8712000.0,
        "Net Income Common Stockholders": -8712000.0,
        "Net Income": -8712000.0,
        "Net Income Including Noncontrolling Interests": -8712000.0,
        "Net Income Continuous Operations": -8712000.0,
        "Tax Provision": 11000.0,
        "Pretax Income": -8701000.0,
        "Other Income Expense": 615000.0,
        "Other Non Operating Income Expenses": 615000.0,
        "Net Non Operating Interest Income Expense": -10000.0,
        "Interest Expense Non Operating": 10000.0,
        "Operating Income": -9306000.0,
        "Operating Expense": 20838000.0,
        "Other Operating Expenses": -212000.0,
        "Research And Development": 4394000.0,
        "Selling General And Administration": 16656000.0,
        "Selling And Marketing Expense": 10532000.0,
        "General And Administrative Expense": 6124000.0,
        "Other Gand A": 6124000.0,
        "Gross Profit": 11532000.0,
        "Cost Of Revenue": 2113000.0,
        "Total Revenue": 13645000.0,
        "Operating Revenue": 13645000.0
    },
    "2023-12-31": {
        "Tax Effect Of Unusual Items": 0.0,
        "Tax Rate For Calcs": 0.21,
        "Normalized EBITDA": -5744000.0,
        "Net Income From Continuing Operation Net Minority Interest": -7065000.0,
        "Reconciled Depreciation": 187000.0,
        "Reconciled Cost Of Revenue": 1796000.0,
        "EBITDA": -5744000.0,
        "EBIT": -5931000.0,
        "Net Interest Income": -1122000.0,
        "Interest Expense": 1122000.0,
        "Normalized Income": -7065000.0,
        "Net Income From Continuing And Discontinued Operation": -7065000.0,
        "Total Expenses": 26468000.0,
        "Total Operating Income As Reported": -12273000.0,
        "Diluted Average Shares": NaN,
        "Basic Average Shares": NaN,
        "Diluted EPS": NaN,
        "Basic EPS": NaN,
        "Diluted NI Availto Com Stockholders": -7065000.0,
        "Net Income Common Stockholders": -7065000.0,
        "Net Income": -7065000.0,
        "Net Income Including Noncontrolling Interests": -7065000.0,
        "Net Income Continuous Operations": -7065000.0,
        "Tax Provision": 12000.0,
        "Pretax Income": -7053000.0,
        "Other Income Expense": 6342000.0,
        "Other Non Operating Income Expenses": 6342000.0,
        "Net Non Operating Interest Income Expense": -1122000.0,
        "Interest Expense Non Operating": 1122000.0,
        "Operating Income": -12273000.0,
        "Operating Expense": 24672000.0,
        "Other Operating Expenses": -59000.0,
        "Research And Development": 6765000.0,
        "Selling General And Administration": 17966000.0,
        "Selling And Marketing Expense": 10216000.0,
        "General And Administrative Expense": 7750000.0,
        "Other Gand A": 7750000.0,
        "Gross Profit": 12399000.0,
        "Cost Of Revenue": 1796000.0,
        "Total Revenue": 14195000.0,
        "Operating Revenue": 14195000.0
    },
    "2024-03-31": {
        "Tax Effect Of Unusual Items": 0.0,
        "Tax Rate For Calcs": 0.4,
        "Normalized EBITDA": -17069000.0,
        "Net Income From Continuing Operation Net Minority Interest": -18658000.0,
        "Reconciled Depreciation": 203000.0,
        "Reconciled Cost Of Revenue": 1513000.0,
        "EBITDA": -17069000.0,
        "EBIT": -17272000.0,
        "Net Interest Income": -1356000.0,
        "Interest Expense": 1356000.0,
        "Normalized Income": -18658000.0,
        "Net Income From Continuing And Discontinued Operation": -18658000.0,
        "Total Expenses": 28310000.0,
        "Total Operating Income As Reported": -17206000.0,
        "Diluted Average Shares": 25637783.0,
        "Basic Average Shares": 25637783.0,
        "Diluted EPS": -0.73,
        "Basic EPS": -0.73,
        "Diluted NI Availto Com Stockholders": -18658000.0,
        "Net Income Common Stockholders": -18658000.0,
        "Net Income": -18658000.0,
        "Net Income Including Noncontrolling Interests": -18658000.0,
        "Net Income Continuous Operations": -18658000.0,
        "Tax Provision": 30000.0,
        "Pretax Income": -18628000.0,
        "Other Income Expense": -66000.0,
        "Other Non Operating Income Expenses": -66000.0,
        "Net Non Operating Interest Income Expense": -1356000.0,
        "Interest Expense Non Operating": 1356000.0,
        "Operating Income": -17206000.0,
        "Operating Expense": 26797000.0,
        "Other Operating Expenses": NaN,
        "Research And Development": 5194000.0,
        "Selling General And Administration": 21603000.0,
        "Selling And Marketing Expense": 12640000.0,
        "General And Administrative Expense": 8963000.0,
        "Other Gand A": 8963000.0,
        "Gross Profit": 9591000.0,
        "Cost Of Revenue": 1513000.0,
        "Total Revenue": 11104000.0,
        "Operating Revenue": 11104000.0
    }
}