{
    "2023-06-30": {
        "Tax Effect Of Unusual Items": -64078000.0,
        "Tax Rate For Calcs": 0.199,
        "Normalized EBITDA": 2179000000.0,
        "Total Unusual Items": -322000000.0,
        "Total Unusual Items Excluding Goodwill": -322000000.0,
        "Net Income From Continuing Operation Net Minority Interest": 109000000.0,
        "Reconciled Depreciation": 1184000000.0,
        "Reconciled Cost Of Revenue": 2830000000.0,
        "EBITDA": 1857000000.0,
        "EBIT": 673000000.0,
        "Net Interest Income": -580000000.0,
        "Interest Expense": 537000000.0,
        "Interest Income": 5000000.0,
        "Normalized Income": 366922000.0,
        "Net Income From Continuing And Discontinued Operation": 109000000.0,
        "Total Expenses": 4014000000.0,
        "Total Operating Income As Reported": NaN,
        "Diluted Average Shares": 530000000.0,
        "Basic Average Shares": 529000000.0,
        "Diluted EPS": NaN,
        "Basic EPS": NaN,
        "Diluted NI Availto Com Stockholders": 109000000.0,
        "Net Income Common Stockholders": 109000000.0,
        "Net Income": 109000000.0,
        "Net Income Including Noncontrolling Interests": 109000000.0,
        "Net Income Continuous Operations": 109000000.0,
        "Tax Provision": 27000000.0,
        "Pretax Income": 136000000.0,
        "Other Income Expense": -316000000.0,
        "Special Income Charges": -331000000.0,
        "Gain On Sale Of Ppe": NaN,
        "Write Off": NaN,
        "Restructuring And Mergern Acquisition": 331000000.0,
        "Earnings From Equity Interest": 6000000.0,
        "Gain On Sale Of Security": 9000000.0,
        "Net Non Operating Interest Income Expense": -580000000.0,
        "Total Other Finance Cost": 48000000.0,
        "Interest Expense Non Operating": 537000000.0,
        "Interest Income Non Operating": 5000000.0,
        "Operating Income": 1032000000.0,
        "Operating Expense": 1158000000.0,
        "Depreciation Amortization Depletion Income Statement": 1158000000.0,
        "Depreciation And Amortization In Income Statement": 1158000000.0,
        "Gross Profit": 2190000000.0,
        "Cost Of Revenue": 2856000000.0,
        "Total Revenue": 5046000000.0,
        "Operating Revenue": 5046000000.0
    },
    "2023-03-31": {
        "Tax Effect Of Unusual Items": -11970000.0,
        "Tax Rate For Calcs": 0.266,
        "Normalized EBITDA": 1798000000.0,
        "Total Unusual Items": -45000000.0,
        "Total Unusual Items Excluding Goodwill": -45000000.0,
        "Net Income From Continuing Operation Net Minority Interest": 511000000.0,
        "Reconciled Depreciation": 649000000.0,
        "Reconciled Cost Of Revenue": 2166000000.0,
        "EBITDA": 1753000000.0,
        "EBIT": 1104000000.0,
        "Net Interest Income": -293000000.0,
        "Interest Expense": 408000000.0,
        "Interest Income": 148000000.0,
        "Normalized Income": 544030000.0,
        "Net Income From Continuing And Discontinued Operation": 511000000.0,
        "Total Expenses": 2815000000.0,
        "Total Operating Income As Reported": NaN,
        "Diluted Average Shares": NaN,
        "Basic Average Shares": 505000000.0,
        "Diluted EPS": NaN,
        "Basic EPS": NaN,
        "Diluted NI Availto Com Stockholders": 511000000.0,
        "Net Income Common Stockholders": 511000000.0,
        "Net Income": 511000000.0,
        "Net Income Including Noncontrolling Interests": 511000000.0,
        "Net Income Continuous Operations": 511000000.0,
        "Tax Provision": 185000000.0,
        "Pretax Income": 696000000.0,
        "Other Income Expense": -31000000.0,
        "Special Income Charges": -55000000.0,
        "Gain On Sale Of Ppe": NaN,
        "Write Off": NaN,
        "Restructuring And Mergern Acquisition": 55000000.0,
        "Earnings From Equity Interest": 14000000.0,
        "Gain On Sale Of Security": 10000000.0,
        "Net Non Operating Interest Income Expense": -293000000.0,
        "Total Other Finance Cost": 33000000.0,
        "Interest Expense Non Operating": 408000000.0,
        "Interest Income Non Operating": 148000000.0,
        "Operating Income": 1020000000.0,
        "Operating Expense": 631000000.0,
        "Depreciation Amortization Depletion Income Statement": 631000000.0,
        "Depreciation And Amortization In Income Statement": 631000000.0,
        "Gross Profit": 1651000000.0,
        "Cost Of Revenue": 2184000000.0,
        "Total Revenue": 3835000000.0,
        "Operating Revenue": 3835000000.0
    },
    "2023-02-28": {
        "Tax Effect Of Unusual Items": -23021582.733813,
        "Tax Rate For Calcs": 0.230216,
        "Normalized EBITDA": 625000000.0,
        "Total Unusual Items": -100000000.0,
        "Total Unusual Items Excluding Goodwill": -100000000.0,
        "Net Income From Continuing Operation Net Minority Interest": 107000000.0,
        "Reconciled Depreciation": 317000000.0,
        "Reconciled Cost Of Revenue": 721000000.0,
        "EBITDA": 525000000.0,
        "EBIT": 207000000.0,
        "Net Interest Income": -63000000.0,
        "Interest Expense": 68000000.0,
        "Interest Income": 4000000.0,
        "Normalized Income": 183978417.266187,
        "Net Income From Continuing And Discontinued Operation": 107000000.0,
        "Total Expenses": 1038000000.0,
        "Total Operating Income As Reported": 302000000.0,
        "Diluted Average Shares": 502000000.0,
        "Basic Average Shares": 500000000.0,
        "Diluted EPS": 0.21,
        "Basic EPS": NaN,
        "Diluted NI Availto Com Stockholders": 107000000.0,
        "Net Income Common Stockholders": 107000000.0,
        "Net Income": 107000000.0,
        "Net Income Including Noncontrolling Interests": 107000000.0,
        "Net Income Continuous Operations": 107000000.0,
        "Tax Provision": 32000000.0,
        "Pretax Income": 139000000.0,
        "Other Income Expense": -100000000.0,
        "Special Income Charges": -100000000.0,
        "Gain On Sale Of Ppe": 2000000.0,
        "Write Off": 90000000.0,
        "Restructuring And Mergern Acquisition": 12000000.0,
        "Earnings From Equity Interest": NaN,
        "Gain On Sale Of Security": NaN,
        "Net Non Operating Interest Income Expense": -63000000.0,
        "Total Other Finance Cost": -1000000.0,
        "Interest Expense Non Operating": 68000000.0,
        "Interest Income Non Operating": 4000000.0,
        "Operating Income": 302000000.0,
        "Operating Expense": 318000000.0,
        "Depreciation Amortization Depletion Income Statement": 318000000.0,
        "Depreciation And Amortization In Income Statement": 318000000.0,
        "Gross Profit": 620000000.0,
        "Cost Of Revenue": 720000000.0,
        "Total Revenue": 1340000000.0,
        "Operating Revenue": 1340000000.0
    },
    "2022-12-31": {
        "Tax Effect Of Unusual Items": -11614942.528736,
        "Tax Rate For Calcs": 0.270115,
        "Normalized EBITDA": 1899000000.0,
        "Total Unusual Items": -43000000.0,
        "Total Unusual Items Excluding Goodwill": -43000000.0,
        "Net Income From Continuing Operation Net Minority Interest": 508000000.0,
        "Reconciled Depreciation": 660000000.0,
        "Reconciled Cost Of Revenue": 2475000000.0,
        "EBITDA": 1856000000.0,
        "EBIT": 1196000000.0,
        "Net Interest Income": -290000000.0,
        "Interest Expense": 500000000.0,
        "Interest Income": 235000000.0,
        "Normalized Income": 539385057.471264,
        "Net Income From Continuing And Discontinued Operation": 508000000.0,
        "Total Expenses": 3135000000.0,
        "Total Operating Income As Reported": NaN,
        "Diluted Average Shares": 508000000.0,
        "Basic Average Shares": NaN,
        "Diluted EPS": 1.0,
        "Basic EPS": 1.01,
        "Diluted NI Availto Com Stockholders": 508000000.0,
        "Net Income Common Stockholders": 508000000.0,
        "Net Income": 508000000.0,
        "Net Income Including Noncontrolling Interests": 508000000.0,
        "Net Income Continuous Operations": 508000000.0,
        "Tax Provision": 188000000.0,
        "Pretax Income": 696000000.0,
        "Other Income Expense": -45000000.0,
        "Special Income Charges": -58000000.0,
        "Gain On Sale Of Ppe": NaN,
        "Write Off": NaN,
        "Restructuring And Mergern Acquisition": 58000000.0,
        "Earnings From Equity Interest": -2000000.0,
        "Gain On Sale Of Security": 15000000.0,
        "Net Non Operating Interest Income Expense": -290000000.0,
        "Total Other Finance Cost": 25000000.0,
        "Interest Expense Non Operating": 500000000.0,
        "Interest Income Non Operating": 235000000.0,
        "Operating Income": 1031000000.0,
        "Operating Expense": 648000000.0,
        "Depreciation Amortization Depletion Income Statement": 648000000.0,
        "Depreciation And Amortization In Income Statement": 648000000.0,
        "Gross Profit": 1679000000.0,
        "Cost Of Revenue": 2487000000.0,
        "Total Revenue": 4166000000.0,
        "Operating Revenue": 4166000000.0
    },
    "2022-09-30": {
        "Tax Effect Of Unusual Items": -20319444.444444,
        "Tax Rate For Calcs": 0.263889,
        "Normalized EBITDA": 1543000000.0,
        "Total Unusual Items": -77000000.0,
        "Total Unusual Items Excluding Goodwill": -77000000.0,
        "Net Income From Continuing Operation Net Minority Interest": 371000000.0,
        "Reconciled Depreciation": 654000000.0,
        "Reconciled Cost Of Revenue": 2150000000.0,
        "EBITDA": 1466000000.0,
        "EBIT": 812000000.0,
        "Net Interest Income": -329000000.0,
        "Interest Expense": 308000000.0,
        "Interest Income": NaN,
        "Normalized Income": 427680555.555556,
        "Net Income From Continuing And Discontinued Operation": 371000000.0,
        "Total Expenses": 2804000000.0,
        "Total Operating Income As Reported": NaN,
        "Diluted Average Shares": 506000000.0,
        "Basic Average Shares": 505000000.0,
        "Diluted EPS": 0.71,
        "Basic EPS": 0.73,
        "Diluted NI Availto Com Stockholders": 371000000.0,
        "Net Income Common Stockholders": 371000000.0,
        "Net Income": 371000000.0,
        "Net Income Including Noncontrolling Interests": 371000000.0,
        "Net Income Continuous Operations": 371000000.0,
        "Tax Provision": 133000000.0,
        "Pretax Income": 504000000.0,
        "Other Income Expense": -106000000.0,
        "Other Non Operating Income Expenses": NaN,
        "Special Income Charges": -85000000.0,
        "Gain On Sale Of Ppe": NaN,
        "Write Off": NaN,
        "Restructuring And Mergern Acquisition": 85000000.0,
        "Earnings From Equity Interest": -29000000.0,
        "Gain On Sale Of Security": 8000000.0,
        "Net Non Operating Interest Income Expense": -329000000.0,
        "Total Other Finance Cost": 21000000.0,
        "Interest Expense Non Operating": 308000000.0,
        "Interest Income Non Operating": NaN,
        "Operating Income": 939000000.0,
        "Operating Expense": 644000000.0,
        "Depreciation Amortization Depletion Income Statement": 644000000.0,
        "Depreciation And Amortization In Income Statement": 644000000.0,
        "Amortization": NaN,
        "Amortization Of Intangibles Income Statement": NaN,
        "Depreciation Income Statement": NaN,
        "Gross Profit": 1583000000.0,
        "Cost Of Revenue": 2160000000.0,
        "Total Revenue": 3743000000.0,
        "Operating Revenue": 3743000000.0
    },
    "2022-06-30": {
        "Tax Effect Of Unusual Items": -15386029.411765,
        "Tax Rate For Calcs": 0.248162,
        "Normalized EBITDA": 1606000000.0,
        "Total Unusual Items": -62000000.0,
        "Total Unusual Items Excluding Goodwill": -62000000.0,
        "Net Income From Continuing Operation Net Minority Interest": 409000000.0,
        "Reconciled Depreciation": 657000000.0,
        "Reconciled Cost Of Revenue": 2257000000.0,
        "EBITDA": 1544000000.0,
        "EBIT": 887000000.0,
        "Net Interest Income": -354000000.0,
        "Interest Expense": 343000000.0,
        "Interest Income": 1000000.0,
        "Normalized Income": 455613970.588235,
        "Net Income From Continuing And Discontinued Operation": 409000000.0,
        "Total Expenses": 2914000000.0,
        "Total Operating Income As Reported": NaN,
        "Diluted Average Shares": 507000000.0,
        "Basic Average Shares": 505000000.0,
        "Diluted EPS": 0.76,
        "Basic EPS": 0.81,
        "Diluted NI Availto Com Stockholders": 409000000.0,
        "Net Income Common Stockholders": 409000000.0,
        "Net Income": 409000000.0,
        "Net Income Including Noncontrolling Interests": 409000000.0,
        "Net Income Continuous Operations": 409000000.0,
        "Tax Provision": 135000000.0,
        "Pretax Income": 544000000.0,
        "Other Income Expense": -56000000.0,
        "Other Non Operating Income Expenses": NaN,
        "Special Income Charges": -71000000.0,
        "Gain On Sale Of Ppe": NaN,
        "Write Off": NaN,
        "Restructuring And Mergern Acquisition": 71000000.0,
        "Earnings From Equity Interest": 6000000.0,
        "Gain On Sale Of Security": 9000000.0,
        "Net Non Operating Interest Income Expense": -354000000.0,
        "Total Other Finance Cost": 12000000.0,
        "Interest Expense Non Operating": 343000000.0,
        "Interest Income Non Operating": 1000000.0,
        "Operating Income": 954000000.0,
        "Operating Expense": 638000000.0,
        "Depreciation Amortization Depletion Income Statement": 638000000.0,
        "Depreciation And Amortization In Income Statement": 638000000.0,
        "Amortization": NaN,
        "Amortization Of Intangibles Income Statement": NaN,
        "Depreciation Income Statement": NaN,
        "Selling General And Administration": 612000000.0,
        "General And Administrative Expense": 612000000.0,
        "Salaries And Wages": 612000000.0,
        "Gross Profit": 1592000000.0,
        "Cost Of Revenue": 2276000000.0,
        "Total Revenue": 3868000000.0,
        "Operating Revenue": 3868000000.0
    },
    "2022-03-31": {
        "Diluted EPS": 0.61,
        "Total Revenue": NaN,
        "Gross Profit": NaN,
        "Operating Income": 629,
        "EBIT": NaN,
        "Net Income": 310
    },
    "2021-12-31": {
        "Diluted EPS": 0.64,
        "Total Revenue": NaN,
        "Gross Profit": NaN,
        "Operating Income": 608,
        "EBIT": NaN,
        "Net Income": 323
    },
    "2021-09-30": {
        "Diluted EPS": 0.77,
        "Total Revenue": NaN,
        "Gross Profit": NaN,
        "Operating Income": 711,
        "EBIT": NaN,
        "Net Income": 389
    },
    "2021-06-30": {
        "Diluted EPS": 0.49,
        "Total Revenue": NaN,
        "Gross Profit": NaN,
        "Operating Income": 498,
        "EBIT": NaN,
        "Net Income": 246
    },
    "2021-03-31": {
        "Diluted EPS": 0.55,
        "Total Revenue": NaN,
        "Gross Profit": NaN,
        "Operating Income": 559,
        "EBIT": NaN,
        "Net Income": 285
    },
    "2020-12-31": {
        "Diluted EPS": 0.67,
        "Total Revenue": NaN,
        "Gross Profit": NaN,
        "Operating Income": 647,
        "EBIT": NaN,
        "Net Income": 340
    },
    "2020-09-30": {
        "Diluted EPS": 0.76,
        "Total Revenue": NaN,
        "Gross Profit": NaN,
        "Operating Income": 695,
        "EBIT": NaN,
        "Net Income": 384
    },
    "2020-06-30": {
        "Diluted EPS": 0.4,
        "Total Revenue": NaN,
        "Gross Profit": 934,
        "Operating Income": 434,
        "EBIT": 899,
        "Net Income": 201
    },
    "2020-03-31": {
        "Diluted EPS": 0.51,
        "Total Revenue": NaN,
        "Gross Profit": 996,
        "Operating Income": 503,
        "EBIT": 996,
        "Net Income": 262
    },
    "2019-12-31": {
        "Diluted EPS": 0.7,
        "Total Revenue": NaN,
        "Gross Profit": NaN,
        "Operating Income": 646,
        "EBIT": NaN,
        "Net Income": 354
    },
    "2019-09-30": {
        "Diluted EPS": 0.86,
        "Total Revenue": NaN,
        "Gross Profit": NaN,
        "Operating Income": 790,
        "EBIT": NaN,
        "Net Income": 449
    },
    "2019-06-30": {
        "Diluted EPS": 0.86,
        "Total Revenue": NaN,
        "Gross Profit": NaN,
        "Operating Income": 734,
        "EBIT": NaN,
        "Net Income": 442
    },
    "2019-03-31": {
        "Diluted EPS": 0.57,
        "Total Revenue": NaN,
        "Gross Profit": NaN,
        "Operating Income": 531,
        "EBIT": NaN,
        "Net Income": 294
    },
    "2018-12-31": {
        "Diluted EPS": 0.76,
        "Total Revenue": NaN,
        "Gross Profit": NaN,
        "Operating Income": 654,
        "EBIT": NaN,
        "Net Income": 381
    },
    "2018-09-30": {
        "Diluted EPS": 0.88,
        "Total Revenue": NaN,
        "Gross Profit": NaN,
        "Operating Income": 777,
        "EBIT": NaN,
        "Net Income": 455
    },
    "2018-06-30": {
        "Diluted EPS": 0.81,
        "Total Revenue": NaN,
        "Gross Profit": NaN,
        "Operating Income": 723,
        "EBIT": NaN,
        "Net Income": 417
    },
    "2018-03-31": {
        "Diluted EPS": 0.63,
        "Total Revenue": NaN,
        "Gross Profit": NaN,
        "Operating Income": 594,
        "EBIT": NaN,
        "Net Income": 336
    },
    "2017-12-31": {
        "Diluted EPS": 0.63,
        "Total Revenue": NaN,
        "Gross Profit": NaN,
        "Operating Income": 599,
        "EBIT": 976,
        "Net Income": 330
    },
    "2017-09-30": {
        "Diluted EPS": 0.73,
        "Total Revenue": NaN,
        "Gross Profit": NaN,
        "Operating Income": 685,
        "EBIT": NaN,
        "Net Income": 373
    },
    "2017-06-30": {
        "Diluted EPS": 0.77,
        "Total Revenue": NaN,
        "Gross Profit": NaN,
        "Operating Income": 611,
        "EBIT": NaN,
        "Net Income": 395
    },
    "2017-03-31": {
        "Diluted EPS": 0.43,
        "Total Revenue": NaN,
        "Gross Profit": 871,
        "Operating Income": 438,
        "EBIT": 865,
        "Net Income": 222
    },
    "2016-12-31": {
        "Diluted EPS": -0.05,
        "Total Revenue": NaN,
        "Gross Profit": NaN,
        "Operating Income": 483,
        "EBIT": 894,
        "Net Income": -25
    },
    "2016-09-30": {
        "Diluted EPS": 0.33,
        "Total Revenue": NaN,
        "Gross Profit": NaN,
        "Operating Income": 565,
        "EBIT": NaN,
        "Net Income": 169
    },
    "2016-06-30": {
        "Diluted EPS": 0.59,
        "Total Revenue": NaN,
        "Gross Profit": NaN,
        "Operating Income": 569,
        "EBIT": NaN,
        "Net Income": 306
    },
    "2016-03-31": {
        "Diluted EPS": 0.35,
        "Total Revenue": NaN,
        "Gross Profit": NaN,
        "Operating Income": 343,
        "EBIT": 777,
        "Net Income": 181
    },
    "2015-12-31": {
        "Diluted EPS": 0.43,
        "Total Revenue": NaN,
        "Gross Profit": NaN,
        "Operating Income": 383,
        "EBIT": 936,
        "Net Income": 224
    },
    "2015-09-30": {
        "Diluted EPS": 0.69,
        "Total Revenue": NaN,
        "Gross Profit": NaN,
        "Operating Income": 578,
        "EBIT": 966,
        "Net Income": 355
    },
    "2015-06-30": {
        "Diluted EPS": 0.57,
        "Total Revenue": NaN,
        "Gross Profit": NaN,
        "Operating Income": 619,
        "EBIT": NaN,
        "Net Income": 295
    },
    "2015-03-31": {
        "Diluted EPS": 0.39,
        "Total Revenue": NaN,
        "Gross Profit": NaN,
        "Operating Income": 479,
        "EBIT": 930,
        "Net Income": 209
    },
    "2014-12-31": {
        "Diluted EPS": 0.46,
        "Total Revenue": NaN,
        "Gross Profit": NaN,
        "Operating Income": 319,
        "EBIT": 805,
        "Net Income": 239
    },
    "2014-09-30": {
        "Diluted EPS": 0.57,
        "Total Revenue": NaN,
        "Gross Profit": NaN,
        "Operating Income": 614,
        "EBIT": NaN,
        "Net Income": 296
    },
    "2014-06-30": {
        "Diluted EPS": 0.7,
        "Total Revenue": NaN,
        "Gross Profit": NaN,
        "Operating Income": 754,
        "EBIT": NaN,
        "Net Income": 377
    },
    "2014-03-31": {
        "Diluted EPS": 0.52,
        "Total Revenue": NaN,
        "Gross Profit": NaN,
        "Operating Income": 575,
        "EBIT": NaN,
        "Net Income": 278
    },
    "2013-12-31": {
        "Diluted EPS": 0.56,
        "Total Revenue": NaN,
        "Gross Profit": NaN,
        "Operating Income": 508,
        "EBIT": NaN,
        "Net Income": 289
    },
    "2013-09-30": {
        "Diluted EPS": 0.86,
        "Total Revenue": NaN,
        "Gross Profit": NaN,
        "Operating Income": 784,
        "EBIT": NaN,
        "Net Income": 446
    },
    "2013-06-30": {
        "Diluted EPS": 0.9,
        "Total Revenue": NaN,
        "Gross Profit": NaN,
        "Operating Income": 795,
        "EBIT": NaN,
        "Net Income": 518
    },
    "2013-03-31": {
        "Diluted EPS": 0.66,
        "Total Revenue": NaN,
        "Gross Profit": NaN,
        "Operating Income": 603,
        "EBIT": NaN,
        "Net Income": 344
    },
    "2012-12-31": {
        "Diluted EPS": 1.02,
        "Total Revenue": NaN,
        "Gross Profit": NaN,
        "Operating Income": 661,
        "EBIT": NaN,
        "Net Income": 528
    },
    "2012-09-30": {
        "Diluted EPS": 0.91,
        "Total Revenue": NaN,
        "Gross Profit": NaN,
        "Operating Income": 829,
        "EBIT": NaN,
        "Net Income": 469
    },
    "2012-06-30": {
        "Diluted EPS": 0.75,
        "Total Revenue": NaN,
        "Gross Profit": NaN,
        "Operating Income": 791,
        "EBIT": NaN,
        "Net Income": 393
    },
    "2012-03-31": {
        "Diluted EPS": 0.58,
        "Total Revenue": NaN,
        "Gross Profit": NaN,
        "Operating Income": 658,
        "EBIT": NaN,
        "Net Income": 308
    },
    "2011-12-31": {
        "Diluted EPS": 0.61,
        "Total Revenue": NaN,
        "Gross Profit": NaN,
        "Operating Income": 680,
        "EBIT": NaN,
        "Net Income": 328
    },
    "2011-09-30": {
        "Diluted EPS": 0.89,
        "Total Revenue": NaN,
        "Gross Profit": NaN,
        "Operating Income": 831,
        "EBIT": NaN,
        "Net Income": 502
    },
    "2011-06-30": {
        "Diluted EPS": 0.79,
        "Total Revenue": NaN,
        "Gross Profit": NaN,
        "Operating Income": 846,
        "EBIT": NaN,
        "Net Income": 434
    },
    "2011-03-31": {
        "Diluted EPS": 0.63,
        "Total Revenue": NaN,
        "Gross Profit": NaN,
        "Operating Income": 849,
        "EBIT": NaN,
        "Net Income": 351
    },
    "2010-12-31": {
        "Diluted EPS": 0.59,
        "Total Revenue": NaN,
        "Gross Profit": NaN,
        "Operating Income": 750,
        "EBIT": NaN,
        "Net Income": 331
    },
    "2010-09-30": {
        "Diluted EPS": 0.63,
        "Total Revenue": NaN,
        "Gross Profit": NaN,
        "Operating Income": 801,
        "EBIT": NaN,
        "Net Income": 363
    },
    "2010-06-30": {
        "Diluted EPS": 0.78,
        "Total Revenue": NaN,
        "Gross Profit": NaN,
        "Operating Income": 844,
        "EBIT": NaN,
        "Net Income": 451
    },
    "2010-03-31": {
        "Diluted EPS": 0.64,
        "Total Revenue": NaN,
        "Gross Profit": NaN,
        "Operating Income": 801,
        "EBIT": NaN,
        "Net Income": 380
    },
    "2009-12-31": {
        "Diluted EPS": 0.51,
        "Total Revenue": NaN,
        "Gross Profit": NaN,
        "Operating Income": 834,
        "EBIT": NaN,
        "Net Income": 310
    },
    "2009-09-30": {
        "Diluted EPS": 0.75,
        "Total Revenue": NaN,
        "Gross Profit": NaN,
        "Operating Income": 791,
        "EBIT": NaN,
        "Net Income": 459
    },
    "2009-06-30": {
        "Diluted EPS": 0.59,
        "Total Revenue": NaN,
        "Gross Profit": NaN,
        "Operating Income": 946,
        "EBIT": NaN,
        "Net Income": 374
    },
    "2009-03-31": {
        "Diluted EPS": 0.49,
        "Total Revenue": NaN,
        "Gross Profit": NaN,
        "Operating Income": NaN,
        "EBIT": NaN,
        "Net Income": 309
    },
    "2023-09-30": {
        "Tax Effect Of Unusual Items": -85600000.0,
        "Tax Rate For Calcs": 0.4,
        "Normalized EBITDA": 1954000000.0,
        "Total Unusual Items": -214000000.0,
        "Total Unusual Items Excluding Goodwill": -214000000.0,
        "Net Income From Continuing Operation Net Minority Interest": -99000000.0,
        "Reconciled Depreciation": 1174000000.0,
        "Reconciled Cost Of Revenue": 2667000000.0,
        "EBITDA": 1740000000.0,
        "EBIT": 566000000.0,
        "Net Interest Income": -593000000.0,
        "Interest Expense": 554000000.0,
        "Interest Income": 3000000.0,
        "Normalized Income": 29400000.0,
        "Net Income From Continuing And Discontinued Operation": -99000000.0,
        "Total Expenses": 3841000000.0,
        "Total Operating Income As Reported": NaN,
        "Diluted Average Shares": 529000000.0,
        "Basic Average Shares": NaN,
        "Diluted EPS": -0.2,
        "Basic EPS": -0.19,
        "Diluted NI Availto Com Stockholders": -99000000.0,
        "Net Income Common Stockholders": -99000000.0,
        "Net Income": -99000000.0,
        "Net Income Including Noncontrolling Interests": -99000000.0,
        "Net Income Continuous Operations": -99000000.0,
        "Tax Provision": 111000000.0,
        "Pretax Income": 12000000.0,
        "Other Income Expense": -646000000.0,
        "Special Income Charges": -213000000.0,
        "Gain On Sale Of Ppe": NaN,
        "Write Off": NaN,
        "Restructuring And Mergern Acquisition": 213000000.0,
        "Earnings From Equity Interest": -432000000.0,
        "Gain On Sale Of Security": -1000000.0,
        "Net Non Operating Interest Income Expense": -593000000.0,
        "Total Other Finance Cost": 42000000.0,
        "Interest Expense Non Operating": 554000000.0,
        "Interest Income Non Operating": 3000000.0,
        "Operating Income": 1251000000.0,
        "Operating Expense": 1160000000.0,
        "Depreciation Amortization Depletion Income Statement": 1160000000.0,
        "Depreciation And Amortization In Income Statement": 1160000000.0,
        "Gross Profit": 2411000000.0,
        "Cost Of Revenue": 2681000000.0,
        "Total Revenue": 5092000000.0,
        "Operating Revenue": 5092000000.0
    }
}