{
    "2023-03-31": {
        "Tax Effect Of Unusual Items": 0.0,
        "Tax Rate For Calcs": 0.0,
        "Normalized EBITDA": -56194000.0,
        "Net Income From Continuing Operation Net Minority Interest": -58335000.0,
        "Reconciled Depreciation": 1673000.0,
        "EBITDA": -56194000.0,
        "EBIT": -57867000.0,
        "Net Interest Income": 3859000.0,
        "Interest Expense": 468000.0,
        "Interest Income": 4327000.0,
        "Normalized Income": -58335000.0,
        "Net Income From Continuing And Discontinued Operation": -58335000.0,
        "Total Expenses": 62194000.0,
        "Total Operating Income As Reported": -62194000.0,
        "Diluted Average Shares": 79453519.0,
        "Basic Average Shares": 79453519.0,
        "Diluted EPS": -0.73,
        "Basic EPS": -0.73,
        "Diluted NI Availto Com Stockholders": -58335000.0,
        "Net Income Common Stockholders": -58335000.0,
        "Net Income": -58335000.0,
        "Net Income Including Noncontrolling Interests": -58335000.0,
        "Net Income Continuous Operations": -58335000.0,
        "Pretax Income": -58335000.0,
        "Net Non Operating Interest Income Expense": 3859000.0,
        "Interest Expense Non Operating": 468000.0,
        "Interest Income Non Operating": 4327000.0,
        "Operating Income": -62194000.0,
        "Operating Expense": 62194000.0,
        "Research And Development": 46371000.0,
        "Selling General And Administration": 15823000.0,
        "General And Administrative Expense": 15823000.0,
        "Other Gand A": 15823000.0,
        "Total Revenue": 0.0,
        "Operating Revenue": 0.0
    },
    "2022-12-31": {
        "Tax Effect Of Unusual Items": 0.0,
        "Tax Rate For Calcs": 0.0,
        "Normalized EBITDA": -63954000.0,
        "Net Income From Continuing Operation Net Minority Interest": -66723000.0,
        "Reconciled Depreciation": 3383000.0,
        "EBITDA": -63954000.0,
        "EBIT": -67337000.0,
        "Net Interest Income": 1859000.0,
        "Interest Expense": -614000.0,
        "Interest Income": 1245000.0,
        "Normalized Income": -66723000.0,
        "Net Income From Continuing And Discontinued Operation": -66723000.0,
        "Total Expenses": 68582000.0,
        "Total Operating Income As Reported": -69082000.0,
        "Diluted Average Shares": NaN,
        "Basic Average Shares": NaN,
        "Diluted EPS": NaN,
        "Basic EPS": NaN,
        "Diluted NI Availto Com Stockholders": -66723000.0,
        "Net Income Common Stockholders": -66723000.0,
        "Net Income": -66723000.0,
        "Net Income Including Noncontrolling Interests": -66723000.0,
        "Net Income Continuous Operations": -66723000.0,
        "Pretax Income": -66723000.0,
        "Net Non Operating Interest Income Expense": 1859000.0,
        "Interest Expense Non Operating": -614000.0,
        "Interest Income Non Operating": 1245000.0,
        "Operating Income": -68582000.0,
        "Operating Expense": 68582000.0,
        "Research And Development": 50037000.0,
        "Selling General And Administration": 19045000.0,
        "General And Administrative Expense": 19045000.0,
        "Other Gand A": 19045000.0,
        "Total Revenue": 0.0,
        "Operating Revenue": 0.0
    },
    "2022-09-30": {
        "Tax Effect Of Unusual Items": 0.0,
        "Tax Rate For Calcs": 0.0,
        "Normalized EBITDA": -56050000.0,
        "Net Income From Continuing Operation Net Minority Interest": -57756000.0,
        "Reconciled Depreciation": 1085000.0,
        "EBITDA": -56050000.0,
        "EBIT": -57135000.0,
        "Net Interest Income": 732000.0,
        "Interest Expense": 621000.0,
        "Interest Income": 1353000.0,
        "Normalized Income": -57756000.0,
        "Net Income From Continuing And Discontinued Operation": -57756000.0,
        "Total Expenses": 58488000.0,
        "Total Operating Income As Reported": -58488000.0,
        "Diluted Average Shares": 66215535.0,
        "Basic Average Shares": 66215535.0,
        "Diluted EPS": -0.87,
        "Basic EPS": -0.87,
        "Diluted NI Availto Com Stockholders": -57756000.0,
        "Net Income Common Stockholders": -57756000.0,
        "Net Income": -57756000.0,
        "Net Income Including Noncontrolling Interests": -57756000.0,
        "Net Income Continuous Operations": -57756000.0,
        "Pretax Income": -57756000.0,
        "Net Non Operating Interest Income Expense": 732000.0,
        "Interest Expense Non Operating": 621000.0,
        "Interest Income Non Operating": 1353000.0,
        "Operating Income": -58488000.0,
        "Operating Expense": 58488000.0,
        "Research And Development": 43383000.0,
        "Selling General And Administration": 15105000.0,
        "General And Administrative Expense": 15105000.0,
        "Other Gand A": 15105000.0,
        "Total Revenue": 0.0,
        "Operating Revenue": 0.0
    },
    "2022-06-30": {
        "Tax Effect Of Unusual Items": 0.0,
        "Tax Rate For Calcs": 0.0,
        "Normalized EBITDA": -53541000.0,
        "Net Income From Continuing Operation Net Minority Interest": -54402000.0,
        "Reconciled Depreciation": 496000.0,
        "EBITDA": -53541000.0,
        "EBIT": -53541000.0,
        "Net Interest Income": -192000.0,
        "Interest Expense": 861000.0,
        "Interest Income": 669000.0,
        "Normalized Income": -54402000.0,
        "Net Income From Continuing And Discontinued Operation": -54402000.0,
        "Total Expenses": 54210000.0,
        "Total Operating Income As Reported": -54210000.0,
        "Diluted Average Shares": 65476531.0,
        "Basic Average Shares": 65476531.0,
        "Diluted EPS": -0.83,
        "Basic EPS": -0.83,
        "Diluted NI Availto Com Stockholders": -54402000.0,
        "Net Income Common Stockholders": -54402000.0,
        "Net Income": -54402000.0,
        "Net Income Including Noncontrolling Interests": -54402000.0,
        "Net Income Continuous Operations": -54402000.0,
        "Pretax Income": -54402000.0,
        "Net Non Operating Interest Income Expense": -192000.0,
        "Interest Expense Non Operating": 861000.0,
        "Interest Income Non Operating": 669000.0,
        "Operating Income": -54210000.0,
        "Operating Expense": 54210000.0,
        "Research And Development": 41356000.0,
        "Selling General And Administration": 12854000.0,
        "General And Administrative Expense": 12854000.0,
        "Other Gand A": 12854000.0,
        "Total Revenue": 0.0,
        "Operating Revenue": 0.0
    },
    "2022-03-31": {
        "Diluted EPS": -0.67,
        "Total Revenue": NaN,
        "Gross Profit": NaN,
        "Operating Income": -43,
        "EBIT": -41,
        "Net Income": -43
    },
    "2021-12-31": {
        "Diluted EPS": -0.68,
        "Total Revenue": NaN,
        "Gross Profit": NaN,
        "Operating Income": -44,
        "EBIT": -38,
        "Net Income": -44
    },
    "2021-09-30": {
        "Diluted EPS": -0.79,
        "Total Revenue": NaN,
        "Gross Profit": NaN,
        "Operating Income": -50,
        "EBIT": -49,
        "Net Income": -50
    },
    "2021-06-30": {
        "Diluted EPS": -0.55,
        "Total Revenue": NaN,
        "Gross Profit": NaN,
        "Operating Income": -34,
        "EBIT": -33,
        "Net Income": -35
    },
    "2021-03-31": {
        "Diluted EPS": -0.65,
        "Total Revenue": NaN,
        "Gross Profit": NaN,
        "Operating Income": -39,
        "EBIT": -39,
        "Net Income": -40
    },
    "2020-12-31": {
        "Diluted EPS": -1.09,
        "Total Revenue": NaN,
        "Gross Profit": NaN,
        "Operating Income": -59,
        "EBIT": -53,
        "Net Income": -61
    },
    "2020-09-30": {
        "Diluted EPS": -0.53,
        "Total Revenue": NaN,
        "Gross Profit": NaN,
        "Operating Income": -27,
        "EBIT": -27,
        "Net Income": -29
    },
    "2020-06-30": {
        "Diluted EPS": -0.45,
        "Total Revenue": NaN,
        "Gross Profit": NaN,
        "Operating Income": -24,
        "EBIT": -23,
        "Net Income": -25
    },
    "2020-03-31": {
        "Diluted EPS": -0.45,
        "Total Revenue": NaN,
        "Gross Profit": NaN,
        "Operating Income": -24,
        "EBIT": -24,
        "Net Income": -25
    },
    "2019-12-31": {
        "Diluted EPS": -0.39,
        "Total Revenue": NaN,
        "Gross Profit": NaN,
        "Operating Income": -20,
        "EBIT": -20,
        "Net Income": -20
    },
    "2019-09-30": {
        "Diluted EPS": -0.38,
        "Total Revenue": NaN,
        "Gross Profit": NaN,
        "Operating Income": -19,
        "EBIT": -19,
        "Net Income": -19
    },
    "2019-06-30": {
        "Diluted EPS": -0.38,
        "Total Revenue": NaN,
        "Gross Profit": NaN,
        "Operating Income": -18,
        "EBIT": -18,
        "Net Income": -19
    },
    "2019-03-31": {
        "Diluted EPS": -0.43,
        "Total Revenue": NaN,
        "Gross Profit": NaN,
        "Operating Income": -19,
        "EBIT": -19,
        "Net Income": -19
    },
    "2018-12-31": {
        "Diluted EPS": -0.67,
        "Total Revenue": NaN,
        "Gross Profit": NaN,
        "Operating Income": -27,
        "EBIT": -26,
        "Net Income": -27
    },
    "2018-09-30": {
        "Diluted EPS": -0.4,
        "Total Revenue": NaN,
        "Gross Profit": NaN,
        "Operating Income": -15,
        "EBIT": -15,
        "Net Income": -16
    },
    "2018-06-30": {
        "Diluted EPS": -0.4,
        "Total Revenue": NaN,
        "Gross Profit": NaN,
        "Operating Income": -15,
        "EBIT": -15,
        "Net Income": -16
    },
    "2018-03-31": {
        "Diluted EPS": -0.42,
        "Total Revenue": NaN,
        "Gross Profit": NaN,
        "Operating Income": -14,
        "EBIT": -14,
        "Net Income": -15
    },
    "2017-12-31": {
        "Diluted EPS": -1.01,
        "Total Revenue": NaN,
        "Gross Profit": NaN,
        "Operating Income": -7,
        "EBIT": -7,
        "Net Income": -7
    },
    "2017-09-30": {
        "Diluted EPS": -0.99,
        "Total Revenue": NaN,
        "Gross Profit": NaN,
        "Operating Income": -7,
        "EBIT": -7,
        "Net Income": -7
    },
    "2017-06-30": {
        "Diluted EPS": -0.49,
        "Total Revenue": NaN,
        "Gross Profit": NaN,
        "Operating Income": -4,
        "EBIT": -3,
        "Net Income": -3
    },
    "2017-03-31": {
        "Diluted EPS": -0.39,
        "Total Revenue": NaN,
        "Gross Profit": NaN,
        "Operating Income": -3,
        "EBIT": -3,
        "Net Income": -3
    },
    "2016-12-31": {
        "Diluted EPS": 3.37,
        "Total Revenue": NaN,
        "Gross Profit": NaN,
        "Operating Income": 22,
        "EBIT": 22,
        "Net Income": 22
    },
    "2016-09-30": {
        "Diluted EPS": -1.64,
        "Total Revenue": NaN,
        "Gross Profit": NaN,
        "Operating Income": -11,
        "EBIT": -11,
        "Net Income": -11
    },
    "2016-06-30": {
        "Diluted EPS": -1.32,
        "Total Revenue": NaN,
        "Gross Profit": NaN,
        "Operating Income": -9,
        "EBIT": -9,
        "Net Income": -9
    },
    "2016-03-31": {
        "Diluted EPS": -1.52,
        "Total Revenue": NaN,
        "Gross Profit": NaN,
        "Operating Income": -10,
        "EBIT": -10,
        "Net Income": -10
    },
    "2015-12-31": {
        "Diluted EPS": -3.52,
        "Total Revenue": NaN,
        "Gross Profit": NaN,
        "Operating Income": -8,
        "EBIT": -8,
        "Net Income": -8
    },
    "2015-09-30": {
        "Diluted EPS": -9.92,
        "Total Revenue": NaN,
        "Gross Profit": NaN,
        "Operating Income": -5,
        "EBIT": -5,
        "Net Income": -56
    },
    "2015-06-30": {
        "Diluted EPS": -0.6,
        "Total Revenue": NaN,
        "Gross Profit": NaN,
        "Operating Income": -4,
        "EBIT": -4,
        "Net Income": -2
    },
    "2015-03-31": {
        "Diluted EPS": -0.84,
        "Total Revenue": NaN,
        "Gross Profit": NaN,
        "Operating Income": -3,
        "EBIT": -3,
        "Net Income": -2
    },
    "2014-12-31": {
        "Diluted EPS": -12.84,
        "Total Revenue": NaN,
        "Gross Profit": NaN,
        "Operating Income": -2,
        "EBIT": -2,
        "Net Income": -2
    },
    "2014-09-30": {
        "Diluted EPS": -13.68,
        "Total Revenue": NaN,
        "Gross Profit": NaN,
        "Operating Income": -2,
        "EBIT": -2,
        "Net Income": -3
    },
    "2014-06-30": {
        "Diluted EPS": -15.24,
        "Total Revenue": NaN,
        "Gross Profit": NaN,
        "Operating Income": -2,
        "EBIT": -2,
        "Net Income": -4
    },
    "2014-03-31": {
        "Diluted EPS": -12.32,
        "Total Revenue": NaN,
        "Gross Profit": NaN,
        "Operating Income": -2,
        "EBIT": -2,
        "Net Income": -3
    },
    "2013-12-31": {
        "Diluted EPS": 0.0,
        "Total Revenue": NaN,
        "Gross Profit": NaN,
        "Operating Income": NaN,
        "EBIT": NaN,
        "Net Income": NaN
    },
    "2012-12-31": {
        "Diluted EPS": 0.0,
        "Total Revenue": NaN,
        "Gross Profit": NaN,
        "Operating Income": NaN,
        "EBIT": NaN,
        "Net Income": NaN
    },
    "2023-06-30": {
        "Tax Effect Of Unusual Items": 0.0,
        "Tax Rate For Calcs": 0.0,
        "Normalized EBITDA": -63502000.0,
        "Net Income From Continuing Operation Net Minority Interest": -65701000.0,
        "Reconciled Depreciation": 1731000.0,
        "EBITDA": -63502000.0,
        "EBIT": -65233000.0,
        "Net Interest Income": 3056000.0,
        "Interest Expense": 468000.0,
        "Interest Income": 3524000.0,
        "Normalized Income": -65701000.0,
        "Net Income From Continuing And Discontinued Operation": -65701000.0,
        "Total Expenses": 68757000.0,
        "Total Operating Income As Reported": -68757000.0,
        "Diluted Average Shares": 80472362.0,
        "Basic Average Shares": 80472362.0,
        "Diluted EPS": -0.82,
        "Basic EPS": -0.82,
        "Diluted NI Availto Com Stockholders": -65701000.0,
        "Net Income Common Stockholders": -65701000.0,
        "Net Income": -65701000.0,
        "Net Income Including Noncontrolling Interests": -65701000.0,
        "Net Income Continuous Operations": -65701000.0,
        "Pretax Income": -65701000.0,
        "Net Non Operating Interest Income Expense": 3056000.0,
        "Interest Expense Non Operating": 468000.0,
        "Interest Income Non Operating": 3524000.0,
        "Operating Income": -68757000.0,
        "Operating Expense": 68757000.0,
        "Research And Development": 51383000.0,
        "Selling General And Administration": 17374000.0,
        "General And Administrative Expense": 17374000.0,
        "Other Gand A": 17374000.0,
        "Total Revenue": 0.0,
        "Operating Revenue": 0.0
    },
    "2023-09-30": {
        "Tax Effect Of Unusual Items": 0.0,
        "Tax Rate For Calcs": 0.0,
        "Normalized EBITDA": -59671000.0,
        "Net Income From Continuing Operation Net Minority Interest": -61899000.0,
        "Reconciled Depreciation": 1759000.0,
        "EBITDA": -59671000.0,
        "EBIT": -61430000.0,
        "Net Interest Income": 3530000.0,
        "Interest Expense": 469000.0,
        "Interest Income": 3999000.0,
        "Normalized Income": -61899000.0,
        "Net Income From Continuing And Discontinued Operation": -61899000.0,
        "Total Expenses": 65429000.0,
        "Total Operating Income As Reported": -65429000.0,
        "Diluted Average Shares": 82636120.0,
        "Basic Average Shares": 82636120.0,
        "Diluted EPS": -0.75,
        "Basic EPS": -0.75,
        "Diluted NI Availto Com Stockholders": -61899000.0,
        "Net Income Common Stockholders": -61899000.0,
        "Net Income": -61899000.0,
        "Net Income Including Noncontrolling Interests": -61899000.0,
        "Net Income Continuous Operations": -61899000.0,
        "Pretax Income": -61899000.0,
        "Net Non Operating Interest Income Expense": 3530000.0,
        "Interest Expense Non Operating": 469000.0,
        "Interest Income Non Operating": 3999000.0,
        "Operating Income": -65429000.0,
        "Operating Expense": 65429000.0,
        "Research And Development": 46844000.0,
        "Selling General And Administration": 18585000.0,
        "General And Administrative Expense": 18585000.0,
        "Other Gand A": 18585000.0,
        "Total Revenue": 0.0,
        "Operating Revenue": 0.0
    },
    "2023-12-31": {
        "Tax Effect Of Unusual Items": 0.0,
        "Tax Rate For Calcs": 0.0,
        "Normalized EBITDA": -57255000.0,
        "Net Income From Continuing Operation Net Minority Interest": -59660000.0,
        "Reconciled Depreciation": 1935000.0,
        "EBITDA": -57255000.0,
        "EBIT": -59190000.0,
        "Net Interest Income": 3619000.0,
        "Interest Expense": 470000.0,
        "Interest Income": 4089000.0,
        "Normalized Income": -59660000.0,
        "Net Income From Continuing And Discontinued Operation": -59660000.0,
        "Total Expenses": 63279000.0,
        "Total Operating Income As Reported": -63279000.0,
        "Diluted Average Shares": NaN,
        "Basic Average Shares": NaN,
        "Diluted EPS": NaN,
        "Basic EPS": NaN,
        "Diluted NI Availto Com Stockholders": -59660000.0,
        "Net Income Common Stockholders": -59660000.0,
        "Net Income": -59660000.0,
        "Net Income Including Noncontrolling Interests": -59660000.0,
        "Net Income Continuous Operations": -59660000.0,
        "Pretax Income": -59660000.0,
        "Net Non Operating Interest Income Expense": 3619000.0,
        "Interest Expense Non Operating": 470000.0,
        "Interest Income Non Operating": 4089000.0,
        "Operating Income": -63279000.0,
        "Operating Expense": 63279000.0,
        "Research And Development": 41744000.0,
        "Selling General And Administration": 21535000.0,
        "General And Administrative Expense": 21535000.0,
        "Other Gand A": 21535000.0,
        "Total Revenue": 0.0,
        "Operating Revenue": 0.0
    }
}