{
    "2023-03-31": {
        "Tax Effect Of Unusual Items": NaN,
        "Tax Rate For Calcs": NaN,
        "Normalized EBITDA": NaN,
        "Total Unusual Items": 0.0,
        "Total Unusual Items Excluding Goodwill": 0.0,
        "Net Income From Continuing Operation Net Minority Interest": NaN,
        "Reconciled Depreciation": NaN,
        "EBITDA": NaN,
        "EBIT": NaN,
        "Net Interest Income": NaN,
        "Interest Expense": NaN,
        "Interest Income": NaN,
        "Normalized Income": NaN,
        "Net Income From Continuing And Discontinued Operation": NaN,
        "Total Expenses": NaN,
        "Total Operating Income As Reported": NaN,
        "Diluted Average Shares": NaN,
        "Basic Average Shares": NaN,
        "Diluted EPS": NaN,
        "Basic EPS": NaN,
        "Diluted NI Availto Com Stockholders": NaN,
        "Net Income Common Stockholders": NaN,
        "Net Income": NaN,
        "Net Income Including Noncontrolling Interests": NaN,
        "Net Income Continuous Operations": NaN,
        "Tax Provision": NaN,
        "Pretax Income": NaN,
        "Other Income Expense": NaN,
        "Special Income Charges": 0.0,
        "Impairment Of Capital Assets": 0.0,
        "Net Non Operating Interest Income Expense": NaN,
        "Interest Expense Non Operating": NaN,
        "Interest Income Non Operating": NaN,
        "Operating Income": NaN,
        "Operating Expense": NaN,
        "Research And Development": NaN,
        "Selling General And Administration": NaN,
        "General And Administrative Expense": NaN,
        "Other Gand A": NaN,
        "Total Revenue": NaN,
        "Operating Revenue": NaN
    },
    "2022-12-31": {
        "Tax Effect Of Unusual Items": 0.0,
        "Tax Rate For Calcs": 5.9e-05,
        "Normalized EBITDA": -65419000.0,
        "Net Income From Continuing Operation Net Minority Interest": -67456000.0,
        "Reconciled Depreciation": 1478000.0,
        "EBITDA": -65419000.0,
        "EBIT": -66897000.0,
        "Net Interest Income": 6981000.0,
        "Interest Expense": 563000.0,
        "Interest Income": 7544000.0,
        "Normalized Income": -67456000.0,
        "Net Income From Continuing And Discontinued Operation": -67456000.0,
        "Total Expenses": 108096000.0,
        "Total Operating Income As Reported": -74441000.0,
        "Diluted Average Shares": 72600000.0,
        "Basic Average Shares": 72600000.0,
        "Diluted EPS": -0.93,
        "Basic EPS": -0.93,
        "Diluted NI Availto Com Stockholders": -67456000.0,
        "Net Income Common Stockholders": -67456000.0,
        "Net Income": -67456000.0,
        "Net Income Including Noncontrolling Interests": -67456000.0,
        "Net Income Continuous Operations": -67456000.0,
        "Tax Provision": -4000.0,
        "Pretax Income": -67460000.0,
        "Net Non Operating Interest Income Expense": 6981000.0,
        "Interest Expense Non Operating": 563000.0,
        "Interest Income Non Operating": 7544000.0,
        "Operating Income": -74441000.0,
        "Operating Expense": 108096000.0,
        "Research And Development": 80200000.0,
        "Selling General And Administration": 27896000.0,
        "General And Administrative Expense": 27896000.0,
        "Other Gand A": 27896000.0,
        "Total Revenue": 33655000.0,
        "Operating Revenue": 33655000.0
    },
    "2022-09-30": {
        "Tax Effect Of Unusual Items": 0.0,
        "Tax Rate For Calcs": 0.0,
        "Normalized EBITDA": -62824000.0,
        "Net Income From Continuing Operation Net Minority Interest": -64919000.0,
        "Reconciled Depreciation": 1560000.0,
        "EBITDA": -62824000.0,
        "EBIT": -64384000.0,
        "Net Interest Income": 4478000.0,
        "Interest Expense": 535000.0,
        "Interest Income": 5013000.0,
        "Normalized Income": -64919000.0,
        "Net Income From Continuing And Discontinued Operation": -64919000.0,
        "Total Expenses": 102978000.0,
        "Total Operating Income As Reported": -69397000.0,
        "Diluted Average Shares": 72200000.0,
        "Basic Average Shares": 72200000.0,
        "Diluted EPS": -0.9,
        "Basic EPS": -0.9,
        "Diluted NI Availto Com Stockholders": -64919000.0,
        "Net Income Common Stockholders": -64919000.0,
        "Net Income": -64919000.0,
        "Net Income Including Noncontrolling Interests": -64919000.0,
        "Net Income Continuous Operations": -64919000.0,
        "Tax Provision": 0.0,
        "Pretax Income": -64919000.0,
        "Net Non Operating Interest Income Expense": 4478000.0,
        "Interest Expense Non Operating": 535000.0,
        "Interest Income Non Operating": 5013000.0,
        "Operating Income": -69397000.0,
        "Operating Expense": 102978000.0,
        "Research And Development": 76684000.0,
        "Selling General And Administration": 26294000.0,
        "General And Administrative Expense": 26294000.0,
        "Other Gand A": 26294000.0,
        "Total Revenue": 33581000.0,
        "Operating Revenue": 33581000.0
    },
    "2022-06-30": {
        "Tax Effect Of Unusual Items": 0.0,
        "Tax Rate For Calcs": 0.0,
        "Normalized EBITDA": -64616000.0,
        "Net Income From Continuing Operation Net Minority Interest": -66632000.0,
        "Reconciled Depreciation": 1505000.0,
        "EBITDA": -64616000.0,
        "EBIT": -66121000.0,
        "Net Interest Income": 2350000.0,
        "Interest Expense": 511000.0,
        "Interest Income": 2861000.0,
        "Normalized Income": -66632000.0,
        "Net Income From Continuing And Discontinued Operation": -66632000.0,
        "Total Expenses": 95741000.0,
        "Total Operating Income As Reported": -68982000.0,
        "Diluted Average Shares": 71800000.0,
        "Basic Average Shares": 71800000.0,
        "Diluted EPS": -0.93,
        "Basic EPS": -0.93,
        "Diluted NI Availto Com Stockholders": -66632000.0,
        "Net Income Common Stockholders": -66632000.0,
        "Net Income": -66632000.0,
        "Net Income Including Noncontrolling Interests": -66632000.0,
        "Net Income Continuous Operations": -66632000.0,
        "Tax Provision": 0.0,
        "Pretax Income": -66632000.0,
        "Net Non Operating Interest Income Expense": 2350000.0,
        "Interest Expense Non Operating": 511000.0,
        "Interest Income Non Operating": 2861000.0,
        "Operating Income": -68982000.0,
        "Operating Expense": 95741000.0,
        "Research And Development": 69905000.0,
        "Selling General And Administration": 25836000.0,
        "General And Administrative Expense": 25836000.0,
        "Other Gand A": 25836000.0,
        "Total Revenue": 26759000.0,
        "Operating Revenue": 26759000.0
    },
    "2022-03-31": {
        "Diluted EPS": -0.96,
        "Total Revenue": 18,
        "Gross Profit": 18,
        "Operating Income": -67,
        "EBIT": -64,
        "Net Income": -68
    },
    "2021-12-31": {
        "Diluted EPS": 3.99,
        "Total Revenue": 355,
        "Gross Profit": 355,
        "Operating Income": 281,
        "EBIT": 285,
        "Net Income": 280
    },
    "2021-09-30": {
        "Diluted EPS": -1.11,
        "Total Revenue": 9,
        "Gross Profit": 9,
        "Operating Income": -78,
        "EBIT": -76,
        "Net Income": -78
    },
    "2021-06-30": {
        "Diluted EPS": -1.09,
        "Total Revenue": 9,
        "Gross Profit": 9,
        "Operating Income": -76,
        "EBIT": -74,
        "Net Income": -76
    },
    "2021-03-31": {
        "Diluted EPS": -1.08,
        "Total Revenue": 9,
        "Gross Profit": 9,
        "Operating Income": -73,
        "EBIT": -71,
        "Net Income": -73
    },
    "2020-12-31": {
        "Diluted EPS": -0.71,
        "Total Revenue": 10,
        "Gross Profit": 10,
        "Operating Income": -52,
        "EBIT": -51,
        "Net Income": -52
    },
    "2020-09-30": {
        "Diluted EPS": 0.03,
        "Total Revenue": 65,
        "Gross Profit": 65,
        "Operating Income": 2,
        "EBIT": 3,
        "Net Income": 2
    },
    "2020-06-30": {
        "Diluted EPS": -0.93,
        "Total Revenue": 2,
        "Gross Profit": 2,
        "Operating Income": -45,
        "EBIT": -45,
        "Net Income": -45
    },
    "2020-03-31": {
        "Diluted EPS": -0.63,
        "Total Revenue": 2,
        "Gross Profit": 2,
        "Operating Income": -28,
        "EBIT": -28,
        "Net Income": -28
    },
    "2019-12-31": {
        "Diluted EPS": -0.37,
        "Total Revenue": 10,
        "Gross Profit": 10,
        "Operating Income": -18,
        "EBIT": -17,
        "Net Income": -17
    },
    "2019-09-30": {
        "Diluted EPS": -0.51,
        "Total Revenue": 2,
        "Gross Profit": 2,
        "Operating Income": -23,
        "EBIT": -23,
        "Net Income": -22
    },
    "2019-06-30": {
        "Diluted EPS": -0.64,
        "Total Revenue": 2,
        "Gross Profit": 2,
        "Operating Income": -29,
        "EBIT": -29,
        "Net Income": -28
    },
    "2019-03-31": {
        "Diluted EPS": -0.41,
        "Total Revenue": 2,
        "Gross Profit": 2,
        "Operating Income": -19,
        "EBIT": -19,
        "Net Income": -18
    },
    "2018-12-31": {
        "Diluted EPS": 0.51,
        "Total Revenue": 2,
        "Gross Profit": 2,
        "Operating Income": -13,
        "EBIT": -13,
        "Net Income": -12
    },
    "2018-09-30": {
        "Diluted EPS": -0.25,
        "Total Revenue": 4,
        "Gross Profit": 4,
        "Operating Income": -12,
        "EBIT": -12,
        "Net Income": -11
    },
    "2018-06-30": {
        "Diluted EPS": -0.32,
        "Total Revenue": 1,
        "Gross Profit": 1,
        "Operating Income": -16,
        "EBIT": -15,
        "Net Income": -14
    },
    "2018-03-31": {
        "Diluted EPS": -1.37,
        "Total Revenue": 1,
        "Gross Profit": 1,
        "Operating Income": -13,
        "EBIT": -13,
        "Net Income": -13
    },
    "2017-12-31": {
        "Diluted EPS": -6.57,
        "Total Revenue": 1,
        "Gross Profit": 1,
        "Operating Income": -13,
        "EBIT": -13,
        "Net Income": -13
    },
    "2017-09-30": {
        "Diluted EPS": -11.86,
        "Total Revenue": 0,
        "Gross Profit": 0,
        "Operating Income": -23,
        "EBIT": -22,
        "Net Income": -23
    },
    "2017-06-30": {
        "Diluted EPS": -5.64,
        "Total Revenue": NaN,
        "Gross Profit": NaN,
        "Operating Income": -10,
        "EBIT": -9,
        "Net Income": -10
    },
    "2017-03-31": {
        "Diluted EPS": -4.96,
        "Total Revenue": NaN,
        "Gross Profit": NaN,
        "Operating Income": -7,
        "EBIT": -7,
        "Net Income": -7
    },
    "2016-12-31": {
        "Diluted EPS": 0.0,
        "Total Revenue": NaN,
        "Gross Profit": NaN,
        "Operating Income": NaN,
        "EBIT": NaN,
        "Net Income": NaN
    },
    "2023-06-30": {
        "Tax Effect Of Unusual Items": 0.0,
        "Tax Rate For Calcs": 0.21,
        "Normalized EBITDA": -72000000.0,
        "Total Unusual Items": 0.0,
        "Total Unusual Items Excluding Goodwill": 0.0,
        "Net Income From Continuing Operation Net Minority Interest": -75000000.0,
        "Reconciled Depreciation": 2000000.0,
        "EBITDA": -72000000.0,
        "EBIT": -74000000.0,
        "Net Interest Income": 9000000.0,
        "Interest Expense": 0.0,
        "Interest Income": 9000000.0,
        "Normalized Income": -75000000.0,
        "Net Income From Continuing And Discontinued Operation": -75000000.0,
        "Total Expenses": 112000000.0,
        "Total Operating Income As Reported": -83000000.0,
        "Diluted Average Shares": 73200000.0,
        "Basic Average Shares": 73200000.0,
        "Diluted EPS": -1.04,
        "Basic EPS": -1.04,
        "Diluted NI Availto Com Stockholders": -75000000.0,
        "Net Income Common Stockholders": -75000000.0,
        "Net Income": -75000000.0,
        "Net Income Including Noncontrolling Interests": -75000000.0,
        "Net Income Continuous Operations": -75000000.0,
        "Tax Provision": 1000000.0,
        "Pretax Income": -74000000.0,
        "Other Income Expense": NaN,
        "Special Income Charges": 0.0,
        "Impairment Of Capital Assets": 0.0,
        "Net Non Operating Interest Income Expense": 9000000.0,
        "Interest Expense Non Operating": 0.0,
        "Interest Income Non Operating": 9000000.0,
        "Operating Income": -83000000.0,
        "Operating Expense": 112000000.0,
        "Research And Development": 84000000.0,
        "Selling General And Administration": 28000000.0,
        "General And Administrative Expense": 28000000.0,
        "Other Gand A": 28000000.0,
        "Total Revenue": 29000000.0,
        "Operating Revenue": 29000000.0
    },
    "2023-09-30": {
        "Tax Effect Of Unusual Items": 0.0,
        "Tax Rate For Calcs": 0.21,
        "Normalized EBITDA": -67000000.0,
        "Total Unusual Items": NaN,
        "Total Unusual Items Excluding Goodwill": NaN,
        "Net Income From Continuing Operation Net Minority Interest": -71000000.0,
        "Reconciled Depreciation": 1000000.0,
        "EBITDA": -67000000.0,
        "EBIT": -68000000.0,
        "Net Interest Income": 11000000.0,
        "Interest Expense": 1000000.0,
        "Interest Income": 12000000.0,
        "Normalized Income": -71000000.0,
        "Net Income From Continuing And Discontinued Operation": -71000000.0,
        "Total Expenses": 112000000.0,
        "Total Operating Income As Reported": -80000000.0,
        "Diluted Average Shares": 74600000.0,
        "Basic Average Shares": 74600000.0,
        "Diluted EPS": -0.94,
        "Basic EPS": -0.94,
        "Diluted NI Availto Com Stockholders": -71000000.0,
        "Net Income Common Stockholders": -71000000.0,
        "Net Income": -71000000.0,
        "Net Income Including Noncontrolling Interests": -71000000.0,
        "Net Income Continuous Operations": -71000000.0,
        "Tax Provision": 2000000.0,
        "Pretax Income": -69000000.0,
        "Other Income Expense": NaN,
        "Special Income Charges": NaN,
        "Impairment Of Capital Assets": NaN,
        "Net Non Operating Interest Income Expense": 11000000.0,
        "Interest Expense Non Operating": 1000000.0,
        "Interest Income Non Operating": 12000000.0,
        "Operating Income": -80000000.0,
        "Operating Expense": 112000000.0,
        "Research And Development": 82000000.0,
        "Selling General And Administration": 30000000.0,
        "General And Administrative Expense": 30000000.0,
        "Other Gand A": 30000000.0,
        "Total Revenue": 32000000.0,
        "Operating Revenue": 32000000.0
    },
    "2023-12-31": {
        "Tax Effect Of Unusual Items": 0.0,
        "Tax Rate For Calcs": 0.21,
        "Normalized EBITDA": -77000000.0,
        "Total Unusual Items": NaN,
        "Total Unusual Items Excluding Goodwill": NaN,
        "Net Income From Continuing Operation Net Minority Interest": -81000000.0,
        "Reconciled Depreciation": 3000000.0,
        "EBITDA": -77000000.0,
        "EBIT": -80000000.0,
        "Net Interest Income": 11000000.0,
        "Interest Expense": 0.0,
        "Interest Income": 11000000.0,
        "Normalized Income": -81000000.0,
        "Net Income From Continuing And Discontinued Operation": -81000000.0,
        "Total Expenses": 122000000.0,
        "Total Operating Income As Reported": -91000000.0,
        "Diluted Average Shares": 75000000.0,
        "Basic Average Shares": 75000000.0,
        "Diluted EPS": -1.08,
        "Basic EPS": -1.08,
        "Diluted NI Availto Com Stockholders": -81000000.0,
        "Net Income Common Stockholders": -81000000.0,
        "Net Income": -81000000.0,
        "Net Income Including Noncontrolling Interests": -81000000.0,
        "Net Income Continuous Operations": -81000000.0,
        "Tax Provision": 1000000.0,
        "Pretax Income": -80000000.0,
        "Other Income Expense": NaN,
        "Special Income Charges": NaN,
        "Impairment Of Capital Assets": NaN,
        "Net Non Operating Interest Income Expense": 11000000.0,
        "Interest Expense Non Operating": 0.0,
        "Interest Income Non Operating": 11000000.0,
        "Operating Income": -91000000.0,
        "Operating Expense": 122000000.0,
        "Research And Development": 93000000.0,
        "Selling General And Administration": 29000000.0,
        "General And Administrative Expense": 29000000.0,
        "Other Gand A": 29000000.0,
        "Total Revenue": 31000000.0,
        "Operating Revenue": 31000000.0
    },
    "2024-03-31": {
        "Tax Effect Of Unusual Items": 0.0,
        "Tax Rate For Calcs": 0.0,
        "Normalized EBITDA": 20000000.0,
        "Total Unusual Items": -20000000.0,
        "Total Unusual Items Excluding Goodwill": -20000000.0,
        "Net Income From Continuing Operation Net Minority Interest": -4000000.0,
        "Reconciled Depreciation": 3000000.0,
        "EBITDA": 0.0,
        "EBIT": -3000000.0,
        "Net Interest Income": 12000000.0,
        "Interest Expense": 1000000.0,
        "Interest Income": 13000000.0,
        "Normalized Income": 16000000.0,
        "Net Income From Continuing And Discontinued Operation": -4000000.0,
        "Total Expenses": 141000000.0,
        "Total Operating Income As Reported": -16000000.0,
        "Diluted Average Shares": 86200000.0,
        "Basic Average Shares": 86200000.0,
        "Diluted EPS": -0.05,
        "Basic EPS": -0.05,
        "Diluted NI Availto Com Stockholders": -4000000.0,
        "Net Income Common Stockholders": -4000000.0,
        "Net Income": -4000000.0,
        "Net Income Including Noncontrolling Interests": -4000000.0,
        "Net Income Continuous Operations": -4000000.0,
        "Tax Provision": 0.0,
        "Pretax Income": -4000000.0,
        "Other Income Expense": -20000000.0,
        "Special Income Charges": -20000000.0,
        "Impairment Of Capital Assets": 20000000.0,
        "Net Non Operating Interest Income Expense": 12000000.0,
        "Interest Expense Non Operating": 1000000.0,
        "Interest Income Non Operating": 13000000.0,
        "Operating Income": 4000000.0,
        "Operating Expense": 141000000.0,
        "Research And Development": 109000000.0,
        "Selling General And Administration": 32000000.0,
        "General And Administrative Expense": 32000000.0,
        "Other Gand A": 32000000.0,
        "Total Revenue": 145000000.0,
        "Operating Revenue": 145000000.0
    },
    "2024-06-30": {
        "Tax Effect Of Unusual Items": 0.0,
        "Tax Rate For Calcs": 0.0,
        "Normalized EBITDA": -91000000.0,
        "Total Unusual Items": 0.0,
        "Total Unusual Items Excluding Goodwill": 0.0,
        "Net Income From Continuing Operation Net Minority Interest": -93000000.0,
        "Reconciled Depreciation": 2000000.0,
        "EBITDA": -91000000.0,
        "EBIT": -93000000.0,
        "Net Interest Income": 13000000.0,
        "Interest Expense": 0.0,
        "Interest Income": 13000000.0,
        "Normalized Income": -93000000.0,
        "Net Income From Continuing And Discontinued Operation": -93000000.0,
        "Total Expenses": 145000000.0,
        "Total Operating Income As Reported": -106000000.0,
        "Diluted Average Shares": 91100000.0,
        "Basic Average Shares": 91100000.0,
        "Diluted EPS": -1.02,
        "Basic EPS": -1.02,
        "Diluted NI Availto Com Stockholders": -93000000.0,
        "Net Income Common Stockholders": -93000000.0,
        "Net Income": -93000000.0,
        "Net Income Including Noncontrolling Interests": -93000000.0,
        "Net Income Continuous Operations": -93000000.0,
        "Tax Provision": 0.0,
        "Pretax Income": -93000000.0,
        "Other Income Expense": NaN,
        "Special Income Charges": 0.0,
        "Impairment Of Capital Assets": 0.0,
        "Net Non Operating Interest Income Expense": 13000000.0,
        "Interest Expense Non Operating": 0.0,
        "Interest Income Non Operating": 13000000.0,
        "Operating Income": -106000000.0,
        "Operating Expense": 145000000.0,
        "Research And Development": 115000000.0,
        "Selling General And Administration": 30000000.0,
        "General And Administrative Expense": 30000000.0,
        "Other Gand A": 30000000.0,
        "Total Revenue": 39000000.0,
        "Operating Revenue": 39000000.0
    }
}