{
    "2023-03-31": {
        "Tax Effect Of Unusual Items": NaN,
        "Tax Rate For Calcs": NaN,
        "Normalized EBITDA": NaN,
        "Net Income From Continuing Operation Net Minority Interest": NaN,
        "Reconciled Cost Of Revenue": NaN,
        "EBITDA": NaN,
        "EBIT": NaN,
        "Net Interest Income": NaN,
        "Interest Income": NaN,
        "Normalized Income": NaN,
        "Net Income From Continuing And Discontinued Operation": NaN,
        "Total Expenses": NaN,
        "Total Operating Income As Reported": NaN,
        "Diluted Average Shares": NaN,
        "Basic Average Shares": NaN,
        "Diluted EPS": NaN,
        "Basic EPS": NaN,
        "Diluted NI Availto Com Stockholders": NaN,
        "Net Income Common Stockholders": NaN,
        "Net Income": NaN,
        "Net Income Including Noncontrolling Interests": NaN,
        "Net Income Continuous Operations": NaN,
        "Tax Provision": NaN,
        "Pretax Income": NaN,
        "Net Non Operating Interest Income Expense": NaN,
        "Total Other Finance Cost": -1026000.0,
        "Interest Income Non Operating": NaN,
        "Operating Income": NaN,
        "Operating Expense": NaN,
        "Research And Development": NaN,
        "Selling General And Administration": NaN,
        "Selling And Marketing Expense": NaN,
        "General And Administrative Expense": NaN,
        "Other Gand A": NaN,
        "Gross Profit": NaN,
        "Cost Of Revenue": NaN,
        "Total Revenue": NaN,
        "Operating Revenue": NaN
    },
    "2022-12-31": {
        "Tax Effect Of Unusual Items": NaN,
        "Tax Rate For Calcs": NaN,
        "Normalized EBITDA": NaN,
        "Net Income From Continuing Operation Net Minority Interest": NaN,
        "Reconciled Cost Of Revenue": NaN,
        "EBITDA": NaN,
        "EBIT": NaN,
        "Net Interest Income": NaN,
        "Interest Income": NaN,
        "Normalized Income": NaN,
        "Net Income From Continuing And Discontinued Operation": NaN,
        "Total Expenses": NaN,
        "Total Operating Income As Reported": NaN,
        "Diluted Average Shares": NaN,
        "Basic Average Shares": NaN,
        "Diluted EPS": NaN,
        "Basic EPS": NaN,
        "Diluted NI Availto Com Stockholders": NaN,
        "Net Income Common Stockholders": NaN,
        "Net Income": NaN,
        "Net Income Including Noncontrolling Interests": NaN,
        "Net Income Continuous Operations": NaN,
        "Tax Provision": NaN,
        "Pretax Income": NaN,
        "Net Non Operating Interest Income Expense": NaN,
        "Total Other Finance Cost": 1281000.0,
        "Interest Income Non Operating": NaN,
        "Operating Income": NaN,
        "Operating Expense": NaN,
        "Research And Development": NaN,
        "Selling General And Administration": NaN,
        "Selling And Marketing Expense": NaN,
        "General And Administrative Expense": NaN,
        "Other Gand A": NaN,
        "Gross Profit": NaN,
        "Cost Of Revenue": NaN,
        "Total Revenue": NaN,
        "Operating Revenue": NaN
    },
    "2022-09-30": {
        "Tax Effect Of Unusual Items": NaN,
        "Tax Rate For Calcs": NaN,
        "Normalized EBITDA": NaN,
        "Net Income From Continuing Operation Net Minority Interest": NaN,
        "Reconciled Cost Of Revenue": NaN,
        "EBITDA": NaN,
        "EBIT": NaN,
        "Net Interest Income": NaN,
        "Interest Income": NaN,
        "Normalized Income": NaN,
        "Net Income From Continuing And Discontinued Operation": NaN,
        "Total Expenses": NaN,
        "Total Operating Income As Reported": NaN,
        "Diluted Average Shares": NaN,
        "Basic Average Shares": NaN,
        "Diluted EPS": NaN,
        "Basic EPS": NaN,
        "Diluted NI Availto Com Stockholders": NaN,
        "Net Income Common Stockholders": NaN,
        "Net Income": NaN,
        "Net Income Including Noncontrolling Interests": NaN,
        "Net Income Continuous Operations": NaN,
        "Tax Provision": NaN,
        "Pretax Income": NaN,
        "Net Non Operating Interest Income Expense": NaN,
        "Total Other Finance Cost": -448000.0,
        "Interest Income Non Operating": NaN,
        "Operating Income": NaN,
        "Operating Expense": NaN,
        "Research And Development": NaN,
        "Selling General And Administration": NaN,
        "Selling And Marketing Expense": NaN,
        "General And Administrative Expense": NaN,
        "Other Gand A": NaN,
        "Gross Profit": NaN,
        "Cost Of Revenue": NaN,
        "Total Revenue": NaN,
        "Operating Revenue": NaN
    },
    "2022-06-30": {
        "Tax Effect Of Unusual Items": 0.0,
        "Tax Rate For Calcs": 0.4,
        "Normalized EBITDA": -1089000.0,
        "Net Income From Continuing Operation Net Minority Interest": -1250000.0,
        "Reconciled Cost Of Revenue": 3178000.0,
        "EBITDA": -1089000.0,
        "EBIT": -1089000.0,
        "Net Interest Income": -130000.0,
        "Normalized Income": -1250000.0,
        "Net Income From Continuing And Discontinued Operation": -1250000.0,
        "Total Expenses": 12216000.0,
        "Total Operating Income As Reported": -1089000.0,
        "Diluted Average Shares": 14462749.0,
        "Basic Average Shares": 14462749.0,
        "Diluted EPS": -0.09,
        "Basic EPS": -0.09,
        "Diluted NI Availto Com Stockholders": -1250000.0,
        "Net Income Common Stockholders": -1250000.0,
        "Net Income": -1250000.0,
        "Net Income Including Noncontrolling Interests": -1250000.0,
        "Net Income Continuous Operations": -1250000.0,
        "Tax Provision": 31000.0,
        "Pretax Income": -1219000.0,
        "Net Non Operating Interest Income Expense": -130000.0,
        "Total Other Finance Cost": 130000.0,
        "Operating Income": -1089000.0,
        "Operating Expense": 9038000.0,
        "Research And Development": 5152000.0,
        "Selling General And Administration": 3886000.0,
        "Selling And Marketing Expense": 2879000.0,
        "General And Administrative Expense": 1007000.0,
        "Other Gand A": 1007000.0,
        "Gross Profit": 7949000.0,
        "Cost Of Revenue": 3178000.0,
        "Total Revenue": 11127000.0,
        "Operating Revenue": 11127000.0
    },
    "2023-06-30": {
        "Tax Effect Of Unusual Items": 0.0,
        "Tax Rate For Calcs": 0.040541,
        "Normalized EBITDA": -446000.0,
        "Net Income From Continuing Operation Net Minority Interest": 781000.0,
        "Reconciled Cost Of Revenue": 3480000.0,
        "EBITDA": -446000.0,
        "EBIT": -446000.0,
        "Net Interest Income": 1260000.0,
        "Interest Income": 1260000.0,
        "Normalized Income": 781000.0,
        "Net Income From Continuing And Discontinued Operation": 781000.0,
        "Total Expenses": 12818000.0,
        "Total Operating Income As Reported": -446000.0,
        "Diluted Average Shares": NaN,
        "Basic Average Shares": NaN,
        "Diluted EPS": NaN,
        "Basic EPS": NaN,
        "Diluted NI Availto Com Stockholders": 781000.0,
        "Net Income Common Stockholders": 781000.0,
        "Net Income": 781000.0,
        "Net Income Including Noncontrolling Interests": 781000.0,
        "Net Income Continuous Operations": 781000.0,
        "Tax Provision": 33000.0,
        "Pretax Income": 814000.0,
        "Net Non Operating Interest Income Expense": 1260000.0,
        "Total Other Finance Cost": -1260000.0,
        "Interest Income Non Operating": 1260000.0,
        "Operating Income": -446000.0,
        "Operating Expense": 9338000.0,
        "Research And Development": 4772000.0,
        "Selling General And Administration": 4566000.0,
        "Selling And Marketing Expense": 3351000.0,
        "General And Administrative Expense": 1215000.0,
        "Other Gand A": 1215000.0,
        "Gross Profit": 8892000.0,
        "Cost Of Revenue": 3480000.0,
        "Total Revenue": 12372000.0,
        "Operating Revenue": 12372000.0
    },
    "2022-03-31": {
        "Diluted EPS": -0.04,
        "Total Revenue": 11,
        "Gross Profit": 8,
        "Operating Income": -1,
        "EBIT": -1,
        "Net Income": -1
    },
    "2021-12-31": {
        "Diluted EPS": -0.09,
        "Total Revenue": 11,
        "Gross Profit": 8,
        "Operating Income": -1,
        "EBIT": -1,
        "Net Income": -1
    },
    "2021-09-30": {
        "Diluted EPS": -0.08,
        "Total Revenue": 10,
        "Gross Profit": 7,
        "Operating Income": -1,
        "EBIT": -1,
        "Net Income": -1
    },
    "2021-06-30": {
        "Diluted EPS": -0.08,
        "Total Revenue": 10,
        "Gross Profit": 7,
        "Operating Income": -1,
        "EBIT": -1,
        "Net Income": -1
    },
    "2021-03-31": {
        "Diluted EPS": -0.12,
        "Total Revenue": 9,
        "Gross Profit": 7,
        "Operating Income": -2,
        "EBIT": -2,
        "Net Income": -2
    },
    "2020-12-31": {
        "Diluted EPS": -0.04,
        "Total Revenue": 10,
        "Gross Profit": 7,
        "Operating Income": -1,
        "EBIT": -1,
        "Net Income": 0
    },
    "2020-09-30": {
        "Diluted EPS": -0.03,
        "Total Revenue": 10,
        "Gross Profit": 7,
        "Operating Income": 0,
        "EBIT": 0,
        "Net Income": 0
    },
    "2020-06-30": {
        "Diluted EPS": -0.01,
        "Total Revenue": 9,
        "Gross Profit": 7,
        "Operating Income": 0,
        "EBIT": 0,
        "Net Income": 0
    },
    "2020-03-31": {
        "Diluted EPS": -0.21,
        "Total Revenue": 8,
        "Gross Profit": 5,
        "Operating Income": -3,
        "EBIT": -3,
        "Net Income": -3
    },
    "2019-12-31": {
        "Diluted EPS": -0.08,
        "Total Revenue": 9,
        "Gross Profit": 6,
        "Operating Income": -2,
        "EBIT": -2,
        "Net Income": -1
    },
    "2019-09-30": {
        "Diluted EPS": -0.12,
        "Total Revenue": 9,
        "Gross Profit": 6,
        "Operating Income": -2,
        "EBIT": -2,
        "Net Income": -2
    },
    "2019-06-30": {
        "Diluted EPS": -0.07,
        "Total Revenue": 9,
        "Gross Profit": 6,
        "Operating Income": -1,
        "EBIT": -1,
        "Net Income": -1
    },
    "2019-03-31": {
        "Diluted EPS": -0.23,
        "Total Revenue": 6,
        "Gross Profit": 4,
        "Operating Income": -3,
        "EBIT": -3,
        "Net Income": -3
    },
    "2018-12-31": {
        "Diluted EPS": -0.3,
        "Total Revenue": 4,
        "Gross Profit": 3,
        "Operating Income": -5,
        "EBIT": -5,
        "Net Income": -4
    },
    "2018-09-30": {
        "Diluted EPS": 0.05,
        "Total Revenue": 9,
        "Gross Profit": 7,
        "Operating Income": 0,
        "EBIT": 0,
        "Net Income": 1
    },
    "2018-06-30": {
        "Diluted EPS": 0.05,
        "Total Revenue": 11,
        "Gross Profit": 8,
        "Operating Income": 1,
        "EBIT": 1,
        "Net Income": 1
    },
    "2018-03-31": {
        "Diluted EPS": 0.02,
        "Total Revenue": 11,
        "Gross Profit": 8,
        "Operating Income": 0,
        "EBIT": 0,
        "Net Income": 0
    },
    "2017-12-31": {
        "Diluted EPS": 0.18,
        "Total Revenue": 11,
        "Gross Profit": 8,
        "Operating Income": 2,
        "EBIT": 2,
        "Net Income": 2
    },
    "2017-09-30": {
        "Diluted EPS": 0.1,
        "Total Revenue": 10,
        "Gross Profit": 6,
        "Operating Income": 1,
        "EBIT": 1,
        "Net Income": 1
    },
    "2017-06-30": {
        "Diluted EPS": -0.02,
        "Total Revenue": 9,
        "Gross Profit": 6,
        "Operating Income": 0,
        "EBIT": 0,
        "Net Income": 0
    },
    "2017-03-31": {
        "Diluted EPS": -0.03,
        "Total Revenue": 8,
        "Gross Profit": 6,
        "Operating Income": 0,
        "EBIT": 0,
        "Net Income": 0
    },
    "2016-12-31": {
        "Diluted EPS": -0.09,
        "Total Revenue": 8,
        "Gross Profit": 5,
        "Operating Income": -1,
        "EBIT": -1,
        "Net Income": -1
    },
    "2016-09-30": {
        "Diluted EPS": 0.0,
        "Total Revenue": 8,
        "Gross Profit": 5,
        "Operating Income": 0,
        "EBIT": 0,
        "Net Income": 0
    },
    "2016-06-30": {
        "Diluted EPS": 0.17,
        "Total Revenue": 7,
        "Gross Profit": 5,
        "Operating Income": 1,
        "EBIT": 1,
        "Net Income": 2
    },
    "2016-03-31": {
        "Diluted EPS": 0.1,
        "Total Revenue": 7,
        "Gross Profit": 5,
        "Operating Income": 1,
        "EBIT": 1,
        "Net Income": 1
    },
    "2015-12-31": {
        "Diluted EPS": -0.25,
        "Total Revenue": 3,
        "Gross Profit": 2,
        "Operating Income": -2,
        "EBIT": -2,
        "Net Income": -2
    },
    "2015-09-30": {
        "Diluted EPS": 0.06,
        "Total Revenue": 5,
        "Gross Profit": 4,
        "Operating Income": 1,
        "EBIT": 1,
        "Net Income": 1
    },
    "2015-06-30": {
        "Diluted EPS": 0.02,
        "Total Revenue": 5,
        "Gross Profit": 4,
        "Operating Income": 0,
        "EBIT": 0,
        "Net Income": 0
    },
    "2015-03-31": {
        "Diluted EPS": 0.05,
        "Total Revenue": 6,
        "Gross Profit": 5,
        "Operating Income": 1,
        "EBIT": 1,
        "Net Income": 0
    },
    "2014-12-31": {
        "Diluted EPS": -0.04,
        "Total Revenue": 7,
        "Gross Profit": 4,
        "Operating Income": 0,
        "EBIT": 0,
        "Net Income": 0
    },
    "2014-09-30": {
        "Diluted EPS": 0.09,
        "Total Revenue": 6,
        "Gross Profit": 4,
        "Operating Income": 1,
        "EBIT": 1,
        "Net Income": 1
    },
    "2014-06-30": {
        "Diluted EPS": 0.02,
        "Total Revenue": 5,
        "Gross Profit": 4,
        "Operating Income": 0,
        "EBIT": 0,
        "Net Income": 0
    },
    "2014-03-31": {
        "Diluted EPS": 0.01,
        "Total Revenue": 5,
        "Gross Profit": 4,
        "Operating Income": 0,
        "EBIT": 0,
        "Net Income": 0
    },
    "2013-12-31": {
        "Diluted EPS": 0.01,
        "Total Revenue": 6,
        "Gross Profit": 3,
        "Operating Income": 0,
        "EBIT": 0,
        "Net Income": 0
    },
    "2013-09-30": {
        "Diluted EPS": -0.15,
        "Total Revenue": 5,
        "Gross Profit": 2,
        "Operating Income": -1,
        "EBIT": -1,
        "Net Income": -1
    },
    "2013-06-30": {
        "Diluted EPS": 0.03,
        "Total Revenue": 5,
        "Gross Profit": 4,
        "Operating Income": 0,
        "EBIT": 0,
        "Net Income": 0
    },
    "2013-03-31": {
        "Diluted EPS": -0.09,
        "Total Revenue": 5,
        "Gross Profit": 3,
        "Operating Income": 0,
        "EBIT": 0,
        "Net Income": -1
    },
    "2012-12-31": {
        "Diluted EPS": -0.05,
        "Total Revenue": 5,
        "Gross Profit": 4,
        "Operating Income": 0,
        "EBIT": 0,
        "Net Income": 0
    },
    "2012-09-30": {
        "Diluted EPS": -0.28,
        "Total Revenue": 3,
        "Gross Profit": 2,
        "Operating Income": -2,
        "EBIT": -2,
        "Net Income": -2
    },
    "2012-06-30": {
        "Diluted EPS": -0.28,
        "Total Revenue": 3,
        "Gross Profit": 2,
        "Operating Income": -2,
        "EBIT": -2,
        "Net Income": -2
    },
    "2012-03-31": {
        "Diluted EPS": -0.13,
        "Total Revenue": 6,
        "Gross Profit": 4,
        "Operating Income": -1,
        "EBIT": -1,
        "Net Income": -1
    },
    "2011-12-31": {
        "Diluted EPS": 0.01,
        "Total Revenue": 7,
        "Gross Profit": 5,
        "Operating Income": 0,
        "EBIT": 0,
        "Net Income": 0
    },
    "2011-09-30": {
        "Diluted EPS": -0.34,
        "Total Revenue": 3,
        "Gross Profit": 2,
        "Operating Income": -2,
        "EBIT": -2,
        "Net Income": -2
    },
    "2011-06-30": {
        "Diluted EPS": 0.01,
        "Total Revenue": 6,
        "Gross Profit": 4,
        "Operating Income": 0,
        "EBIT": 0,
        "Net Income": 0
    },
    "2011-03-31": {
        "Diluted EPS": 0.02,
        "Total Revenue": 6,
        "Gross Profit": 4,
        "Operating Income": 0,
        "EBIT": 0,
        "Net Income": 0
    },
    "2010-12-31": {
        "Diluted EPS": 0.01,
        "Total Revenue": 5,
        "Gross Profit": 3,
        "Operating Income": 0,
        "EBIT": 0,
        "Net Income": 0
    },
    "2010-09-30": {
        "Diluted EPS": 0.06,
        "Total Revenue": 5,
        "Gross Profit": 3,
        "Operating Income": 0,
        "EBIT": 0,
        "Net Income": 0
    },
    "2010-06-30": {
        "Diluted EPS": 0.01,
        "Total Revenue": 5,
        "Gross Profit": 3,
        "Operating Income": 1,
        "EBIT": 1,
        "Net Income": 0
    },
    "2010-03-31": {
        "Diluted EPS": 0.01,
        "Total Revenue": 4,
        "Gross Profit": 3,
        "Operating Income": 0,
        "EBIT": 0,
        "Net Income": 0
    },
    "2009-12-31": {
        "Diluted EPS": 0.02,
        "Total Revenue": 4,
        "Gross Profit": 3,
        "Operating Income": 0,
        "EBIT": 0,
        "Net Income": 0
    },
    "2009-09-30": {
        "Diluted EPS": -0.08,
        "Total Revenue": 3,
        "Gross Profit": 2,
        "Operating Income": 0,
        "EBIT": 0,
        "Net Income": 0
    },
    "2009-06-30": {
        "Diluted EPS": -0.17,
        "Total Revenue": 3,
        "Gross Profit": 2,
        "Operating Income": -1,
        "EBIT": -1,
        "Net Income": -1
    },
    "2009-03-31": {
        "Diluted EPS": -0.3,
        "Total Revenue": 2,
        "Gross Profit": 1,
        "Operating Income": -1,
        "EBIT": -1,
        "Net Income": -2
    },
    "2023-09-30": {
        "Tax Effect Of Unusual Items": 0.0,
        "Tax Rate For Calcs": 0.21,
        "Normalized EBITDA": -1263000.0,
        "Net Income From Continuing Operation Net Minority Interest": -281000.0,
        "Reconciled Cost Of Revenue": 3510000.0,
        "EBITDA": -1263000.0,
        "EBIT": -1263000.0,
        "Net Interest Income": 1023000.0,
        "Interest Income": 1023000.0,
        "Normalized Income": -281000.0,
        "Net Income From Continuing And Discontinued Operation": -281000.0,
        "Total Expenses": 14458000.0,
        "Total Operating Income As Reported": -1263000.0,
        "Diluted Average Shares": 15143221.0,
        "Basic Average Shares": 15143221.0,
        "Diluted EPS": -0.02,
        "Basic EPS": -0.02,
        "Diluted NI Availto Com Stockholders": -281000.0,
        "Net Income Common Stockholders": -281000.0,
        "Net Income": -281000.0,
        "Net Income Including Noncontrolling Interests": -281000.0,
        "Net Income Continuous Operations": -281000.0,
        "Tax Provision": 41000.0,
        "Pretax Income": -240000.0,
        "Net Non Operating Interest Income Expense": 1023000.0,
        "Total Other Finance Cost": -1023000.0,
        "Interest Income Non Operating": 1023000.0,
        "Operating Income": -1263000.0,
        "Operating Expense": 10948000.0,
        "Research And Development": 5423000.0,
        "Selling General And Administration": 5525000.0,
        "Selling And Marketing Expense": 4208000.0,
        "General And Administrative Expense": 1317000.0,
        "Other Gand A": 1317000.0,
        "Gross Profit": 9685000.0,
        "Cost Of Revenue": 3510000.0,
        "Total Revenue": 13195000.0,
        "Operating Revenue": 13195000.0
    },
    "2023-12-31": {
        "Tax Effect Of Unusual Items": NaN,
        "Tax Rate For Calcs": NaN,
        "Normalized EBITDA": NaN,
        "Net Income From Continuing Operation Net Minority Interest": NaN,
        "Reconciled Cost Of Revenue": NaN,
        "EBITDA": NaN,
        "EBIT": NaN,
        "Net Interest Income": NaN,
        "Interest Income": NaN,
        "Normalized Income": NaN,
        "Net Income From Continuing And Discontinued Operation": NaN,
        "Total Expenses": NaN,
        "Total Operating Income As Reported": NaN,
        "Diluted Average Shares": 15446177.0,
        "Basic Average Shares": 15291917.0,
        "Diluted EPS": 0.17,
        "Basic EPS": 0.17,
        "Diluted NI Availto Com Stockholders": NaN,
        "Net Income Common Stockholders": NaN,
        "Net Income": NaN,
        "Net Income Including Noncontrolling Interests": NaN,
        "Net Income Continuous Operations": NaN,
        "Tax Provision": NaN,
        "Pretax Income": NaN,
        "Net Non Operating Interest Income Expense": NaN,
        "Total Other Finance Cost": NaN,
        "Interest Income Non Operating": NaN,
        "Operating Income": NaN,
        "Operating Expense": NaN,
        "Research And Development": NaN,
        "Selling General And Administration": NaN,
        "Selling And Marketing Expense": NaN,
        "General And Administrative Expense": NaN,
        "Other Gand A": NaN,
        "Gross Profit": NaN,
        "Cost Of Revenue": NaN,
        "Total Revenue": NaN,
        "Operating Revenue": NaN
    },
    "2024-03-31": {
        "Tax Effect Of Unusual Items": 0.0,
        "Tax Rate For Calcs": 0.041509,
        "Normalized EBITDA": -310000.0,
        "Net Income From Continuing Operation Net Minority Interest": 762000.0,
        "Reconciled Cost Of Revenue": 3751000.0,
        "EBITDA": -310000.0,
        "EBIT": -310000.0,
        "Net Interest Income": 1105000.0,
        "Interest Income": 1105000.0,
        "Normalized Income": 762000.0,
        "Net Income From Continuing And Discontinued Operation": 762000.0,
        "Total Expenses": 14433000.0,
        "Total Operating Income As Reported": -310000.0,
        "Diluted Average Shares": 15866910.0,
        "Basic Average Shares": 15427514.0,
        "Diluted EPS": 0.05,
        "Basic EPS": 0.05,
        "Diluted NI Availto Com Stockholders": 762000.0,
        "Net Income Common Stockholders": 762000.0,
        "Net Income": 762000.0,
        "Net Income Including Noncontrolling Interests": 762000.0,
        "Net Income Continuous Operations": 762000.0,
        "Tax Provision": 33000.0,
        "Pretax Income": 795000.0,
        "Net Non Operating Interest Income Expense": 1105000.0,
        "Total Other Finance Cost": NaN,
        "Interest Income Non Operating": 1105000.0,
        "Operating Income": -310000.0,
        "Operating Expense": 10682000.0,
        "Research And Development": 4384000.0,
        "Selling General And Administration": 6298000.0,
        "Selling And Marketing Expense": 4285000.0,
        "General And Administrative Expense": 2013000.0,
        "Other Gand A": 2013000.0,
        "Gross Profit": 10372000.0,
        "Cost Of Revenue": 3751000.0,
        "Total Revenue": 14123000.0,
        "Operating Revenue": 14123000.0
    },
    "2024-06-30": {
        "Tax Effect Of Unusual Items": 0.0,
        "Tax Rate For Calcs": 0.015571,
        "Normalized EBITDA": 880000.0,
        "Net Income From Continuing Operation Net Minority Interest": 1707000.0,
        "Reconciled Cost Of Revenue": 3794000.0,
        "EBITDA": 880000.0,
        "EBIT": 880000.0,
        "Net Interest Income": 854000.0,
        "Interest Income": 854000.0,
        "Normalized Income": 1707000.0,
        "Net Income From Continuing And Discontinued Operation": 1707000.0,
        "Total Expenses": 13921000.0,
        "Total Operating Income As Reported": 880000.0,
        "Diluted Average Shares": 15978799.0,
        "Basic Average Shares": 15608402.0,
        "Diluted EPS": 0.11,
        "Basic EPS": 0.11,
        "Diluted NI Availto Com Stockholders": 1707000.0,
        "Net Income Common Stockholders": 1707000.0,
        "Net Income": 1707000.0,
        "Net Income Including Noncontrolling Interests": 1707000.0,
        "Net Income Continuous Operations": 1707000.0,
        "Tax Provision": 27000.0,
        "Pretax Income": 1734000.0,
        "Net Non Operating Interest Income Expense": 854000.0,
        "Total Other Finance Cost": NaN,
        "Interest Income Non Operating": 854000.0,
        "Operating Income": 880000.0,
        "Operating Expense": 10127000.0,
        "Research And Development": 4441000.0,
        "Selling General And Administration": 5686000.0,
        "Selling And Marketing Expense": 4325000.0,
        "General And Administrative Expense": 1361000.0,
        "Other Gand A": 1361000.0,
        "Gross Profit": 11007000.0,
        "Cost Of Revenue": 3794000.0,
        "Total Revenue": 14801000.0,
        "Operating Revenue": 14801000.0
    },
    "2024-09-30": {
        "Tax Effect Of Unusual Items": 0.0,
        "Tax Rate For Calcs": 0.014017,
        "Normalized EBITDA": 1207000.0,
        "Net Income From Continuing Operation Net Minority Interest": 2251000.0,
        "Reconciled Cost Of Revenue": 4064000.0,
        "EBITDA": 1207000.0,
        "EBIT": 1207000.0,
        "Net Interest Income": 1076000.0,
        "Interest Income": 1076000.0,
        "Normalized Income": 2251000.0,
        "Net Income From Continuing And Discontinued Operation": 2251000.0,
        "Total Expenses": 14614000.0,
        "Total Operating Income As Reported": 1207000.0,
        "Diluted Average Shares": 16159110.0,
        "Basic Average Shares": 15748498.0,
        "Diluted EPS": 0.14,
        "Basic EPS": 0.14,
        "Diluted NI Availto Com Stockholders": 2251000.0,
        "Net Income Common Stockholders": 2251000.0,
        "Net Income": 2251000.0,
        "Net Income Including Noncontrolling Interests": 2251000.0,
        "Net Income Continuous Operations": 2251000.0,
        "Tax Provision": 32000.0,
        "Pretax Income": 2283000.0,
        "Net Non Operating Interest Income Expense": 1076000.0,
        "Total Other Finance Cost": NaN,
        "Interest Income Non Operating": 1076000.0,
        "Operating Income": 1207000.0,
        "Operating Expense": 10550000.0,
        "Research And Development": 4514000.0,
        "Selling General And Administration": 6036000.0,
        "Selling And Marketing Expense": 4552000.0,
        "General And Administrative Expense": 1484000.0,
        "Other Gand A": 1484000.0,
        "Gross Profit": 11757000.0,
        "Cost Of Revenue": 4064000.0,
        "Total Revenue": 15821000.0,
        "Operating Revenue": 15821000.0
    }
}