{
    "2023-03-31": {
        "Tax Effect Of Unusual Items": -7641480.0,
        "Tax Rate For Calcs": 0.21,
        "Normalized EBITDA": -35538000.0,
        "Total Unusual Items": -36388000.0,
        "Total Unusual Items Excluding Goodwill": -36388000.0,
        "Net Income From Continuing Operation Net Minority Interest": -82500000.0,
        "Reconciled Depreciation": 7821000.0,
        "Reconciled Cost Of Revenue": 51921000.0,
        "EBITDA": -71926000.0,
        "EBIT": -79747000.0,
        "Net Interest Income": -614000.0,
        "Interest Expense": 2667000.0,
        "Interest Income": 2053000.0,
        "Normalized Income": -53753480.0,
        "Net Income From Continuing And Discontinued Operation": -82500000.0,
        "Total Expenses": 187316000.0,
        "Total Operating Income As Reported": -81800000.0,
        "Diluted Average Shares": 99608071.0,
        "Basic Average Shares": 99608071.0,
        "Diluted EPS": -0.83,
        "Basic EPS": -0.83,
        "Diluted NI Availto Com Stockholders": -82500000.0,
        "Net Income Common Stockholders": -82500000.0,
        "Net Income": -82500000.0,
        "Net Income Including Noncontrolling Interests": -82500000.0,
        "Net Income Continuous Operations": -82500000.0,
        "Tax Provision": 86000.0,
        "Pretax Income": -82414000.0,
        "Other Income Expense": -36388000.0,
        "Other Non Operating Income Expenses": NaN,
        "Special Income Charges": -36388000.0,
        "Other Special Charges": NaN,
        "Restructuring And Mergern Acquisition": 36388000.0,
        "Gain On Sale Of Security": NaN,
        "Net Non Operating Interest Income Expense": -614000.0,
        "Interest Expense Non Operating": 2667000.0,
        "Interest Income Non Operating": 2053000.0,
        "Operating Income": -45412000.0,
        "Operating Expense": 135395000.0,
        "Other Operating Expenses": 68032000.0,
        "Selling General And Administration": 67363000.0,
        "Selling And Marketing Expense": 17518000.0,
        "General And Administrative Expense": 49845000.0,
        "Other Gand A": 49845000.0,
        "Gross Profit": 89983000.0,
        "Cost Of Revenue": 51921000.0,
        "Total Revenue": 141904000.0,
        "Operating Revenue": 141904000.0
    },
    "2022-12-31": {
        "Tax Effect Of Unusual Items": NaN,
        "Tax Rate For Calcs": NaN,
        "Normalized EBITDA": NaN,
        "Total Unusual Items": NaN,
        "Total Unusual Items Excluding Goodwill": NaN,
        "Net Income From Continuing Operation Net Minority Interest": NaN,
        "Reconciled Depreciation": NaN,
        "Reconciled Cost Of Revenue": NaN,
        "EBITDA": NaN,
        "EBIT": NaN,
        "Net Interest Income": NaN,
        "Interest Expense": NaN,
        "Interest Income": NaN,
        "Normalized Income": NaN,
        "Net Income From Continuing And Discontinued Operation": NaN,
        "Total Expenses": NaN,
        "Total Operating Income As Reported": NaN,
        "Diluted Average Shares": 98546282.0,
        "Basic Average Shares": 98546282.0,
        "Diluted EPS": -0.39,
        "Basic EPS": -0.39,
        "Diluted NI Availto Com Stockholders": NaN,
        "Net Income Common Stockholders": NaN,
        "Net Income": NaN,
        "Net Income Including Noncontrolling Interests": NaN,
        "Net Income Continuous Operations": NaN,
        "Tax Provision": NaN,
        "Pretax Income": NaN,
        "Other Income Expense": NaN,
        "Other Non Operating Income Expenses": 38000.0,
        "Special Income Charges": NaN,
        "Other Special Charges": 0.0,
        "Restructuring And Mergern Acquisition": NaN,
        "Gain On Sale Of Security": NaN,
        "Net Non Operating Interest Income Expense": NaN,
        "Interest Expense Non Operating": NaN,
        "Interest Income Non Operating": NaN,
        "Operating Income": NaN,
        "Operating Expense": NaN,
        "Other Operating Expenses": NaN,
        "Selling General And Administration": NaN,
        "Selling And Marketing Expense": NaN,
        "General And Administrative Expense": NaN,
        "Other Gand A": NaN,
        "Gross Profit": NaN,
        "Cost Of Revenue": NaN,
        "Total Revenue": NaN,
        "Operating Revenue": NaN
    },
    "2022-09-30": {
        "Tax Effect Of Unusual Items": NaN,
        "Tax Rate For Calcs": NaN,
        "Normalized EBITDA": NaN,
        "Total Unusual Items": NaN,
        "Total Unusual Items Excluding Goodwill": NaN,
        "Net Income From Continuing Operation Net Minority Interest": NaN,
        "Reconciled Depreciation": NaN,
        "Reconciled Cost Of Revenue": NaN,
        "EBITDA": NaN,
        "EBIT": NaN,
        "Net Interest Income": NaN,
        "Interest Expense": NaN,
        "Interest Income": NaN,
        "Normalized Income": NaN,
        "Net Income From Continuing And Discontinued Operation": NaN,
        "Total Expenses": NaN,
        "Total Operating Income As Reported": NaN,
        "Diluted Average Shares": NaN,
        "Basic Average Shares": NaN,
        "Diluted EPS": NaN,
        "Basic EPS": NaN,
        "Diluted NI Availto Com Stockholders": NaN,
        "Net Income Common Stockholders": NaN,
        "Net Income": NaN,
        "Net Income Including Noncontrolling Interests": NaN,
        "Net Income Continuous Operations": NaN,
        "Tax Provision": NaN,
        "Pretax Income": NaN,
        "Other Income Expense": NaN,
        "Other Non Operating Income Expenses": 6000.0,
        "Special Income Charges": NaN,
        "Other Special Charges": 152000.0,
        "Restructuring And Mergern Acquisition": NaN,
        "Gain On Sale Of Security": NaN,
        "Net Non Operating Interest Income Expense": NaN,
        "Interest Expense Non Operating": NaN,
        "Interest Income Non Operating": NaN,
        "Operating Income": NaN,
        "Operating Expense": NaN,
        "Other Operating Expenses": NaN,
        "Selling General And Administration": NaN,
        "Selling And Marketing Expense": NaN,
        "General And Administrative Expense": NaN,
        "Other Gand A": NaN,
        "Gross Profit": NaN,
        "Cost Of Revenue": NaN,
        "Total Revenue": NaN,
        "Operating Revenue": NaN
    },
    "2022-06-30": {
        "Tax Effect Of Unusual Items": 0.0,
        "Tax Rate For Calcs": 0.4,
        "Normalized EBITDA": -43761000.0,
        "Total Unusual Items": 0.0,
        "Total Unusual Items Excluding Goodwill": 0.0,
        "Net Income From Continuing Operation Net Minority Interest": -53165000.0,
        "Reconciled Depreciation": 6696000.0,
        "Reconciled Cost Of Revenue": 66748000.0,
        "EBITDA": -43761000.0,
        "EBIT": -50457000.0,
        "Net Interest Income": -2415000.0,
        "Interest Expense": 2675000.0,
        "Interest Income": 260000.0,
        "Normalized Income": -53165000.0,
        "Net Income From Continuing And Discontinued Operation": -53165000.0,
        "Total Expenses": 205418000.0,
        "Total Operating Income As Reported": -50983000.0,
        "Diluted Average Shares": 94901943.0,
        "Basic Average Shares": 94901943.0,
        "Diluted EPS": -0.56,
        "Basic EPS": -0.56,
        "Diluted NI Availto Com Stockholders": -53165000.0,
        "Net Income Common Stockholders": -53165000.0,
        "Net Income": -53165000.0,
        "Net Income Including Noncontrolling Interests": -53165000.0,
        "Net Income Continuous Operations": -53165000.0,
        "Tax Provision": 33000.0,
        "Pretax Income": -53132000.0,
        "Other Income Expense": 266000.0,
        "Other Non Operating Income Expenses": 266000.0,
        "Special Income Charges": 0.0,
        "Other Special Charges": NaN,
        "Restructuring And Mergern Acquisition": NaN,
        "Net Non Operating Interest Income Expense": -2415000.0,
        "Interest Expense Non Operating": 2675000.0,
        "Interest Income Non Operating": 260000.0,
        "Operating Income": -50983000.0,
        "Operating Expense": 138670000.0,
        "Other Operating Expenses": 69428000.0,
        "Selling General And Administration": 138670000.0,
        "Selling And Marketing Expense": 16997000.0,
        "General And Administrative Expense": 121673000.0,
        "Other Gand A": 121673000.0,
        "Gross Profit": 87687000.0,
        "Cost Of Revenue": 66748000.0,
        "Total Revenue": 154435000.0,
        "Operating Revenue": 154435000.0
    },
    "2023-06-30": {
        "Tax Effect Of Unusual Items": -391440.0,
        "Tax Rate For Calcs": 0.21,
        "Normalized EBITDA": -28709000.0,
        "Total Unusual Items": -1864000.0,
        "Total Unusual Items Excluding Goodwill": -1864000.0,
        "Net Income From Continuing Operation Net Minority Interest": -41330000.0,
        "Reconciled Depreciation": 7965000.0,
        "Reconciled Cost Of Revenue": 44681000.0,
        "EBITDA": -30573000.0,
        "EBIT": -38538000.0,
        "Net Interest Income": -274000.0,
        "Interest Expense": 2678000.0,
        "Interest Income": 2404000.0,
        "Normalized Income": -39857440.0,
        "Net Income From Continuing And Discontinued Operation": -41330000.0,
        "Total Expenses": 169933000.0,
        "Total Operating Income As Reported": -40942000.0,
        "Diluted Average Shares": 100973105.0,
        "Basic Average Shares": 100973105.0,
        "Diluted EPS": -0.41,
        "Basic EPS": -0.41,
        "Diluted NI Availto Com Stockholders": -41330000.0,
        "Net Income Common Stockholders": -41330000.0,
        "Net Income": -41330000.0,
        "Net Income Including Noncontrolling Interests": -41330000.0,
        "Net Income Continuous Operations": -41330000.0,
        "Tax Provision": 114000.0,
        "Pretax Income": -41216000.0,
        "Other Income Expense": -1864000.0,
        "Other Non Operating Income Expenses": NaN,
        "Special Income Charges": -1864000.0,
        "Other Special Charges": NaN,
        "Restructuring And Mergern Acquisition": 1864000.0,
        "Gain On Sale Of Security": NaN,
        "Net Non Operating Interest Income Expense": -274000.0,
        "Interest Expense Non Operating": 2678000.0,
        "Interest Income Non Operating": 2404000.0,
        "Operating Income": -39078000.0,
        "Operating Expense": 125252000.0,
        "Other Operating Expenses": 65575000.0,
        "Selling General And Administration": 59677000.0,
        "Selling And Marketing Expense": 15351000.0,
        "General And Administrative Expense": 44326000.0,
        "Other Gand A": 44326000.0,
        "Gross Profit": 86174000.0,
        "Cost Of Revenue": 44681000.0,
        "Total Revenue": 130855000.0,
        "Operating Revenue": 130855000.0
    },
    "2023-09-30": {
        "Tax Effect Of Unusual Items": 179760.0,
        "Tax Rate For Calcs": 0.21,
        "Normalized EBITDA": -13341000.0,
        "Total Unusual Items": 856000.0,
        "Total Unusual Items Excluding Goodwill": 856000.0,
        "Net Income From Continuing Operation Net Minority Interest": -22949000.0,
        "Reconciled Depreciation": 7744000.0,
        "Reconciled Cost Of Revenue": 39100000.0,
        "EBITDA": -12485000.0,
        "EBIT": -20229000.0,
        "Net Interest Income": -413000.0,
        "Interest Expense": 2673000.0,
        "Interest Income": 2260000.0,
        "Normalized Income": -23625240.0,
        "Net Income From Continuing And Discontinued Operation": -22949000.0,
        "Total Expenses": 156517000.0,
        "Total Operating Income As Reported": -22489000.0,
        "Diluted Average Shares": 102648790.0,
        "Basic Average Shares": 102648790.0,
        "Diluted EPS": -0.22,
        "Basic EPS": -0.22,
        "Diluted NI Availto Com Stockholders": -22949000.0,
        "Net Income Common Stockholders": -22949000.0,
        "Net Income": -22949000.0,
        "Net Income Including Noncontrolling Interests": -22949000.0,
        "Net Income Continuous Operations": -22949000.0,
        "Tax Provision": 47000.0,
        "Pretax Income": -22902000.0,
        "Other Income Expense": 856000.0,
        "Other Non Operating Income Expenses": NaN,
        "Special Income Charges": 856000.0,
        "Other Special Charges": NaN,
        "Restructuring And Mergern Acquisition": -856000.0,
        "Gain On Sale Of Security": NaN,
        "Net Non Operating Interest Income Expense": -413000.0,
        "Interest Expense Non Operating": 2673000.0,
        "Interest Income Non Operating": 2260000.0,
        "Operating Income": -23345000.0,
        "Operating Expense": 117417000.0,
        "Other Operating Expenses": 61038000.0,
        "Selling General And Administration": 56379000.0,
        "Selling And Marketing Expense": 11591000.0,
        "General And Administrative Expense": 44788000.0,
        "Other Gand A": 44788000.0,
        "Gross Profit": 94072000.0,
        "Cost Of Revenue": 39100000.0,
        "Total Revenue": 133172000.0,
        "Operating Revenue": 133172000.0
    },
    "2023-12-31": {
        "Tax Effect Of Unusual Items": -1555260.0,
        "Tax Rate For Calcs": 0.21,
        "Normalized EBITDA": -3403000.0,
        "Total Unusual Items": -7406000.0,
        "Total Unusual Items Excluding Goodwill": -7406000.0,
        "Net Income From Continuing Operation Net Minority Interest": -21693000.0,
        "Reconciled Depreciation": 8165000.0,
        "Reconciled Cost Of Revenue": 37324000.0,
        "EBITDA": -10809000.0,
        "EBIT": -18974000.0,
        "Net Interest Income": -595000.0,
        "Interest Expense": 2683000.0,
        "Interest Income": 2088000.0,
        "Normalized Income": -15842260.0,
        "Net Income From Continuing And Discontinued Operation": -21693000.0,
        "Total Expenses": 157029000.0,
        "Total Operating Income As Reported": -21062000.0,
        "Diluted Average Shares": NaN,
        "Basic Average Shares": NaN,
        "Diluted EPS": NaN,
        "Basic EPS": NaN,
        "Diluted NI Availto Com Stockholders": -21693000.0,
        "Net Income Common Stockholders": -21693000.0,
        "Net Income": -21693000.0,
        "Net Income Including Noncontrolling Interests": -21693000.0,
        "Net Income Continuous Operations": -21693000.0,
        "Tax Provision": 36000.0,
        "Pretax Income": -21657000.0,
        "Other Income Expense": -7406000.0,
        "Other Non Operating Income Expenses": NaN,
        "Special Income Charges": -7406000.0,
        "Other Special Charges": NaN,
        "Restructuring And Mergern Acquisition": 6066000.0,
        "Gain On Sale Of Security": NaN,
        "Net Non Operating Interest Income Expense": -595000.0,
        "Interest Expense Non Operating": 2683000.0,
        "Interest Income Non Operating": 2088000.0,
        "Operating Income": -13656000.0,
        "Operating Expense": 119705000.0,
        "Other Operating Expenses": 62396000.0,
        "Selling General And Administration": 57309000.0,
        "Selling And Marketing Expense": 13815000.0,
        "General And Administrative Expense": 43494000.0,
        "Other Gand A": 43494000.0,
        "Gross Profit": 106049000.0,
        "Cost Of Revenue": 37324000.0,
        "Total Revenue": 143373000.0,
        "Operating Revenue": 143373000.0
    },
    "2024-03-31": {
        "Tax Effect Of Unusual Items": -4640800.0,
        "Tax Rate For Calcs": 0.4,
        "Normalized EBITDA": -7368000.0,
        "Total Unusual Items": -11602000.0,
        "Total Unusual Items Excluding Goodwill": -11602000.0,
        "Net Income From Continuing Operation Net Minority Interest": -31101000.0,
        "Reconciled Depreciation": 8309000.0,
        "Reconciled Cost Of Revenue": 36521000.0,
        "EBITDA": -18970000.0,
        "EBIT": -27279000.0,
        "Net Interest Income": -1682000.0,
        "Interest Expense": 3751000.0,
        "Interest Income": 2069000.0,
        "Normalized Income": -24139800.0,
        "Net Income From Continuing And Discontinued Operation": -31101000.0,
        "Total Expenses": 161546000.0,
        "Total Operating Income As Reported": -17942000.0,
        "Diluted Average Shares": 105212053.0,
        "Basic Average Shares": 105212053.0,
        "Diluted EPS": -0.3,
        "Basic EPS": -0.3,
        "Diluted NI Availto Com Stockholders": -31101000.0,
        "Net Income Common Stockholders": -31101000.0,
        "Net Income": -31101000.0,
        "Net Income Including Noncontrolling Interests": -31101000.0,
        "Net Income Continuous Operations": -31101000.0,
        "Tax Provision": 71000.0,
        "Pretax Income": -31030000.0,
        "Other Income Expense": -11602000.0,
        "Other Non Operating Income Expenses": NaN,
        "Special Income Charges": 3981000.0,
        "Other Special Charges": -4177000.0,
        "Restructuring And Mergern Acquisition": 196000.0,
        "Gain On Sale Of Security": -15583000.0,
        "Net Non Operating Interest Income Expense": -1682000.0,
        "Interest Expense Non Operating": 3751000.0,
        "Interest Income Non Operating": 2069000.0,
        "Operating Income": -17746000.0,
        "Operating Expense": 125025000.0,
        "Other Operating Expenses": 62972000.0,
        "Selling General And Administration": 62053000.0,
        "Selling And Marketing Expense": 15283000.0,
        "General And Administrative Expense": 46770000.0,
        "Other Gand A": 46770000.0,
        "Gross Profit": 107279000.0,
        "Cost Of Revenue": 36521000.0,
        "Total Revenue": 143800000.0,
        "Operating Revenue": 143800000.0
    }
}