{
    "2024-06-30": {
        "Tax Effect Of Unusual Items": 0.0,
        "Tax Rate For Calcs": 0.0,
        "Normalized EBITDA": -448000.0,
        "Total Unusual Items": -145000.0,
        "Total Unusual Items Excluding Goodwill": -145000.0,
        "Net Income From Continuing Operation Net Minority Interest": -1215000.0,
        "Reconciled Depreciation": 340000.0,
        "Reconciled Cost Of Revenue": 308910000.0,
        "EBITDA": -593000.0,
        "EBIT": -933000.0,
        "Net Interest Income": -378000.0,
        "Interest Expense": 177000.0,
        "Interest Income": NaN,
        "Normalized Income": -1070000.0,
        "Net Income From Continuing And Discontinued Operation": -1215000.0,
        "Total Expenses": 341422000.0,
        "Total Operating Income As Reported": -644000.0,
        "Diluted Average Shares": 189046000.0,
        "Basic Average Shares": 189046000.0,
        "Diluted EPS": -0.01,
        "Basic EPS": -0.01,
        "Diluted NI Availto Com Stockholders": -1215000.0,
        "Net Income Common Stockholders": -1215000.0,
        "Net Income": -1215000.0,
        "Minority Interests": -105000.0,
        "Net Income Including Noncontrolling Interests": -1110000.0,
        "Net Income Continuous Operations": -1110000.0,
        "Pretax Income": -1110000.0,
        "Other Income Expense": -88000.0,
        "Other Non Operating Income Expenses": 57000.0,
        "Special Income Charges": 0.0,
        "Other Special Charges": NaN,
        "Restructuring And Mergern Acquisition": NaN,
        "Gain On Sale Of Security": -145000.0,
        "Net Non Operating Interest Income Expense": -378000.0,
        "Total Other Finance Cost": 201000.0,
        "Interest Expense Non Operating": 177000.0,
        "Interest Income Non Operating": NaN,
        "Operating Income": -644000.0,
        "Operating Expense": 32512000.0,
        "Depreciation Amortization Depletion Income Statement": 340000.0,
        "Depreciation And Amortization In Income Statement": 340000.0,
        "Depreciation Income Statement": 340000.0,
        "Research And Development": 2608000.0,
        "Selling General And Administration": 29564000.0,
        "Selling And Marketing Expense": 13316000.0,
        "General And Administrative Expense": 16248000.0,
        "Other Gand A": 5043000.0,
        "Salaries And Wages": 11205000.0,
        "Gross Profit": 31868000.0,
        "Cost Of Revenue": 308910000.0,
        "Total Revenue": 340778000.0,
        "Operating Revenue": 340778000.0
    },
    "2024-03-31": {
        "Tax Effect Of Unusual Items": 0.0,
        "Tax Rate For Calcs": 0.0,
        "Normalized EBITDA": -6079000.0,
        "Total Unusual Items": -9574000.0,
        "Total Unusual Items Excluding Goodwill": -9574000.0,
        "Net Income From Continuing Operation Net Minority Interest": -16097000.0,
        "Reconciled Depreciation": 326000.0,
        "Reconciled Cost Of Revenue": 179984000.0,
        "EBITDA": -15653000.0,
        "EBIT": -15979000.0,
        "Net Interest Income": -227000.0,
        "Interest Expense": 117000.0,
        "Interest Income": NaN,
        "Normalized Income": -6523000.0,
        "Net Income From Continuing And Discontinued Operation": -16097000.0,
        "Total Expenses": 207211000.0,
        "Total Operating Income As Reported": -15718000.0,
        "Diluted Average Shares": 184692000.0,
        "Basic Average Shares": 184692000.0,
        "Diluted EPS": -0.09,
        "Basic EPS": -0.09,
        "Diluted NI Availto Com Stockholders": -16097000.0,
        "Net Income Common Stockholders": -16097000.0,
        "Net Income": -16097000.0,
        "Minority Interests": 0.0,
        "Net Income Including Noncontrolling Interests": -16096000.0,
        "Net Income Continuous Operations": -16096000.0,
        "Pretax Income": -16096000.0,
        "Other Income Expense": -9401000.0,
        "Other Non Operating Income Expenses": 173000.0,
        "Special Income Charges": -9250000.0,
        "Other Special Charges": 9250000.0,
        "Restructuring And Mergern Acquisition": NaN,
        "Gain On Sale Of Security": -324000.0,
        "Net Non Operating Interest Income Expense": -227000.0,
        "Total Other Finance Cost": 110000.0,
        "Interest Expense Non Operating": 117000.0,
        "Interest Income Non Operating": NaN,
        "Operating Income": -6468000.0,
        "Operating Expense": 27227000.0,
        "Depreciation Amortization Depletion Income Statement": 326000.0,
        "Depreciation And Amortization In Income Statement": 326000.0,
        "Depreciation Income Statement": 326000.0,
        "Research And Development": 2462000.0,
        "Selling General And Administration": 24439000.0,
        "Selling And Marketing Expense": 10283000.0,
        "General And Administrative Expense": 14156000.0,
        "Other Gand A": 4588000.0,
        "Salaries And Wages": 9568000.0,
        "Gross Profit": 20759000.0,
        "Cost Of Revenue": 179984000.0,
        "Total Revenue": 200743000.0,
        "Operating Revenue": 200743000.0
    },
    "2023-12-31": {
        "Tax Effect Of Unusual Items": 0.0,
        "Tax Rate For Calcs": 0.0,
        "Normalized EBITDA": -11757000.0,
        "Total Unusual Items": 79000.0,
        "Total Unusual Items Excluding Goodwill": 79000.0,
        "Net Income From Continuing Operation Net Minority Interest": -11964000.0,
        "Reconciled Depreciation": 298000.0,
        "Reconciled Cost Of Revenue": 165810000.0,
        "EBITDA": -11678000.0,
        "EBIT": -11976000.0,
        "Net Interest Income": -112000.0,
        "Interest Expense": 15000.0,
        "Interest Income": NaN,
        "Normalized Income": -12043000.0,
        "Net Income From Continuing And Discontinued Operation": -11964000.0,
        "Total Expenses": 192606000.0,
        "Total Operating Income As Reported": -11265000.0,
        "Diluted Average Shares": NaN,
        "Basic Average Shares": NaN,
        "Diluted EPS": NaN,
        "Basic EPS": NaN,
        "Diluted NI Availto Com Stockholders": -11964000.0,
        "Net Income Common Stockholders": -11964000.0,
        "Net Income": -11964000.0,
        "Minority Interests": 26000.0,
        "Net Income Including Noncontrolling Interests": -11991000.0,
        "Net Income Continuous Operations": -11991000.0,
        "Pretax Income": -11991000.0,
        "Other Income Expense": -614000.0,
        "Other Non Operating Income Expenses": -693000.0,
        "Special Income Charges": 0.0,
        "Other Special Charges": NaN,
        "Restructuring And Mergern Acquisition": 0.0,
        "Gain On Sale Of Security": 79000.0,
        "Net Non Operating Interest Income Expense": -112000.0,
        "Total Other Finance Cost": 97000.0,
        "Interest Expense Non Operating": 15000.0,
        "Interest Income Non Operating": NaN,
        "Operating Income": -11265000.0,
        "Operating Expense": 26796000.0,
        "Depreciation Amortization Depletion Income Statement": NaN,
        "Depreciation And Amortization In Income Statement": NaN,
        "Depreciation Income Statement": NaN,
        "Research And Development": 2325000.0,
        "Selling General And Administration": 25301000.0,
        "Selling And Marketing Expense": 15609000.0,
        "General And Administrative Expense": 9692000.0,
        "Other Gand A": 32414000.0,
        "Salaries And Wages": NaN,
        "Gross Profit": 15531000.0,
        "Cost Of Revenue": 165810000.0,
        "Total Revenue": 181341000.0,
        "Operating Revenue": 184718000.0
    },
    "2023-09-30": {
        "Tax Effect Of Unusual Items": 0.0,
        "Tax Rate For Calcs": 0.0,
        "Normalized EBITDA": -3754000.0,
        "Total Unusual Items": 64000.0,
        "Total Unusual Items Excluding Goodwill": 64000.0,
        "Net Income From Continuing Operation Net Minority Interest": -4024000.0,
        "Reconciled Depreciation": 277000.0,
        "Reconciled Cost Of Revenue": 195865000.0,
        "EBITDA": -3690000.0,
        "EBIT": -3967000.0,
        "Net Interest Income": -73000.0,
        "Interest Expense": NaN,
        "Interest Income": 80000.0,
        "Normalized Income": -4088000.0,
        "Net Income From Continuing And Discontinued Operation": -4024000.0,
        "Total Expenses": 218607000.0,
        "Total Operating Income As Reported": -3967000.0,
        "Diluted Average Shares": 180611000.0,
        "Basic Average Shares": 180611000.0,
        "Diluted EPS": -0.02,
        "Basic EPS": -0.02,
        "Diluted NI Availto Com Stockholders": -4024000.0,
        "Net Income Common Stockholders": -4024000.0,
        "Net Income": -4024000.0,
        "Minority Interests": -85000.0,
        "Net Income Including Noncontrolling Interests": -3938000.0,
        "Net Income Continuous Operations": -3938000.0,
        "Pretax Income": -3938000.0,
        "Other Income Expense": 102000.0,
        "Other Non Operating Income Expenses": 38000.0,
        "Special Income Charges": 0.0,
        "Other Special Charges": NaN,
        "Restructuring And Mergern Acquisition": 0.0,
        "Gain On Sale Of Security": 64000.0,
        "Net Non Operating Interest Income Expense": -73000.0,
        "Total Other Finance Cost": 153000.0,
        "Interest Expense Non Operating": NaN,
        "Interest Income Non Operating": 80000.0,
        "Operating Income": -3967000.0,
        "Operating Expense": 22742000.0,
        "Depreciation Amortization Depletion Income Statement": 277000.0,
        "Depreciation And Amortization In Income Statement": 277000.0,
        "Depreciation Income Statement": 277000.0,
        "Research And Development": 1931000.0,
        "Selling General And Administration": 20534000.0,
        "Selling And Marketing Expense": 8565000.0,
        "General And Administrative Expense": 11969000.0,
        "Other Gand A": 4014000.0,
        "Salaries And Wages": 7955000.0,
        "Gross Profit": 18775000.0,
        "Cost Of Revenue": 195865000.0,
        "Total Revenue": 214640000.0,
        "Operating Revenue": 214640000.0
    },
    "2023-06-30": {
        "Tax Effect Of Unusual Items": NaN,
        "Tax Rate For Calcs": NaN,
        "Normalized EBITDA": NaN,
        "Total Unusual Items": NaN,
        "Total Unusual Items Excluding Goodwill": NaN,
        "Net Income From Continuing Operation Net Minority Interest": NaN,
        "Reconciled Depreciation": NaN,
        "Reconciled Cost Of Revenue": NaN,
        "EBITDA": NaN,
        "EBIT": NaN,
        "Net Interest Income": NaN,
        "Interest Expense": NaN,
        "Interest Income": 84000.0,
        "Normalized Income": NaN,
        "Net Income From Continuing And Discontinued Operation": NaN,
        "Total Expenses": NaN,
        "Total Operating Income As Reported": NaN,
        "Diluted Average Shares": 179764000.0,
        "Basic Average Shares": 179764000.0,
        "Diluted EPS": -0.02,
        "Basic EPS": -0.02,
        "Diluted NI Availto Com Stockholders": NaN,
        "Net Income Common Stockholders": NaN,
        "Net Income": NaN,
        "Minority Interests": NaN,
        "Net Income Including Noncontrolling Interests": NaN,
        "Net Income Continuous Operations": NaN,
        "Pretax Income": NaN,
        "Other Income Expense": NaN,
        "Other Non Operating Income Expenses": NaN,
        "Special Income Charges": NaN,
        "Other Special Charges": NaN,
        "Restructuring And Mergern Acquisition": NaN,
        "Gain On Sale Of Security": NaN,
        "Net Non Operating Interest Income Expense": NaN,
        "Total Other Finance Cost": NaN,
        "Interest Expense Non Operating": NaN,
        "Interest Income Non Operating": 84000.0,
        "Operating Income": NaN,
        "Operating Expense": NaN,
        "Depreciation Amortization Depletion Income Statement": 284000.0,
        "Depreciation And Amortization In Income Statement": 284000.0,
        "Depreciation Income Statement": 284000.0,
        "Research And Development": NaN,
        "Selling General And Administration": NaN,
        "Selling And Marketing Expense": NaN,
        "General And Administrative Expense": NaN,
        "Other Gand A": NaN,
        "Salaries And Wages": 7671000.0,
        "Gross Profit": NaN,
        "Cost Of Revenue": NaN,
        "Total Revenue": NaN,
        "Operating Revenue": NaN
    },
    "2023-03-31": {
        "Tax Effect Of Unusual Items": NaN,
        "Tax Rate For Calcs": NaN,
        "Normalized EBITDA": NaN,
        "Total Unusual Items": NaN,
        "Total Unusual Items Excluding Goodwill": NaN,
        "Net Income From Continuing Operation Net Minority Interest": NaN,
        "Reconciled Depreciation": NaN,
        "Reconciled Cost Of Revenue": NaN,
        "EBITDA": NaN,
        "EBIT": NaN,
        "Net Interest Income": NaN,
        "Interest Expense": 217000.0,
        "Interest Income": NaN,
        "Normalized Income": NaN,
        "Net Income From Continuing And Discontinued Operation": NaN,
        "Total Expenses": NaN,
        "Total Operating Income As Reported": NaN,
        "Diluted Average Shares": NaN,
        "Basic Average Shares": NaN,
        "Diluted EPS": NaN,
        "Basic EPS": NaN,
        "Diluted NI Availto Com Stockholders": NaN,
        "Net Income Common Stockholders": NaN,
        "Net Income": NaN,
        "Minority Interests": NaN,
        "Net Income Including Noncontrolling Interests": NaN,
        "Net Income Continuous Operations": NaN,
        "Pretax Income": NaN,
        "Other Income Expense": NaN,
        "Other Non Operating Income Expenses": NaN,
        "Special Income Charges": NaN,
        "Other Special Charges": NaN,
        "Restructuring And Mergern Acquisition": 0.0,
        "Gain On Sale Of Security": NaN,
        "Net Non Operating Interest Income Expense": NaN,
        "Total Other Finance Cost": NaN,
        "Interest Expense Non Operating": 217000.0,
        "Interest Income Non Operating": NaN,
        "Operating Income": NaN,
        "Operating Expense": NaN,
        "Depreciation Amortization Depletion Income Statement": NaN,
        "Depreciation And Amortization In Income Statement": NaN,
        "Depreciation Income Statement": NaN,
        "Research And Development": NaN,
        "Selling General And Administration": NaN,
        "Selling And Marketing Expense": NaN,
        "General And Administrative Expense": NaN,
        "Other Gand A": NaN,
        "Salaries And Wages": NaN,
        "Gross Profit": NaN,
        "Cost Of Revenue": NaN,
        "Total Revenue": NaN,
        "Operating Revenue": NaN
    },
    "2022-12-31": {
        "Tax Effect Of Unusual Items": NaN,
        "Tax Rate For Calcs": NaN,
        "Normalized EBITDA": NaN,
        "Total Unusual Items": NaN,
        "Total Unusual Items Excluding Goodwill": NaN,
        "Net Income From Continuing Operation Net Minority Interest": NaN,
        "Reconciled Depreciation": NaN,
        "Reconciled Cost Of Revenue": NaN,
        "EBITDA": NaN,
        "EBIT": NaN,
        "Net Interest Income": NaN,
        "Interest Expense": 4000.0,
        "Interest Income": NaN,
        "Normalized Income": NaN,
        "Net Income From Continuing And Discontinued Operation": NaN,
        "Total Expenses": NaN,
        "Total Operating Income As Reported": NaN,
        "Diluted Average Shares": NaN,
        "Basic Average Shares": NaN,
        "Diluted EPS": NaN,
        "Basic EPS": NaN,
        "Diluted NI Availto Com Stockholders": NaN,
        "Net Income Common Stockholders": NaN,
        "Net Income": NaN,
        "Minority Interests": NaN,
        "Net Income Including Noncontrolling Interests": NaN,
        "Net Income Continuous Operations": NaN,
        "Pretax Income": NaN,
        "Other Income Expense": NaN,
        "Other Non Operating Income Expenses": NaN,
        "Special Income Charges": NaN,
        "Other Special Charges": NaN,
        "Restructuring And Mergern Acquisition": -200000.0,
        "Gain On Sale Of Security": NaN,
        "Net Non Operating Interest Income Expense": NaN,
        "Total Other Finance Cost": NaN,
        "Interest Expense Non Operating": 4000.0,
        "Interest Income Non Operating": NaN,
        "Operating Income": NaN,
        "Operating Expense": NaN,
        "Other Operating Expenses": 16000.0,
        "Depreciation Amortization Depletion Income Statement": NaN,
        "Depreciation And Amortization In Income Statement": NaN,
        "Depreciation Income Statement": NaN,
        "Research And Development": NaN,
        "Selling General And Administration": NaN,
        "Selling And Marketing Expense": NaN,
        "General And Administrative Expense": NaN,
        "Other Gand A": NaN,
        "Salaries And Wages": NaN,
        "Gross Profit": NaN,
        "Cost Of Revenue": NaN,
        "Total Revenue": NaN,
        "Operating Revenue": NaN
    },
    "2024-09-30": {
        "Tax Effect Of Unusual Items": 0.0,
        "Tax Rate For Calcs": 0.0,
        "Normalized EBITDA": -1987000.0,
        "Total Unusual Items": -133000.0,
        "Total Unusual Items Excluding Goodwill": -133000.0,
        "Net Income From Continuing Operation Net Minority Interest": -2586000.0,
        "Reconciled Depreciation": 358000.0,
        "Reconciled Cost Of Revenue": 340359000.0,
        "EBITDA": -2120000.0,
        "EBIT": -2478000.0,
        "Net Interest Income": -81000.0,
        "Interest Expense": NaN,
        "Interest Income": 164000.0,
        "Normalized Income": -2453000.0,
        "Net Income From Continuing And Discontinued Operation": -2586000.0,
        "Total Expenses": 374966000.0,
        "Total Operating Income As Reported": -2478000.0,
        "Diluted Average Shares": 196668000.0,
        "Basic Average Shares": 196668000.0,
        "Diluted EPS": -0.01,
        "Basic EPS": -0.01,
        "Diluted NI Availto Com Stockholders": -2586000.0,
        "Net Income Common Stockholders": -2586000.0,
        "Net Income": -2586000.0,
        "Minority Interests": -45000.0,
        "Net Income Including Noncontrolling Interests": -2541000.0,
        "Net Income Continuous Operations": -2541000.0,
        "Pretax Income": -2541000.0,
        "Other Income Expense": 18000.0,
        "Other Non Operating Income Expenses": 151000.0,
        "Special Income Charges": 0.0,
        "Other Special Charges": NaN,
        "Restructuring And Mergern Acquisition": NaN,
        "Gain On Sale Of Security": -133000.0,
        "Net Non Operating Interest Income Expense": -81000.0,
        "Total Other Finance Cost": 245000.0,
        "Interest Expense Non Operating": NaN,
        "Interest Income Non Operating": 164000.0,
        "Operating Income": -2478000.0,
        "Operating Expense": 34607000.0,
        "Depreciation Amortization Depletion Income Statement": 358000.0,
        "Depreciation And Amortization In Income Statement": 358000.0,
        "Depreciation Income Statement": 358000.0,
        "Research And Development": 3045000.0,
        "Selling General And Administration": 31204000.0,
        "Selling And Marketing Expense": 12311000.0,
        "General And Administrative Expense": 18893000.0,
        "Other Gand A": 5804000.0,
        "Salaries And Wages": 13089000.0,
        "Gross Profit": 32129000.0,
        "Cost Of Revenue": 340359000.0,
        "Total Revenue": 372488000.0,
        "Operating Revenue": 372488000.0
    }
}