{
    "2022-12-31": {
        "Tax Effect Of Unusual Items": NaN,
        "Tax Rate For Calcs": NaN,
        "Normalized EBITDA": NaN,
        "Total Unusual Items": -421000.0,
        "Total Unusual Items Excluding Goodwill": -421000.0,
        "Net Income From Continuing Operation Net Minority Interest": NaN,
        "Reconciled Depreciation": NaN,
        "Reconciled Cost Of Revenue": NaN,
        "EBITDA": NaN,
        "EBIT": NaN,
        "Net Interest Income": NaN,
        "Interest Income": NaN,
        "Normalized Income": NaN,
        "Net Income From Continuing And Discontinued Operation": NaN,
        "Total Expenses": NaN,
        "Total Operating Income As Reported": NaN,
        "Diluted Average Shares": NaN,
        "Basic Average Shares": NaN,
        "Diluted EPS": NaN,
        "Basic EPS": NaN,
        "Diluted NI Availto Com Stockholders": NaN,
        "Net Income Common Stockholders": NaN,
        "Net Income": NaN,
        "Net Income Including Noncontrolling Interests": NaN,
        "Net Income Continuous Operations": NaN,
        "Tax Provision": NaN,
        "Pretax Income": NaN,
        "Other Income Expense": -421000.0,
        "Gain On Sale Of Security": -421000.0,
        "Net Non Operating Interest Income Expense": NaN,
        "Interest Income Non Operating": NaN,
        "Operating Income": NaN,
        "Operating Expense": NaN,
        "Research And Development": NaN,
        "Selling General And Administration": NaN,
        "Gross Profit": NaN,
        "Cost Of Revenue": NaN,
        "Total Revenue": NaN,
        "Operating Revenue": NaN
    },
    "2022-09-30": {
        "Tax Effect Of Unusual Items": NaN,
        "Tax Rate For Calcs": NaN,
        "Normalized EBITDA": NaN,
        "Total Unusual Items": 182000.0,
        "Total Unusual Items Excluding Goodwill": 182000.0,
        "Net Income From Continuing Operation Net Minority Interest": NaN,
        "Reconciled Depreciation": NaN,
        "Reconciled Cost Of Revenue": NaN,
        "EBITDA": NaN,
        "EBIT": NaN,
        "Net Interest Income": NaN,
        "Interest Income": NaN,
        "Normalized Income": NaN,
        "Net Income From Continuing And Discontinued Operation": NaN,
        "Total Expenses": NaN,
        "Total Operating Income As Reported": NaN,
        "Diluted Average Shares": 9806378.0,
        "Basic Average Shares": 9806378.0,
        "Diluted EPS": -3.41001,
        "Basic EPS": -3.41001,
        "Diluted NI Availto Com Stockholders": NaN,
        "Net Income Common Stockholders": NaN,
        "Net Income": NaN,
        "Net Income Including Noncontrolling Interests": NaN,
        "Net Income Continuous Operations": NaN,
        "Tax Provision": NaN,
        "Pretax Income": NaN,
        "Other Income Expense": 182000.0,
        "Gain On Sale Of Security": 182000.0,
        "Net Non Operating Interest Income Expense": NaN,
        "Interest Income Non Operating": NaN,
        "Operating Income": NaN,
        "Operating Expense": NaN,
        "Research And Development": NaN,
        "Selling General And Administration": NaN,
        "Gross Profit": NaN,
        "Cost Of Revenue": NaN,
        "Total Revenue": NaN,
        "Operating Revenue": NaN
    },
    "2022-06-30": {
        "Tax Effect Of Unusual Items": 1817200.0,
        "Tax Rate For Calcs": 0.4,
        "Normalized EBITDA": -31315000.0,
        "Total Unusual Items": 4543000.0,
        "Total Unusual Items Excluding Goodwill": 4543000.0,
        "Net Income From Continuing Operation Net Minority Interest": -23694000.0,
        "Reconciled Depreciation": 1093000.0,
        "Reconciled Cost Of Revenue": 9000.0,
        "EBITDA": -26772000.0,
        "EBIT": -27865000.0,
        "Net Interest Income": 247000.0,
        "Interest Income": 247000.0,
        "Normalized Income": -26419800.0,
        "Net Income From Continuing And Discontinued Operation": -23694000.0,
        "Total Expenses": 27865000.0,
        "Total Operating Income As Reported": -27865000.0,
        "Diluted Average Shares": 239563002.0,
        "Basic Average Shares": 239563002.0,
        "Diluted EPS": -0.105392,
        "Basic EPS": -0.105392,
        "Diluted NI Availto Com Stockholders": -23694000.0,
        "Net Income Common Stockholders": -23694000.0,
        "Net Income": -23694000.0,
        "Net Income Including Noncontrolling Interests": -23694000.0,
        "Net Income Continuous Operations": -23694000.0,
        "Tax Provision": 619000.0,
        "Pretax Income": -23075000.0,
        "Other Income Expense": 4543000.0,
        "Gain On Sale Of Security": 4543000.0,
        "Net Non Operating Interest Income Expense": 247000.0,
        "Interest Income Non Operating": 247000.0,
        "Operating Income": -27865000.0,
        "Operating Expense": 27856000.0,
        "Research And Development": 16526000.0,
        "Selling General And Administration": 11330000.0,
        "Gross Profit": -9000.0,
        "Cost Of Revenue": 9000.0,
        "Total Revenue": 0.0,
        "Operating Revenue": 0.0
    },
    "2023-03-31": {
        "Tax Effect Of Unusual Items": NaN,
        "Tax Rate For Calcs": NaN,
        "Normalized EBITDA": NaN,
        "Total Unusual Items": NaN,
        "Total Unusual Items Excluding Goodwill": NaN,
        "Net Income From Continuing Operation Net Minority Interest": NaN,
        "Reconciled Depreciation": NaN,
        "Reconciled Cost Of Revenue": NaN,
        "EBITDA": NaN,
        "EBIT": NaN,
        "Net Interest Income": NaN,
        "Interest Income": NaN,
        "Normalized Income": NaN,
        "Net Income From Continuing And Discontinued Operation": NaN,
        "Total Expenses": NaN,
        "Total Operating Income As Reported": NaN,
        "Diluted Average Shares": 9961218.0,
        "Basic Average Shares": 9961218.0,
        "Diluted EPS": -2.87,
        "Basic EPS": -2.87,
        "Diluted NI Availto Com Stockholders": NaN,
        "Net Income Common Stockholders": NaN,
        "Net Income": NaN,
        "Net Income Including Noncontrolling Interests": NaN,
        "Net Income Continuous Operations": NaN,
        "Tax Provision": NaN,
        "Pretax Income": NaN,
        "Other Income Expense": NaN,
        "Gain On Sale Of Security": NaN,
        "Net Non Operating Interest Income Expense": NaN,
        "Interest Income Non Operating": NaN,
        "Operating Income": NaN,
        "Operating Expense": NaN,
        "Research And Development": NaN,
        "Selling General And Administration": NaN,
        "Gross Profit": NaN,
        "Cost Of Revenue": NaN,
        "Total Revenue": NaN,
        "Operating Revenue": NaN
    },
    "2022-03-31": {
        "Diluted EPS": -0.07,
        "Total Revenue": NaN,
        "Gross Profit": -1,
        "Operating Income": -37,
        "EBIT": -36,
        "Net Income": -21
    },
    "2021-12-31": {
        "Diluted EPS": -0.34,
        "Total Revenue": NaN,
        "Gross Profit": -1,
        "Operating Income": -39,
        "EBIT": -39,
        "Net Income": -47
    },
    "2021-09-30": {
        "Diluted EPS": -1.57,
        "Total Revenue": NaN,
        "Gross Profit": 0,
        "Operating Income": -432,
        "EBIT": -432,
        "Net Income": -415
    },
    "2021-06-30": {
        "Diluted EPS": -0.16,
        "Total Revenue": NaN,
        "Gross Profit": 0,
        "Operating Income": -31,
        "EBIT": -31,
        "Net Income": -31
    },
    "2021-03-31": {
        "Diluted EPS": -0.07,
        "Total Revenue": 0,
        "Gross Profit": 0,
        "Operating Income": -13,
        "EBIT": -13,
        "Net Income": -13
    },
    "2020-12-31": {
        "Diluted EPS": 0.0,
        "Total Revenue": NaN,
        "Gross Profit": NaN,
        "Operating Income": NaN,
        "EBIT": NaN,
        "Net Income": NaN
    },
    "2020-09-30": {
        "Diluted EPS": -0.12,
        "Total Revenue": 0,
        "Gross Profit": 0,
        "Operating Income": -19,
        "EBIT": -19,
        "Net Income": -19
    },
    "2019-12-31": {
        "Diluted EPS": 0.0,
        "Total Revenue": NaN,
        "Gross Profit": NaN,
        "Operating Income": NaN,
        "EBIT": NaN,
        "Net Income": NaN
    },
    "2023-06-30": {
        "Tax Effect Of Unusual Items": 0.0,
        "Tax Rate For Calcs": 0.0052,
        "Normalized EBITDA": -25024000.0,
        "Total Unusual Items": NaN,
        "Total Unusual Items Excluding Goodwill": NaN,
        "Net Income From Continuing Operation Net Minority Interest": -26211000.0,
        "Reconciled Depreciation": 2400000.0,
        "Reconciled Cost Of Revenue": 943000.0,
        "EBITDA": -25024000.0,
        "EBIT": -27424000.0,
        "Net Interest Income": 1066000.0,
        "Interest Income": 1066000.0,
        "Normalized Income": -26211000.0,
        "Net Income From Continuing And Discontinued Operation": -26211000.0,
        "Total Expenses": 28367000.0,
        "Total Operating Income As Reported": -27424000.0,
        "Diluted Average Shares": 8244869.0,
        "Basic Average Shares": 8244869.0,
        "Diluted EPS": NaN,
        "Basic EPS": NaN,
        "Diluted NI Availto Com Stockholders": -26211000.0,
        "Net Income Common Stockholders": -26211000.0,
        "Net Income": -26211000.0,
        "Net Income Including Noncontrolling Interests": -26211000.0,
        "Net Income Continuous Operations": -26211000.0,
        "Tax Provision": -137000.0,
        "Pretax Income": -26348000.0,
        "Other Income Expense": NaN,
        "Gain On Sale Of Security": NaN,
        "Net Non Operating Interest Income Expense": 1066000.0,
        "Interest Income Non Operating": 1066000.0,
        "Operating Income": -27424000.0,
        "Operating Expense": 27424000.0,
        "Research And Development": 19337000.0,
        "Selling General And Administration": 8087000.0,
        "Gross Profit": 0.0,
        "Cost Of Revenue": 943000.0,
        "Total Revenue": 943000.0,
        "Operating Revenue": 943000.0
    },
    "2023-09-30": {
        "Tax Effect Of Unusual Items": 0.0,
        "Tax Rate For Calcs": 0.23,
        "Normalized EBITDA": -22408000.0,
        "Total Unusual Items": NaN,
        "Total Unusual Items Excluding Goodwill": NaN,
        "Net Income From Continuing Operation Net Minority Interest": -24142000.0,
        "Reconciled Depreciation": 3173000.0,
        "Reconciled Cost Of Revenue": 1414000.0,
        "EBITDA": -22408000.0,
        "EBIT": -25581000.0,
        "Net Interest Income": 1450000.0,
        "Interest Income": 1450000.0,
        "Normalized Income": -24142000.0,
        "Net Income From Continuing And Discontinued Operation": -24142000.0,
        "Total Expenses": 25791000.0,
        "Total Operating Income As Reported": -25581000.0,
        "Diluted Average Shares": 10117734.0,
        "Basic Average Shares": 10117734.0,
        "Diluted EPS": -2.39001,
        "Basic EPS": -2.39001,
        "Diluted NI Availto Com Stockholders": -24142000.0,
        "Net Income Common Stockholders": -24142000.0,
        "Net Income": -24142000.0,
        "Net Income Including Noncontrolling Interests": -24142000.0,
        "Net Income Continuous Operations": -24142000.0,
        "Tax Provision": 11000.0,
        "Pretax Income": -24131000.0,
        "Other Income Expense": NaN,
        "Gain On Sale Of Security": NaN,
        "Net Non Operating Interest Income Expense": 1450000.0,
        "Interest Income Non Operating": 1450000.0,
        "Operating Income": -25581000.0,
        "Operating Expense": 24377000.0,
        "Research And Development": 15864000.0,
        "Selling General And Administration": 8513000.0,
        "Gross Profit": -1204000.0,
        "Cost Of Revenue": 1414000.0,
        "Total Revenue": 210000.0,
        "Operating Revenue": 210000.0
    },
    "2023-12-31": {
        "Tax Effect Of Unusual Items": 0.0,
        "Tax Rate For Calcs": 0.032937,
        "Normalized EBITDA": -35627000.0,
        "Total Unusual Items": NaN,
        "Total Unusual Items Excluding Goodwill": NaN,
        "Net Income From Continuing Operation Net Minority Interest": -35233000.0,
        "Reconciled Depreciation": 1543000.0,
        "Reconciled Cost Of Revenue": 913000.0,
        "EBITDA": -35627000.0,
        "EBIT": -37170000.0,
        "Net Interest Income": 890000.0,
        "Interest Income": 765000.0,
        "Normalized Income": -35233000.0,
        "Net Income From Continuing And Discontinued Operation": -35233000.0,
        "Total Expenses": 37625000.0,
        "Total Operating Income As Reported": -37170000.0,
        "Diluted Average Shares": NaN,
        "Basic Average Shares": NaN,
        "Diluted EPS": NaN,
        "Basic EPS": NaN,
        "Diluted NI Availto Com Stockholders": -35233000.0,
        "Net Income Common Stockholders": -35233000.0,
        "Net Income": -35233000.0,
        "Net Income Including Noncontrolling Interests": -35233000.0,
        "Net Income Continuous Operations": -35233000.0,
        "Tax Provision": -1200000.0,
        "Pretax Income": -36433000.0,
        "Other Income Expense": NaN,
        "Gain On Sale Of Security": NaN,
        "Net Non Operating Interest Income Expense": 890000.0,
        "Interest Income Non Operating": 765000.0,
        "Operating Income": -37170000.0,
        "Operating Expense": 36712000.0,
        "Research And Development": 28587000.0,
        "Selling General And Administration": 8125000.0,
        "Gross Profit": -458000.0,
        "Cost Of Revenue": 913000.0,
        "Total Revenue": 455000.0,
        "Operating Revenue": 455000.0
    },
    "2024-03-31": {
        "Tax Effect Of Unusual Items": -162380.0,
        "Tax Rate For Calcs": 0.23,
        "Normalized EBITDA": -21653000.0,
        "Total Unusual Items": -706000.0,
        "Total Unusual Items Excluding Goodwill": -706000.0,
        "Net Income From Continuing Operation Net Minority Interest": -25183000.0,
        "Reconciled Depreciation": 813000.0,
        "Reconciled Cost Of Revenue": 804000.0,
        "EBITDA": -22359000.0,
        "EBIT": -23172000.0,
        "Net Interest Income": 131000.0,
        "Interest Income": 131000.0,
        "Normalized Income": -24639380.0,
        "Net Income From Continuing And Discontinued Operation": -25183000.0,
        "Total Expenses": 23332000.0,
        "Total Operating Income As Reported": -23172000.0,
        "Diluted Average Shares": 11023880.0,
        "Basic Average Shares": 11023880.0,
        "Diluted EPS": -2.28,
        "Basic EPS": -2.28,
        "Diluted NI Availto Com Stockholders": -25183000.0,
        "Net Income Common Stockholders": -25183000.0,
        "Net Income": -25183000.0,
        "Net Income Including Noncontrolling Interests": -25183000.0,
        "Net Income Continuous Operations": -25183000.0,
        "Tax Provision": 1436000.0,
        "Pretax Income": -23747000.0,
        "Other Income Expense": -706000.0,
        "Gain On Sale Of Security": -706000.0,
        "Net Non Operating Interest Income Expense": 131000.0,
        "Interest Income Non Operating": 131000.0,
        "Operating Income": -23172000.0,
        "Operating Expense": 22528000.0,
        "Research And Development": 15358000.0,
        "Selling General And Administration": 7170000.0,
        "Gross Profit": -644000.0,
        "Cost Of Revenue": 804000.0,
        "Total Revenue": 160000.0,
        "Operating Revenue": 160000.0
    },
    "2024-06-30": {
        "Tax Effect Of Unusual Items": 52855.339006,
        "Tax Rate For Calcs": 0.012993,
        "Normalized EBITDA": -14311000.0,
        "Total Unusual Items": 4068000.0,
        "Total Unusual Items Excluding Goodwill": 4068000.0,
        "Net Income From Continuing Operation Net Minority Interest": -10787000.0,
        "Reconciled Depreciation": 795000.0,
        "Reconciled Cost Of Revenue": 651000.0,
        "EBITDA": -10243000.0,
        "EBIT": -11038000.0,
        "Net Interest Income": 648000.0,
        "Interest Income": 1424000.0,
        "Normalized Income": -14802144.660994,
        "Net Income From Continuing And Discontinued Operation": -10787000.0,
        "Total Expenses": 15645000.0,
        "Total Operating Income As Reported": -15645000.0,
        "Diluted Average Shares": NaN,
        "Basic Average Shares": NaN,
        "Diluted EPS": NaN,
        "Basic EPS": NaN,
        "Diluted NI Availto Com Stockholders": -10787000.0,
        "Net Income Common Stockholders": -10787000.0,
        "Net Income": -10787000.0,
        "Net Income Including Noncontrolling Interests": -10787000.0,
        "Net Income Continuous Operations": -10787000.0,
        "Tax Provision": -142000.0,
        "Pretax Income": -10929000.0,
        "Other Income Expense": 4068000.0,
        "Gain On Sale Of Security": 4068000.0,
        "Net Non Operating Interest Income Expense": 648000.0,
        "Interest Income Non Operating": 1424000.0,
        "Operating Income": -15645000.0,
        "Operating Expense": 14994000.0,
        "Research And Development": 8063000.0,
        "Selling General And Administration": 6931000.0,
        "Gross Profit": -651000.0,
        "Cost Of Revenue": 651000.0,
        "Total Revenue": 0.0,
        "Operating Revenue": 0.0
    }
}