{
    "2024-03-31": {
        "Tax Effect Of Unusual Items": -4528767.492296,
        "Tax Rate For Calcs": 0.238656,
        "Normalized EBITDA": 59789661.0,
        "Total Unusual Items": -18976140.0,
        "Total Unusual Items Excluding Goodwill": -18976140.0,
        "Net Income From Continuing Operation Net Minority Interest": 5515377.0,
        "Reconciled Depreciation": 23531549.0,
        "Reconciled Cost Of Revenue": 49067963.0,
        "EBITDA": 40813521.0,
        "EBIT": 17281972.0,
        "Net Interest Income": -11420400.0,
        "Interest Expense": 10037709.0,
        "Interest Income": 78544.0,
        "Normalized Income": 19962749.507704,
        "Net Income From Continuing And Discontinued Operation": 5515377.0,
        "Total Expenses": 56888019.0,
        "Total Operating Income As Reported": 37615117.0,
        "Diluted Average Shares": 199305150.0,
        "Basic Average Shares": 197389782.0,
        "Diluted EPS": 0.03,
        "Basic EPS": 0.03,
        "Diluted NI Availto Com Stockholders": 5515377.0,
        "Net Income Common Stockholders": 5515377.0,
        "Net Income": 5515377.0,
        "Net Income Including Noncontrolling Interests": 5515377.0,
        "Net Income Continuous Operations": 5515377.0,
        "Tax Provision": 1728886.0,
        "Pretax Income": 7244263.0,
        "Other Income Expense": -18950454.0,
        "Other Non Operating Income Expenses": 25686.0,
        "Special Income Charges": 38355.0,
        "Gain On Sale Of Ppe": 38355.0,
        "Gain On Sale Of Security": -19014495.0,
        "Net Non Operating Interest Income Expense": -11420400.0,
        "Total Other Finance Cost": 1461235.0,
        "Interest Expense Non Operating": 10037709.0,
        "Interest Income Non Operating": 78544.0,
        "Operating Income": 37615117.0,
        "Operating Expense": 7820056.0,
        "Other Operating Expenses": 350834.0,
        "Selling General And Administration": 7469222.0,
        "General And Administrative Expense": 7469222.0,
        "Other Gand A": 7469222.0,
        "Salaries And Wages": NaN,
        "Gross Profit": 45435173.0,
        "Cost Of Revenue": 49067963.0,
        "Total Revenue": 94503136.0,
        "Operating Revenue": 94503136.0
    },
    "2023-12-31": {
        "Tax Effect Of Unusual Items": 3920174.770745,
        "Tax Rate For Calcs": 0.133816,
        "Normalized EBITDA": 65624622.0,
        "Total Unusual Items": 29295333.0,
        "Total Unusual Items Excluding Goodwill": 29295333.0,
        "Net Income From Continuing Operation Net Minority Interest": 50896479.0,
        "Reconciled Depreciation": 24556654.0,
        "Reconciled Cost Of Revenue": 49986073.0,
        "EBITDA": 94919955.0,
        "EBIT": 70363301.0,
        "Net Interest Income": -11506908.0,
        "Interest Expense": 11603892.0,
        "Interest Income": 96984.0,
        "Normalized Income": 25521320.770745,
        "Net Income From Continuing And Discontinued Operation": 50896479.0,
        "Total Expenses": 59044459.0,
        "Total Operating Income As Reported": 40898259.0,
        "Diluted Average Shares": NaN,
        "Basic Average Shares": NaN,
        "Diluted EPS": NaN,
        "Basic EPS": NaN,
        "Diluted NI Availto Com Stockholders": 50896479.0,
        "Net Income Common Stockholders": 50896479.0,
        "Net Income": 50896479.0,
        "Net Income Including Noncontrolling Interests": 50896479.0,
        "Net Income Continuous Operations": 50896479.0,
        "Tax Provision": 7862930.0,
        "Pretax Income": 58759409.0,
        "Other Income Expense": 29368058.0,
        "Other Non Operating Income Expenses": 72725.0,
        "Special Income Charges": 44981.0,
        "Gain On Sale Of Ppe": 44981.0,
        "Gain On Sale Of Security": 29250352.0,
        "Net Non Operating Interest Income Expense": -11506908.0,
        "Total Other Finance Cost": NaN,
        "Interest Expense Non Operating": 11603892.0,
        "Interest Income Non Operating": 96984.0,
        "Operating Income": 40898259.0,
        "Operating Expense": 9058386.0,
        "Other Operating Expenses": 351786.0,
        "Selling General And Administration": 8706600.0,
        "General And Administrative Expense": 8706600.0,
        "Other Gand A": 14539542.0,
        "Salaries And Wages": NaN,
        "Gross Profit": 49956645.0,
        "Cost Of Revenue": 49986073.0,
        "Total Revenue": 99942718.0,
        "Operating Revenue": 99942718.0
    },
    "2023-09-30": {
        "Tax Effect Of Unusual Items": -12218737.725573,
        "Tax Rate For Calcs": 0.311522,
        "Normalized EBITDA": 59821583.0,
        "Total Unusual Items": -39222755.0,
        "Total Unusual Items Excluding Goodwill": -39222755.0,
        "Net Income From Continuing Operation Net Minority Interest": -7539222.0,
        "Reconciled Depreciation": 21791813.0,
        "Reconciled Cost Of Revenue": 46670524.0,
        "EBITDA": 20598828.0,
        "EBIT": -1192985.0,
        "Net Interest Income": -11301328.0,
        "Interest Expense": 9757573.0,
        "Interest Income": 80426.0,
        "Normalized Income": 19464795.274427,
        "Net Income From Continuing And Discontinued Operation": -7539222.0,
        "Total Expenses": 54108273.0,
        "Total Operating Income As Reported": 39573525.0,
        "Diluted Average Shares": 195361476.0,
        "Basic Average Shares": 195361476.0,
        "Diluted EPS": -0.04,
        "Basic EPS": -0.04,
        "Diluted NI Availto Com Stockholders": -7539222.0,
        "Net Income Common Stockholders": -7539222.0,
        "Net Income": -7539222.0,
        "Net Income Including Noncontrolling Interests": -7539222.0,
        "Net Income Continuous Operations": -7539222.0,
        "Tax Provision": -3411336.0,
        "Pretax Income": -10950558.0,
        "Other Income Expense": -39222755.0,
        "Other Non Operating Income Expenses": NaN,
        "Special Income Charges": 0.0,
        "Gain On Sale Of Ppe": 0.0,
        "Gain On Sale Of Security": -39222755.0,
        "Net Non Operating Interest Income Expense": -11301328.0,
        "Total Other Finance Cost": 1624181.0,
        "Interest Expense Non Operating": 9757573.0,
        "Interest Income Non Operating": 80426.0,
        "Operating Income": 39573525.0,
        "Operating Expense": 7437749.0,
        "Other Operating Expenses": 354175.0,
        "Selling General And Administration": 7083574.0,
        "General And Administrative Expense": 7083574.0,
        "Other Gand A": 4912839.0,
        "Salaries And Wages": 2170735.0,
        "Gross Profit": 47011274.0,
        "Cost Of Revenue": 46670524.0,
        "Total Revenue": 93681798.0,
        "Operating Revenue": 93681798.0
    },
    "2023-06-30": {
        "Tax Effect Of Unusual Items": NaN,
        "Tax Rate For Calcs": NaN,
        "Normalized EBITDA": NaN,
        "Total Unusual Items": NaN,
        "Total Unusual Items Excluding Goodwill": NaN,
        "Net Income From Continuing Operation Net Minority Interest": NaN,
        "Reconciled Depreciation": NaN,
        "Reconciled Cost Of Revenue": NaN,
        "EBITDA": NaN,
        "EBIT": NaN,
        "Net Interest Income": NaN,
        "Interest Expense": NaN,
        "Interest Income": NaN,
        "Normalized Income": NaN,
        "Net Income From Continuing And Discontinued Operation": NaN,
        "Total Expenses": NaN,
        "Total Operating Income As Reported": NaN,
        "Diluted Average Shares": 195866533.0,
        "Basic Average Shares": 193077859.0,
        "Diluted EPS": 0.15,
        "Basic EPS": 0.15,
        "Diluted NI Availto Com Stockholders": NaN,
        "Net Income Common Stockholders": NaN,
        "Net Income": NaN,
        "Net Income Including Noncontrolling Interests": NaN,
        "Net Income Continuous Operations": NaN,
        "Tax Provision": NaN,
        "Pretax Income": NaN,
        "Other Income Expense": NaN,
        "Other Non Operating Income Expenses": 116610.0,
        "Special Income Charges": NaN,
        "Gain On Sale Of Ppe": NaN,
        "Gain On Sale Of Security": NaN,
        "Net Non Operating Interest Income Expense": NaN,
        "Total Other Finance Cost": 1460460.0,
        "Interest Expense Non Operating": NaN,
        "Interest Income Non Operating": NaN,
        "Operating Income": NaN,
        "Operating Expense": NaN,
        "Other Operating Expenses": NaN,
        "Selling General And Administration": NaN,
        "General And Administrative Expense": NaN,
        "Other Gand A": NaN,
        "Salaries And Wages": 2260312.0,
        "Gross Profit": NaN,
        "Cost Of Revenue": NaN,
        "Total Revenue": NaN,
        "Operating Revenue": NaN
    },
    "2023-03-31": {
        "Tax Effect Of Unusual Items": NaN,
        "Tax Rate For Calcs": NaN,
        "Normalized EBITDA": NaN,
        "Total Unusual Items": NaN,
        "Total Unusual Items Excluding Goodwill": NaN,
        "Net Income From Continuing Operation Net Minority Interest": NaN,
        "Reconciled Depreciation": NaN,
        "Reconciled Cost Of Revenue": NaN,
        "EBITDA": NaN,
        "EBIT": NaN,
        "Net Interest Income": NaN,
        "Interest Expense": NaN,
        "Interest Income": NaN,
        "Normalized Income": NaN,
        "Net Income From Continuing And Discontinued Operation": NaN,
        "Total Expenses": NaN,
        "Total Operating Income As Reported": NaN,
        "Diluted Average Shares": NaN,
        "Basic Average Shares": NaN,
        "Diluted EPS": NaN,
        "Basic EPS": NaN,
        "Diluted NI Availto Com Stockholders": NaN,
        "Net Income Common Stockholders": NaN,
        "Net Income": NaN,
        "Net Income Including Noncontrolling Interests": NaN,
        "Net Income Continuous Operations": NaN,
        "Tax Provision": NaN,
        "Pretax Income": NaN,
        "Other Income Expense": NaN,
        "Other Non Operating Income Expenses": 9600.0,
        "Special Income Charges": NaN,
        "Gain On Sale Of Ppe": NaN,
        "Gain On Sale Of Security": NaN,
        "Net Non Operating Interest Income Expense": NaN,
        "Total Other Finance Cost": NaN,
        "Interest Expense Non Operating": NaN,
        "Interest Income Non Operating": NaN,
        "Operating Income": NaN,
        "Operating Expense": NaN,
        "Other Operating Expenses": NaN,
        "Selling General And Administration": NaN,
        "General And Administrative Expense": NaN,
        "Other Gand A": NaN,
        "Salaries And Wages": NaN,
        "Gross Profit": NaN,
        "Cost Of Revenue": NaN,
        "Total Revenue": NaN,
        "Operating Revenue": NaN
    },
    "2022-12-31": {
        "Tax Effect Of Unusual Items": NaN,
        "Tax Rate For Calcs": NaN,
        "Normalized EBITDA": NaN,
        "Total Unusual Items": NaN,
        "Total Unusual Items Excluding Goodwill": NaN,
        "Net Income From Continuing Operation Net Minority Interest": NaN,
        "Reconciled Depreciation": NaN,
        "Reconciled Cost Of Revenue": NaN,
        "EBITDA": NaN,
        "EBIT": NaN,
        "Net Interest Income": NaN,
        "Interest Expense": NaN,
        "Interest Income": NaN,
        "Normalized Income": NaN,
        "Net Income From Continuing And Discontinued Operation": NaN,
        "Total Expenses": NaN,
        "Total Operating Income As Reported": NaN,
        "Diluted Average Shares": 178736799.0,
        "Basic Average Shares": 162743445.0,
        "Diluted EPS": 0.08,
        "Basic EPS": 0.09,
        "Diluted NI Availto Com Stockholders": NaN,
        "Net Income Common Stockholders": NaN,
        "Net Income": NaN,
        "Net Income Including Noncontrolling Interests": NaN,
        "Net Income Continuous Operations": NaN,
        "Tax Provision": NaN,
        "Pretax Income": NaN,
        "Other Income Expense": NaN,
        "Other Non Operating Income Expenses": NaN,
        "Special Income Charges": NaN,
        "Gain On Sale Of Ppe": NaN,
        "Gain On Sale Of Security": NaN,
        "Net Non Operating Interest Income Expense": NaN,
        "Total Other Finance Cost": NaN,
        "Interest Expense Non Operating": NaN,
        "Interest Income Non Operating": NaN,
        "Operating Income": NaN,
        "Operating Expense": NaN,
        "Other Operating Expenses": NaN,
        "Selling General And Administration": NaN,
        "General And Administrative Expense": NaN,
        "Other Gand A": NaN,
        "Salaries And Wages": NaN,
        "Gross Profit": NaN,
        "Cost Of Revenue": NaN,
        "Total Revenue": NaN,
        "Operating Revenue": NaN
    },
    "2022-09-30": {
        "Tax Effect Of Unusual Items": NaN,
        "Tax Rate For Calcs": NaN,
        "Normalized EBITDA": NaN,
        "Total Unusual Items": NaN,
        "Total Unusual Items Excluding Goodwill": NaN,
        "Net Income From Continuing Operation Net Minority Interest": NaN,
        "Reconciled Depreciation": NaN,
        "Reconciled Cost Of Revenue": NaN,
        "EBITDA": NaN,
        "EBIT": NaN,
        "Net Interest Income": NaN,
        "Interest Expense": NaN,
        "Interest Income": NaN,
        "Normalized Income": NaN,
        "Net Income From Continuing And Discontinued Operation": NaN,
        "Total Expenses": NaN,
        "Total Operating Income As Reported": NaN,
        "Diluted Average Shares": NaN,
        "Basic Average Shares": NaN,
        "Diluted EPS": NaN,
        "Basic EPS": NaN,
        "Diluted NI Availto Com Stockholders": NaN,
        "Net Income Common Stockholders": NaN,
        "Net Income": NaN,
        "Net Income Including Noncontrolling Interests": NaN,
        "Net Income Continuous Operations": NaN,
        "Tax Provision": NaN,
        "Pretax Income": NaN,
        "Other Income Expense": NaN,
        "Other Non Operating Income Expenses": NaN,
        "Special Income Charges": NaN,
        "Gain On Sale Of Ppe": NaN,
        "Gain On Sale Of Security": NaN,
        "Net Non Operating Interest Income Expense": NaN,
        "Total Other Finance Cost": NaN,
        "Interest Expense Non Operating": NaN,
        "Interest Income Non Operating": NaN,
        "Operating Income": NaN,
        "Operating Expense": NaN,
        "Other Operating Expenses": NaN,
        "Selling General And Administration": NaN,
        "General And Administrative Expense": NaN,
        "Other Gand A": NaN,
        "Salaries And Wages": 1543033.0,
        "Gross Profit": NaN,
        "Cost Of Revenue": NaN,
        "Total Revenue": NaN,
        "Operating Revenue": NaN
    },
    "2024-06-30": {
        "Tax Effect Of Unusual Items": -414634.9913,
        "Tax Rate For Calcs": 0.2333,
        "Normalized EBITDA": 65007881.0,
        "Total Unusual Items": -1777261.0,
        "Total Unusual Items Excluding Goodwill": -1777261.0,
        "Net Income From Continuing Operation Net Minority Interest": 22418994.0,
        "Reconciled Depreciation": 24427958.0,
        "Reconciled Cost Of Revenue": 49255697.0,
        "EBITDA": 63230620.0,
        "EBIT": 38802662.0,
        "Net Interest Income": -10801194.0,
        "Interest Expense": 9563183.0,
        "Interest Income": 228894.0,
        "Normalized Income": 23781620.0087,
        "Net Income From Continuing And Discontinued Operation": 22418994.0,
        "Total Expenses": 57321415.0,
        "Total Operating Income As Reported": 41817934.0,
        "Diluted Average Shares": 200428813.0,
        "Basic Average Shares": 197976721.0,
        "Diluted EPS": 0.11,
        "Basic EPS": 0.11,
        "Diluted NI Availto Com Stockholders": 22418994.0,
        "Net Income Common Stockholders": 22418994.0,
        "Net Income": 22418994.0,
        "Net Income Including Noncontrolling Interests": 22418994.0,
        "Net Income Continuous Operations": 22418994.0,
        "Tax Provision": 6820485.0,
        "Pretax Income": 29239479.0,
        "Other Income Expense": -1777261.0,
        "Other Non Operating Income Expenses": NaN,
        "Special Income Charges": 51338.0,
        "Gain On Sale Of Ppe": 51338.0,
        "Gain On Sale Of Security": -1828599.0,
        "Net Non Operating Interest Income Expense": -10801194.0,
        "Total Other Finance Cost": 1466905.0,
        "Interest Expense Non Operating": 9563183.0,
        "Interest Income Non Operating": 228894.0,
        "Operating Income": 41817934.0,
        "Operating Expense": 8065718.0,
        "Other Operating Expenses": 352184.0,
        "Selling General And Administration": 7713534.0,
        "General And Administrative Expense": 7713534.0,
        "Other Gand A": 5635756.0,
        "Salaries And Wages": 2077778.0,
        "Gross Profit": 49883652.0,
        "Cost Of Revenue": 49255697.0,
        "Total Revenue": 99139349.0,
        "Operating Revenue": 99139349.0
    },
    "2024-09-30": {
        "Tax Effect Of Unusual Items": 5674597.424087,
        "Tax Rate For Calcs": 0.229447,
        "Normalized EBITDA": 53899925.0,
        "Total Unusual Items": 24731625.0,
        "Total Unusual Items Excluding Goodwill": 24731625.0,
        "Net Income From Continuing Operation Net Minority Interest": 33878424.0,
        "Reconciled Depreciation": 25404101.0,
        "Reconciled Cost Of Revenue": 52623329.0,
        "EBITDA": 78631550.0,
        "EBIT": 53227449.0,
        "Net Interest Income": -10610539.0,
        "Interest Expense": 9261071.0,
        "Interest Income": 143704.0,
        "Normalized Income": 14821396.424087,
        "Net Income From Continuing And Discontinued Operation": 33878424.0,
        "Total Expenses": 59399091.0,
        "Total Operating Income As Reported": 29845292.0,
        "Diluted Average Shares": 200723863.0,
        "Basic Average Shares": 198177046.0,
        "Diluted EPS": 0.17,
        "Basic EPS": 0.17,
        "Diluted NI Availto Com Stockholders": 33878424.0,
        "Net Income Common Stockholders": 33878424.0,
        "Net Income": 33878424.0,
        "Net Income Including Noncontrolling Interests": 33878424.0,
        "Net Income Continuous Operations": 33878424.0,
        "Tax Provision": 10087954.0,
        "Pretax Income": 43966378.0,
        "Other Income Expense": 24731625.0,
        "Other Non Operating Income Expenses": NaN,
        "Special Income Charges": 0.0,
        "Gain On Sale Of Ppe": 0.0,
        "Gain On Sale Of Security": 24731625.0,
        "Net Non Operating Interest Income Expense": -10610539.0,
        "Total Other Finance Cost": 1493172.0,
        "Interest Expense Non Operating": 9261071.0,
        "Interest Income Non Operating": 143704.0,
        "Operating Income": 29845292.0,
        "Operating Expense": 6775762.0,
        "Other Operating Expenses": 354195.0,
        "Selling General And Administration": 6421567.0,
        "General And Administrative Expense": 6421567.0,
        "Other Gand A": 6389480.0,
        "Salaries And Wages": 32087.0,
        "Gross Profit": 36621054.0,
        "Cost Of Revenue": 52623329.0,
        "Total Revenue": 89244383.0,
        "Operating Revenue": 89244383.0
    }
}