{
    "2023-03-31": {
        "Tax Effect Of Unusual Items": NaN,
        "Tax Rate For Calcs": NaN,
        "Normalized EBITDA": NaN,
        "Total Unusual Items": NaN,
        "Total Unusual Items Excluding Goodwill": NaN,
        "Net Income From Continuing Operation Net Minority Interest": NaN,
        "Reconciled Depreciation": NaN,
        "Reconciled Cost Of Revenue": NaN,
        "EBITDA": NaN,
        "EBIT": NaN,
        "Net Interest Income": NaN,
        "Interest Expense": NaN,
        "Normalized Income": NaN,
        "Net Income From Continuing And Discontinued Operation": NaN,
        "Total Expenses": NaN,
        "Total Operating Income As Reported": NaN,
        "Diluted Average Shares": NaN,
        "Basic Average Shares": NaN,
        "Diluted EPS": NaN,
        "Basic EPS": NaN,
        "Diluted NI Availto Com Stockholders": NaN,
        "Net Income Common Stockholders": NaN,
        "Net Income": NaN,
        "Net Income Including Noncontrolling Interests": NaN,
        "Net Income Discontinuous Operations": 0.0,
        "Net Income Continuous Operations": NaN,
        "Tax Provision": 0.0,
        "Pretax Income": NaN,
        "Other Income Expense": NaN,
        "Other Non Operating Income Expenses": NaN,
        "Special Income Charges": NaN,
        "Other Special Charges": -527000.0,
        "Impairment Of Capital Assets": NaN,
        "Gain On Sale Of Security": NaN,
        "Net Non Operating Interest Income Expense": NaN,
        "Interest Expense Non Operating": NaN,
        "Operating Income": NaN,
        "Operating Expense": NaN,
        "Depreciation Amortization Depletion Income Statement": NaN,
        "Depreciation And Amortization In Income Statement": NaN,
        "Research And Development": NaN,
        "Selling General And Administration": NaN,
        "Selling And Marketing Expense": NaN,
        "General And Administrative Expense": NaN,
        "Other Gand A": NaN,
        "Gross Profit": NaN,
        "Cost Of Revenue": NaN,
        "Total Revenue": NaN,
        "Operating Revenue": NaN
    },
    "2022-12-31": {
        "Tax Effect Of Unusual Items": NaN,
        "Tax Rate For Calcs": NaN,
        "Normalized EBITDA": NaN,
        "Total Unusual Items": NaN,
        "Total Unusual Items Excluding Goodwill": NaN,
        "Net Income From Continuing Operation Net Minority Interest": NaN,
        "Reconciled Depreciation": NaN,
        "Reconciled Cost Of Revenue": NaN,
        "EBITDA": NaN,
        "EBIT": NaN,
        "Net Interest Income": NaN,
        "Interest Expense": NaN,
        "Normalized Income": NaN,
        "Net Income From Continuing And Discontinued Operation": NaN,
        "Total Expenses": NaN,
        "Total Operating Income As Reported": NaN,
        "Diluted Average Shares": NaN,
        "Basic Average Shares": NaN,
        "Diluted EPS": NaN,
        "Basic EPS": NaN,
        "Diluted NI Availto Com Stockholders": NaN,
        "Net Income Common Stockholders": NaN,
        "Otherunder Preferred Stock Dividend": 0.0,
        "Net Income": NaN,
        "Net Income Including Noncontrolling Interests": NaN,
        "Net Income Discontinuous Operations": 339000.0,
        "Net Income Continuous Operations": NaN,
        "Earnings From Equity Interest Net Of Tax": 0.0,
        "Tax Provision": -33000.0,
        "Pretax Income": NaN,
        "Other Income Expense": NaN,
        "Other Non Operating Income Expenses": NaN,
        "Special Income Charges": NaN,
        "Other Special Charges": NaN,
        "Impairment Of Capital Assets": 0.0,
        "Gain On Sale Of Security": NaN,
        "Net Non Operating Interest Income Expense": NaN,
        "Total Other Finance Cost": 0.0,
        "Interest Expense Non Operating": NaN,
        "Operating Income": NaN,
        "Operating Expense": NaN,
        "Depreciation Amortization Depletion Income Statement": NaN,
        "Depreciation And Amortization In Income Statement": NaN,
        "Research And Development": NaN,
        "Selling General And Administration": NaN,
        "Selling And Marketing Expense": NaN,
        "General And Administrative Expense": NaN,
        "Other Gand A": NaN,
        "Gross Profit": NaN,
        "Cost Of Revenue": NaN,
        "Total Revenue": NaN,
        "Operating Revenue": NaN
    },
    "2022-09-30": {
        "Tax Effect Of Unusual Items": NaN,
        "Tax Rate For Calcs": NaN,
        "Normalized EBITDA": NaN,
        "Total Unusual Items": NaN,
        "Total Unusual Items Excluding Goodwill": NaN,
        "Net Income From Continuing Operation Net Minority Interest": NaN,
        "Reconciled Depreciation": NaN,
        "Reconciled Cost Of Revenue": NaN,
        "EBITDA": NaN,
        "EBIT": NaN,
        "Net Interest Income": NaN,
        "Interest Expense": NaN,
        "Normalized Income": NaN,
        "Net Income From Continuing And Discontinued Operation": NaN,
        "Total Expenses": NaN,
        "Total Operating Income As Reported": NaN,
        "Diluted Average Shares": 53482110.0,
        "Basic Average Shares": 53482110.0,
        "Diluted EPS": -0.9,
        "Basic EPS": -0.9,
        "Diluted NI Availto Com Stockholders": NaN,
        "Net Income Common Stockholders": NaN,
        "Otherunder Preferred Stock Dividend": 0.0,
        "Net Income": NaN,
        "Net Income Including Noncontrolling Interests": NaN,
        "Net Income Discontinuous Operations": NaN,
        "Net Income Continuous Operations": NaN,
        "Earnings From Equity Interest Net Of Tax": 0.0,
        "Tax Provision": NaN,
        "Pretax Income": NaN,
        "Other Income Expense": NaN,
        "Other Non Operating Income Expenses": NaN,
        "Special Income Charges": NaN,
        "Other Special Charges": NaN,
        "Impairment Of Capital Assets": 34835000.0,
        "Net Non Operating Interest Income Expense": NaN,
        "Total Other Finance Cost": NaN,
        "Interest Expense Non Operating": NaN,
        "Operating Income": NaN,
        "Operating Expense": NaN,
        "Depreciation Amortization Depletion Income Statement": NaN,
        "Depreciation And Amortization In Income Statement": NaN,
        "Research And Development": NaN,
        "Selling General And Administration": NaN,
        "Selling And Marketing Expense": NaN,
        "General And Administrative Expense": NaN,
        "Other Gand A": NaN,
        "Gross Profit": NaN,
        "Cost Of Revenue": NaN,
        "Total Revenue": NaN,
        "Operating Revenue": NaN
    },
    "2022-06-30": {
        "Tax Effect Of Unusual Items": 0.0,
        "Tax Rate For Calcs": 0.0,
        "Normalized EBITDA": -14065000.0,
        "Total Unusual Items": NaN,
        "Total Unusual Items Excluding Goodwill": NaN,
        "Net Income From Continuing Operation Net Minority Interest": -15602000.0,
        "Reconciled Depreciation": 1520000.0,
        "Reconciled Cost Of Revenue": 2666000.0,
        "EBITDA": -14065000.0,
        "EBIT": -15585000.0,
        "Net Interest Income": -17000.0,
        "Interest Expense": 17000.0,
        "Normalized Income": -15602000.0,
        "Net Income From Continuing And Discontinued Operation": -15602000.0,
        "Total Expenses": 19885000.0,
        "Total Operating Income As Reported": -15551000.0,
        "Diluted Average Shares": 47154453.0,
        "Basic Average Shares": 47154453.0,
        "Diluted EPS": -0.33,
        "Basic EPS": -0.33,
        "Diluted NI Availto Com Stockholders": -15602000.0,
        "Net Income Common Stockholders": -15602000.0,
        "Otherunder Preferred Stock Dividend": 0.0,
        "Net Income": -15602000.0,
        "Net Income Including Noncontrolling Interests": -15602000.0,
        "Net Income Discontinuous Operations": 0.0,
        "Net Income Continuous Operations": -15602000.0,
        "Earnings From Equity Interest Net Of Tax": 0.0,
        "Tax Provision": 0.0,
        "Pretax Income": -15602000.0,
        "Other Income Expense": -34000.0,
        "Other Non Operating Income Expenses": -34000.0,
        "Special Income Charges": NaN,
        "Other Special Charges": NaN,
        "Impairment Of Capital Assets": NaN,
        "Net Non Operating Interest Income Expense": -17000.0,
        "Total Other Finance Cost": NaN,
        "Interest Expense Non Operating": 17000.0,
        "Operating Income": -15551000.0,
        "Operating Expense": 17219000.0,
        "Depreciation Amortization Depletion Income Statement": 1520000.0,
        "Depreciation And Amortization In Income Statement": 1520000.0,
        "Research And Development": 4727000.0,
        "Selling General And Administration": 10972000.0,
        "Selling And Marketing Expense": 2649000.0,
        "General And Administrative Expense": 8323000.0,
        "Other Gand A": 8323000.0,
        "Gross Profit": 1668000.0,
        "Cost Of Revenue": 2666000.0,
        "Total Revenue": 4334000.0,
        "Operating Revenue": 4334000.0
    },
    "2022-03-31": {
        "Diluted EPS": -0.29,
        "Total Revenue": 3,
        "Gross Profit": 1,
        "Operating Income": -13,
        "EBIT": -11,
        "Net Income": -13
    },
    "2021-12-31": {
        "Diluted EPS": -0.16,
        "Total Revenue": 0,
        "Gross Profit": 1,
        "Operating Income": -12,
        "EBIT": -11,
        "Net Income": -7
    },
    "2021-09-30": {
        "Diluted EPS": -0.23,
        "Total Revenue": 3,
        "Gross Profit": 1,
        "Operating Income": -10,
        "EBIT": -9,
        "Net Income": -10
    },
    "2021-06-30": {
        "Diluted EPS": -0.12,
        "Total Revenue": 4,
        "Gross Profit": 3,
        "Operating Income": -5,
        "EBIT": -4,
        "Net Income": -5
    },
    "2021-03-31": {
        "Diluted EPS": -0.15,
        "Total Revenue": 4,
        "Gross Profit": 2,
        "Operating Income": -5,
        "EBIT": -5,
        "Net Income": -5
    },
    "2020-12-31": {
        "Diluted EPS": -0.15,
        "Total Revenue": 3,
        "Gross Profit": 2,
        "Operating Income": -3,
        "EBIT": -3,
        "Net Income": -3
    },
    "2020-09-30": {
        "Diluted EPS": -0.26,
        "Total Revenue": 2,
        "Gross Profit": 1,
        "Operating Income": -3,
        "EBIT": -3,
        "Net Income": -7
    },
    "2020-06-30": {
        "Diluted EPS": -0.04,
        "Total Revenue": 3,
        "Gross Profit": 1,
        "Operating Income": -3,
        "EBIT": -2,
        "Net Income": -1
    },
    "2020-03-31": {
        "Diluted EPS": -0.19,
        "Total Revenue": 2,
        "Gross Profit": 1,
        "Operating Income": -3,
        "EBIT": -2,
        "Net Income": -4
    },
    "2019-12-31": {
        "Diluted EPS": -0.21,
        "Total Revenue": 2,
        "Gross Profit": 1,
        "Operating Income": -2,
        "EBIT": -1,
        "Net Income": -4
    },
    "2019-09-30": {
        "Diluted EPS": -0.2,
        "Total Revenue": 2,
        "Gross Profit": 1,
        "Operating Income": -2,
        "EBIT": -2,
        "Net Income": -4
    },
    "2019-06-30": {
        "Diluted EPS": -0.27,
        "Total Revenue": 1,
        "Gross Profit": 1,
        "Operating Income": -2,
        "EBIT": -1,
        "Net Income": -5
    },
    "2019-03-31": {
        "Diluted EPS": -0.17,
        "Total Revenue": 1,
        "Gross Profit": 1,
        "Operating Income": -1,
        "EBIT": -1,
        "Net Income": -3
    },
    "2018-12-31": {
        "Diluted EPS": -0.14,
        "Total Revenue": -9,
        "Gross Profit": 1,
        "Operating Income": -2,
        "EBIT": -1,
        "Net Income": -1
    },
    "2018-09-30": {
        "Diluted EPS": -0.05,
        "Total Revenue": 6,
        "Gross Profit": 3,
        "Operating Income": 0,
        "EBIT": 0,
        "Net Income": -1
    },
    "2018-06-30": {
        "Diluted EPS": -0.08,
        "Total Revenue": 12,
        "Gross Profit": 3,
        "Operating Income": -1,
        "EBIT": 0,
        "Net Income": -1
    },
    "2018-03-31": {
        "Diluted EPS": -0.17,
        "Total Revenue": 11,
        "Gross Profit": 3,
        "Operating Income": -2,
        "EBIT": -2,
        "Net Income": -2
    },
    "2017-12-31": {
        "Diluted EPS": -0.19,
        "Total Revenue": 11,
        "Gross Profit": 3,
        "Operating Income": -2,
        "EBIT": -2,
        "Net Income": -4
    },
    "2017-09-30": {
        "Diluted EPS": -0.09,
        "Total Revenue": 4,
        "Gross Profit": 2,
        "Operating Income": -1,
        "EBIT": -1,
        "Net Income": -1
    },
    "2017-06-30": {
        "Diluted EPS": -0.11,
        "Total Revenue": 3,
        "Gross Profit": 2,
        "Operating Income": -1,
        "EBIT": -1,
        "Net Income": -1
    },
    "2017-03-31": {
        "Diluted EPS": -0.12,
        "Total Revenue": 3,
        "Gross Profit": 2,
        "Operating Income": -1,
        "EBIT": -1,
        "Net Income": -1
    },
    "2016-12-31": {
        "Diluted EPS": 0.0,
        "Total Revenue": NaN,
        "Gross Profit": NaN,
        "Operating Income": NaN,
        "EBIT": NaN,
        "Net Income": NaN
    },
    "2016-09-30": {
        "Diluted EPS": -0.01,
        "Total Revenue": 2,
        "Gross Profit": 1,
        "Operating Income": 0,
        "EBIT": 0,
        "Net Income": 0
    },
    "2023-06-30": {
        "Tax Effect Of Unusual Items": NaN,
        "Tax Rate For Calcs": NaN,
        "Normalized EBITDA": NaN,
        "Total Unusual Items": NaN,
        "Total Unusual Items Excluding Goodwill": NaN,
        "Net Income From Continuing Operation Net Minority Interest": NaN,
        "Reconciled Depreciation": NaN,
        "Reconciled Cost Of Revenue": NaN,
        "EBITDA": NaN,
        "EBIT": NaN,
        "Net Interest Income": NaN,
        "Interest Expense": NaN,
        "Normalized Income": NaN,
        "Net Income From Continuing And Discontinued Operation": NaN,
        "Total Expenses": NaN,
        "Total Operating Income As Reported": NaN,
        "Diluted Average Shares": 61816279.0,
        "Basic Average Shares": 61816279.0,
        "Diluted EPS": -0.18,
        "Basic EPS": -0.18,
        "Diluted NI Availto Com Stockholders": NaN,
        "Net Income Common Stockholders": NaN,
        "Net Income": NaN,
        "Net Income Including Noncontrolling Interests": NaN,
        "Net Income Discontinuous Operations": 0.0,
        "Net Income Continuous Operations": NaN,
        "Tax Provision": 0.0,
        "Pretax Income": NaN,
        "Other Income Expense": NaN,
        "Other Non Operating Income Expenses": NaN,
        "Special Income Charges": NaN,
        "Other Special Charges": NaN,
        "Impairment Of Capital Assets": NaN,
        "Gain On Sale Of Security": NaN,
        "Net Non Operating Interest Income Expense": NaN,
        "Interest Expense Non Operating": NaN,
        "Operating Income": NaN,
        "Operating Expense": NaN,
        "Depreciation Amortization Depletion Income Statement": NaN,
        "Depreciation And Amortization In Income Statement": NaN,
        "Research And Development": NaN,
        "Selling General And Administration": NaN,
        "Selling And Marketing Expense": NaN,
        "General And Administrative Expense": NaN,
        "Other Gand A": NaN,
        "Gross Profit": NaN,
        "Cost Of Revenue": NaN,
        "Total Revenue": NaN,
        "Operating Revenue": NaN
    },
    "2023-09-30": {
        "Tax Effect Of Unusual Items": 0.0,
        "Tax Rate For Calcs": 0.0,
        "Normalized EBITDA": -7689000.0,
        "Total Unusual Items": 0.0,
        "Total Unusual Items Excluding Goodwill": 0.0,
        "Net Income From Continuing Operation Net Minority Interest": -10566000.0,
        "Reconciled Depreciation": 1971000.0,
        "Reconciled Cost Of Revenue": 4312000.0,
        "EBITDA": -7689000.0,
        "EBIT": -9660000.0,
        "Net Interest Income": -906000.0,
        "Interest Expense": 906000.0,
        "Normalized Income": -10566000.0,
        "Net Income From Continuing And Discontinued Operation": -10566000.0,
        "Total Expenses": 18922000.0,
        "Total Operating Income As Reported": -9803000.0,
        "Diluted Average Shares": 66671622.0,
        "Basic Average Shares": 66671622.0,
        "Diluted EPS": -0.16,
        "Basic EPS": -0.16,
        "Diluted NI Availto Com Stockholders": -10566000.0,
        "Net Income Common Stockholders": -10566000.0,
        "Net Income": -10566000.0,
        "Net Income Including Noncontrolling Interests": -10566000.0,
        "Net Income Discontinuous Operations": 0.0,
        "Net Income Continuous Operations": -10566000.0,
        "Tax Provision": 0.0,
        "Pretax Income": -10566000.0,
        "Other Income Expense": 143000.0,
        "Other Non Operating Income Expenses": 143000.0,
        "Special Income Charges": 0.0,
        "Other Special Charges": NaN,
        "Impairment Of Capital Assets": 0.0,
        "Gain On Sale Of Security": NaN,
        "Net Non Operating Interest Income Expense": -906000.0,
        "Interest Expense Non Operating": 906000.0,
        "Operating Income": -9803000.0,
        "Operating Expense": 14602000.0,
        "Depreciation Amortization Depletion Income Statement": 1963000.0,
        "Depreciation And Amortization In Income Statement": 1963000.0,
        "Research And Development": 4270000.0,
        "Selling General And Administration": 8369000.0,
        "Selling And Marketing Expense": 1498000.0,
        "General And Administrative Expense": 6871000.0,
        "Other Gand A": 6871000.0,
        "Gross Profit": 4799000.0,
        "Cost Of Revenue": 4320000.0,
        "Total Revenue": 9119000.0,
        "Operating Revenue": 9119000.0
    },
    "2023-12-31": {
        "Tax Effect Of Unusual Items": 0.0,
        "Tax Rate For Calcs": 0.21,
        "Normalized EBITDA": -10251000.0,
        "Total Unusual Items": 0.0,
        "Total Unusual Items Excluding Goodwill": 0.0,
        "Net Income From Continuing Operation Net Minority Interest": -11324000.0,
        "Reconciled Depreciation": 1969000.0,
        "Reconciled Cost Of Revenue": 5180000.0,
        "EBITDA": -10251000.0,
        "EBIT": -12220000.0,
        "Net Interest Income": -1020000.0,
        "Interest Expense": -928000.0,
        "Normalized Income": -11324000.0,
        "Net Income From Continuing And Discontinued Operation": -11324000.0,
        "Total Expenses": 20412000.0,
        "Total Operating Income As Reported": -9346000.0,
        "Diluted Average Shares": NaN,
        "Basic Average Shares": NaN,
        "Diluted EPS": NaN,
        "Basic EPS": NaN,
        "Diluted NI Availto Com Stockholders": -11324000.0,
        "Net Income Common Stockholders": -11324000.0,
        "Net Income": -11324000.0,
        "Net Income Including Noncontrolling Interests": -11324000.0,
        "Net Income Discontinuous Operations": 0.0,
        "Net Income Continuous Operations": -11324000.0,
        "Tax Provision": 32000.0,
        "Pretax Income": -11292000.0,
        "Other Income Expense": -926000.0,
        "Other Non Operating Income Expenses": -926000.0,
        "Special Income Charges": 0.0,
        "Other Special Charges": 0.0,
        "Impairment Of Capital Assets": 0.0,
        "Gain On Sale Of Security": NaN,
        "Net Non Operating Interest Income Expense": -1020000.0,
        "Interest Expense Non Operating": -928000.0,
        "Operating Income": -9346000.0,
        "Operating Expense": 15232000.0,
        "Depreciation Amortization Depletion Income Statement": 1969000.0,
        "Depreciation And Amortization In Income Statement": 1969000.0,
        "Research And Development": 4260000.0,
        "Selling General And Administration": 9003000.0,
        "Selling And Marketing Expense": 1906000.0,
        "General And Administrative Expense": 7097000.0,
        "Other Gand A": 7097000.0,
        "Gross Profit": 5886000.0,
        "Cost Of Revenue": 5180000.0,
        "Total Revenue": 11066000.0,
        "Operating Revenue": 11066000.0
    },
    "2024-03-31": {
        "Tax Effect Of Unusual Items": 0.0,
        "Tax Rate For Calcs": 0.0,
        "Normalized EBITDA": -10535000.0,
        "Total Unusual Items": -4693000.0,
        "Total Unusual Items Excluding Goodwill": -4693000.0,
        "Net Income From Continuing Operation Net Minority Interest": -18614000.0,
        "Reconciled Depreciation": 2332000.0,
        "Reconciled Cost Of Revenue": 5285000.0,
        "EBITDA": -15228000.0,
        "EBIT": -17560000.0,
        "Net Interest Income": -1054000.0,
        "Interest Expense": 1054000.0,
        "Normalized Income": -13921000.0,
        "Net Income From Continuing And Discontinued Operation": -18614000.0,
        "Total Expenses": 22694000.0,
        "Total Operating Income As Reported": -12916000.0,
        "Diluted Average Shares": 79558346.0,
        "Basic Average Shares": 79558346.0,
        "Diluted EPS": -0.23,
        "Basic EPS": -0.23,
        "Diluted NI Availto Com Stockholders": -18614000.0,
        "Net Income Common Stockholders": -18614000.0,
        "Net Income": -18614000.0,
        "Net Income Including Noncontrolling Interests": -18614000.0,
        "Net Income Discontinuous Operations": NaN,
        "Net Income Continuous Operations": -18614000.0,
        "Tax Provision": NaN,
        "Pretax Income": -18614000.0,
        "Other Income Expense": -4644000.0,
        "Other Non Operating Income Expenses": 49000.0,
        "Special Income Charges": -4693000.0,
        "Other Special Charges": 4693000.0,
        "Impairment Of Capital Assets": NaN,
        "Gain On Sale Of Security": NaN,
        "Net Non Operating Interest Income Expense": -1054000.0,
        "Interest Expense Non Operating": 1054000.0,
        "Operating Income": -12916000.0,
        "Operating Expense": 17409000.0,
        "Depreciation Amortization Depletion Income Statement": 2332000.0,
        "Depreciation And Amortization In Income Statement": 2332000.0,
        "Research And Development": 5001000.0,
        "Selling General And Administration": 10076000.0,
        "Selling And Marketing Expense": 2414000.0,
        "General And Administrative Expense": 7662000.0,
        "Other Gand A": 7662000.0,
        "Gross Profit": 4493000.0,
        "Cost Of Revenue": 5285000.0,
        "Total Revenue": 9778000.0,
        "Operating Revenue": 9778000.0
    },
    "2024-06-30": {
        "Tax Effect Of Unusual Items": 0.0,
        "Tax Rate For Calcs": 0.0,
        "Normalized EBITDA": -7652000.0,
        "Total Unusual Items": 745000.0,
        "Total Unusual Items Excluding Goodwill": 745000.0,
        "Net Income From Continuing Operation Net Minority Interest": -9795000.0,
        "Reconciled Depreciation": 2344000.0,
        "Reconciled Cost Of Revenue": 5776000.0,
        "EBITDA": -6907000.0,
        "EBIT": -9251000.0,
        "Net Interest Income": -544000.0,
        "Interest Expense": 544000.0,
        "Normalized Income": -10540000.0,
        "Net Income From Continuing And Discontinued Operation": -9795000.0,
        "Total Expenses": 22502000.0,
        "Total Operating Income As Reported": -10075000.0,
        "Diluted Average Shares": 84932611.0,
        "Basic Average Shares": 84932611.0,
        "Diluted EPS": -0.12,
        "Basic EPS": -0.12,
        "Diluted NI Availto Com Stockholders": -9795000.0,
        "Net Income Common Stockholders": -9795000.0,
        "Net Income": -9795000.0,
        "Net Income Including Noncontrolling Interests": -9795000.0,
        "Net Income Discontinuous Operations": NaN,
        "Net Income Continuous Operations": -9795000.0,
        "Tax Provision": NaN,
        "Pretax Income": -9795000.0,
        "Other Income Expense": 824000.0,
        "Other Non Operating Income Expenses": 79000.0,
        "Special Income Charges": 0.0,
        "Other Special Charges": NaN,
        "Impairment Of Capital Assets": NaN,
        "Gain On Sale Of Security": 745000.0,
        "Net Non Operating Interest Income Expense": -544000.0,
        "Interest Expense Non Operating": 544000.0,
        "Operating Income": -10075000.0,
        "Operating Expense": 16726000.0,
        "Depreciation Amortization Depletion Income Statement": 2344000.0,
        "Depreciation And Amortization In Income Statement": 2344000.0,
        "Research And Development": 4991000.0,
        "Selling General And Administration": 9391000.0,
        "Selling And Marketing Expense": 2021000.0,
        "General And Administrative Expense": 7370000.0,
        "Other Gand A": 7370000.0,
        "Gross Profit": 6651000.0,
        "Cost Of Revenue": 5776000.0,
        "Total Revenue": 12427000.0,
        "Operating Revenue": 12427000.0
    },
    "2024-09-30": {
        "Tax Effect Of Unusual Items": 0.0,
        "Tax Rate For Calcs": 0.0,
        "Normalized EBITDA": -11443000.0,
        "Total Unusual Items": 1692000.0,
        "Total Unusual Items Excluding Goodwill": 1692000.0,
        "Net Income From Continuing Operation Net Minority Interest": -12646000.0,
        "Reconciled Depreciation": 2399000.0,
        "Reconciled Cost Of Revenue": 5903000.0,
        "EBITDA": -9751000.0,
        "EBIT": -12150000.0,
        "Net Interest Income": -496000.0,
        "Interest Expense": 496000.0,
        "Normalized Income": -14338000.0,
        "Net Income From Continuing And Discontinued Operation": -12646000.0,
        "Total Expenses": 23400000.0,
        "Total Operating Income As Reported": -12854000.0,
        "Diluted Average Shares": 89285197.0,
        "Basic Average Shares": 89285197.0,
        "Diluted EPS": -0.14,
        "Basic EPS": -0.14,
        "Diluted NI Availto Com Stockholders": -12646000.0,
        "Net Income Common Stockholders": -12646000.0,
        "Net Income": -12646000.0,
        "Net Income Including Noncontrolling Interests": -12646000.0,
        "Net Income Discontinuous Operations": NaN,
        "Net Income Continuous Operations": -12646000.0,
        "Tax Provision": NaN,
        "Pretax Income": -12646000.0,
        "Other Income Expense": 704000.0,
        "Other Non Operating Income Expenses": -988000.0,
        "Special Income Charges": 0.0,
        "Other Special Charges": NaN,
        "Impairment Of Capital Assets": NaN,
        "Gain On Sale Of Security": 1692000.0,
        "Net Non Operating Interest Income Expense": -496000.0,
        "Interest Expense Non Operating": 496000.0,
        "Operating Income": -12854000.0,
        "Operating Expense": 17497000.0,
        "Depreciation Amortization Depletion Income Statement": 2399000.0,
        "Depreciation And Amortization In Income Statement": 2399000.0,
        "Research And Development": 4740000.0,
        "Selling General And Administration": 10358000.0,
        "Selling And Marketing Expense": 1721000.0,
        "General And Administrative Expense": 8637000.0,
        "Other Gand A": 8637000.0,
        "Gross Profit": 4643000.0,
        "Cost Of Revenue": 5903000.0,
        "Total Revenue": 10546000.0,
        "Operating Revenue": 10546000.0
    }
}