{
    "2023-03-31": {
        "Tax Effect Of Unusual Items": 0.0,
        "Tax Rate For Calcs": 0.0,
        "Normalized EBITDA": -52730000.0,
        "Total Unusual Items": 5876000.0,
        "Total Unusual Items Excluding Goodwill": 5876000.0,
        "Net Income From Continuing Operation Net Minority Interest": -49239000.0,
        "Reconciled Depreciation": 528000.0,
        "EBITDA": -46854000.0,
        "EBIT": -47382000.0,
        "Net Interest Income": -1569000.0,
        "Interest Expense": 1569000.0,
        "Normalized Income": -55115000.0,
        "Net Income From Continuing And Discontinued Operation": -49239000.0,
        "Total Expenses": 52113000.0,
        "Total Operating Income As Reported": -52995000.0,
        "Diluted Average Shares": NaN,
        "Basic Average Shares": NaN,
        "Diluted EPS": NaN,
        "Basic EPS": NaN,
        "Diluted NI Availto Com Stockholders": -49239000.0,
        "Net Income Common Stockholders": -49239000.0,
        "Net Income": -49239000.0,
        "Net Income Including Noncontrolling Interests": -49239000.0,
        "Net Income Continuous Operations": -49239000.0,
        "Tax Provision": NaN,
        "Pretax Income": -48951000.0,
        "Other Income Expense": 4731000.0,
        "Other Non Operating Income Expenses": -1145000.0,
        "Gain On Sale Of Security": 5876000.0,
        "Net Non Operating Interest Income Expense": -1569000.0,
        "Interest Expense Non Operating": 1569000.0,
        "Operating Income": -52113000.0,
        "Operating Expense": 52113000.0,
        "Other Operating Expenses": -882000.0,
        "Research And Development": 37954000.0,
        "Selling General And Administration": 15041000.0,
        "Total Revenue": 0.0,
        "Operating Revenue": 0.0
    },
    "2022-12-31": {
        "Tax Effect Of Unusual Items": 0.0,
        "Tax Rate For Calcs": 0.0,
        "Normalized EBITDA": -40194000.0,
        "Total Unusual Items": 2675000.0,
        "Total Unusual Items Excluding Goodwill": 2675000.0,
        "Net Income From Continuing Operation Net Minority Interest": -39690000.0,
        "Reconciled Depreciation": 682000.0,
        "EBITDA": -37519000.0,
        "EBIT": -38201000.0,
        "Net Interest Income": -1489000.0,
        "Interest Expense": 1489000.0,
        "Normalized Income": -42365000.0,
        "Net Income From Continuing And Discontinued Operation": -39690000.0,
        "Total Expenses": 41023000.0,
        "Total Operating Income As Reported": -41630000.0,
        "Diluted Average Shares": 57857132.0,
        "Basic Average Shares": 57857132.0,
        "Diluted EPS": -0.69,
        "Basic EPS": -0.69,
        "Diluted NI Availto Com Stockholders": -39690000.0,
        "Net Income Common Stockholders": -39690000.0,
        "Net Income": -39690000.0,
        "Net Income Including Noncontrolling Interests": -39690000.0,
        "Net Income Continuous Operations": -39690000.0,
        "Tax Provision": 0.0,
        "Pretax Income": -39690000.0,
        "Other Income Expense": 2822000.0,
        "Other Non Operating Income Expenses": 147000.0,
        "Gain On Sale Of Security": 2675000.0,
        "Net Non Operating Interest Income Expense": -1489000.0,
        "Interest Expense Non Operating": 1489000.0,
        "Operating Income": -41023000.0,
        "Operating Expense": 41023000.0,
        "Other Operating Expenses": -607000.0,
        "Research And Development": 30261000.0,
        "Selling General And Administration": 11369000.0,
        "Total Revenue": 0.0,
        "Operating Revenue": 0.0
    },
    "2022-09-30": {
        "Tax Effect Of Unusual Items": 0.0,
        "Tax Rate For Calcs": 0.0,
        "Normalized EBITDA": -43047000.0,
        "Total Unusual Items": 1112000.0,
        "Total Unusual Items Excluding Goodwill": 1112000.0,
        "Net Income From Continuing Operation Net Minority Interest": -43102000.0,
        "Reconciled Depreciation": 617000.0,
        "EBITDA": -41935000.0,
        "EBIT": -42552000.0,
        "Net Interest Income": -550000.0,
        "Interest Expense": 550000.0,
        "Normalized Income": -44214000.0,
        "Net Income From Continuing And Discontinued Operation": -43102000.0,
        "Total Expenses": 41005000.0,
        "Total Operating Income As Reported": -41579000.0,
        "Diluted Average Shares": 54770291.0,
        "Basic Average Shares": 54770291.0,
        "Diluted EPS": -0.79,
        "Basic EPS": -0.79,
        "Diluted NI Availto Com Stockholders": -43102000.0,
        "Net Income Common Stockholders": -43102000.0,
        "Net Income": -43102000.0,
        "Net Income Including Noncontrolling Interests": -43102000.0,
        "Net Income Continuous Operations": -43102000.0,
        "Tax Provision": NaN,
        "Pretax Income": -43102000.0,
        "Other Income Expense": -1547000.0,
        "Other Non Operating Income Expenses": -2659000.0,
        "Gain On Sale Of Security": 1112000.0,
        "Net Non Operating Interest Income Expense": -550000.0,
        "Interest Expense Non Operating": 550000.0,
        "Operating Income": -41005000.0,
        "Operating Expense": 41005000.0,
        "Other Operating Expenses": -574000.0,
        "Research And Development": 28834000.0,
        "Selling General And Administration": 12745000.0,
        "General And Administrative Expense": 12745000.0,
        "Other Gand A": 12745000.0,
        "Total Revenue": 0.0,
        "Operating Revenue": 0.0
    },
    "2022-06-30": {
        "Tax Effect Of Unusual Items": 0.0,
        "Tax Rate For Calcs": 0.0,
        "Normalized EBITDA": -41424000.0,
        "Total Unusual Items": 343000.0,
        "Total Unusual Items Excluding Goodwill": 343000.0,
        "Net Income From Continuing Operation Net Minority Interest": -42253000.0,
        "Reconciled Depreciation": 620000.0,
        "EBITDA": -41081000.0,
        "EBIT": -41701000.0,
        "Net Interest Income": -552000.0,
        "Interest Expense": 552000.0,
        "Normalized Income": -42596000.0,
        "Net Income From Continuing And Discontinued Operation": -42253000.0,
        "Total Expenses": 40025000.0,
        "Total Operating Income As Reported": -40876000.0,
        "Diluted Average Shares": 54211446.0,
        "Basic Average Shares": 54211446.0,
        "Diluted EPS": -0.78,
        "Basic EPS": -0.78,
        "Diluted NI Availto Com Stockholders": -42253000.0,
        "Net Income Common Stockholders": -42253000.0,
        "Net Income": -42253000.0,
        "Net Income Including Noncontrolling Interests": -42253000.0,
        "Net Income Continuous Operations": -42253000.0,
        "Tax Provision": NaN,
        "Pretax Income": -42253000.0,
        "Other Income Expense": -1676000.0,
        "Other Non Operating Income Expenses": -2019000.0,
        "Gain On Sale Of Security": 343000.0,
        "Net Non Operating Interest Income Expense": -552000.0,
        "Interest Expense Non Operating": 552000.0,
        "Operating Income": -40025000.0,
        "Operating Expense": 40025000.0,
        "Other Operating Expenses": -851000.0,
        "Research And Development": 29478000.0,
        "Selling General And Administration": 11398000.0,
        "General And Administrative Expense": 11398000.0,
        "Other Gand A": 11398000.0,
        "Total Revenue": 0.0,
        "Operating Revenue": 0.0
    },
    "2023-06-30": {
        "Tax Effect Of Unusual Items": 1299060.0,
        "Tax Rate For Calcs": 0.21,
        "Normalized EBITDA": -53260000.0,
        "Total Unusual Items": 6186000.0,
        "Total Unusual Items Excluding Goodwill": 6186000.0,
        "Net Income From Continuing Operation Net Minority Interest": -49555000.0,
        "Reconciled Depreciation": 621000.0,
        "EBITDA": -47074000.0,
        "EBIT": -47695000.0,
        "Net Interest Income": -1659000.0,
        "Interest Expense": 1659000.0,
        "Normalized Income": -54441940.0,
        "Net Income From Continuing And Discontinued Operation": -49555000.0,
        "Total Expenses": 55255000.0,
        "Total Operating Income As Reported": -55648000.0,
        "Diluted Average Shares": 66367702.0,
        "Basic Average Shares": 66367702.0,
        "Diluted EPS": -0.75,
        "Basic EPS": -0.75,
        "Diluted NI Availto Com Stockholders": -49555000.0,
        "Net Income Common Stockholders": -49555000.0,
        "Net Income": -49555000.0,
        "Net Income Including Noncontrolling Interests": -49555000.0,
        "Net Income Continuous Operations": -49555000.0,
        "Tax Provision": 201000.0,
        "Pretax Income": -49354000.0,
        "Other Income Expense": 7560000.0,
        "Other Non Operating Income Expenses": 1374000.0,
        "Gain On Sale Of Security": 6186000.0,
        "Net Non Operating Interest Income Expense": -1659000.0,
        "Interest Expense Non Operating": 1659000.0,
        "Operating Income": -55255000.0,
        "Operating Expense": 55255000.0,
        "Other Operating Expenses": -393000.0,
        "Research And Development": 40437000.0,
        "Selling General And Administration": 15211000.0,
        "Total Revenue": 0.0,
        "Operating Revenue": 0.0
    },
    "2022-03-31": {
        "Diluted EPS": -0.6,
        "Total Revenue": NaN,
        "Gross Profit": NaN,
        "Operating Income": -32,
        "EBIT": -31,
        "Net Income": -32
    },
    "2021-12-31": {
        "Diluted EPS": -0.57,
        "Total Revenue": NaN,
        "Gross Profit": NaN,
        "Operating Income": -30,
        "EBIT": -29,
        "Net Income": -30
    },
    "2021-09-30": {
        "Diluted EPS": -0.56,
        "Total Revenue": NaN,
        "Gross Profit": NaN,
        "Operating Income": -29,
        "EBIT": -28,
        "Net Income": -29
    },
    "2021-06-30": {
        "Diluted EPS": -0.53,
        "Total Revenue": NaN,
        "Gross Profit": NaN,
        "Operating Income": -27,
        "EBIT": -26,
        "Net Income": -27
    },
    "2021-03-31": {
        "Diluted EPS": -0.41,
        "Total Revenue": NaN,
        "Gross Profit": NaN,
        "Operating Income": -22,
        "EBIT": -21,
        "Net Income": -21
    },
    "2020-12-31": {
        "Diluted EPS": -0.44,
        "Total Revenue": NaN,
        "Gross Profit": NaN,
        "Operating Income": -20,
        "EBIT": -19,
        "Net Income": -22
    },
    "2020-09-30": {
        "Diluted EPS": -0.46,
        "Total Revenue": NaN,
        "Gross Profit": NaN,
        "Operating Income": -20,
        "EBIT": -19,
        "Net Income": -20
    },
    "2020-06-30": {
        "Diluted EPS": -0.44,
        "Total Revenue": NaN,
        "Gross Profit": NaN,
        "Operating Income": -18,
        "EBIT": -17,
        "Net Income": -17
    },
    "2020-03-31": {
        "Diluted EPS": -0.43,
        "Total Revenue": NaN,
        "Gross Profit": NaN,
        "Operating Income": -16,
        "EBIT": -16,
        "Net Income": -16
    },
    "2019-12-31": {
        "Diluted EPS": -0.46,
        "Total Revenue": NaN,
        "Gross Profit": NaN,
        "Operating Income": -17,
        "EBIT": -17,
        "Net Income": -16
    },
    "2019-09-30": {
        "Diluted EPS": -0.35,
        "Total Revenue": NaN,
        "Gross Profit": NaN,
        "Operating Income": -12,
        "EBIT": -12,
        "Net Income": -11
    },
    "2019-06-30": {
        "Diluted EPS": -0.3,
        "Total Revenue": NaN,
        "Gross Profit": NaN,
        "Operating Income": -11,
        "EBIT": -11,
        "Net Income": -10
    },
    "2019-03-31": {
        "Diluted EPS": 1.19,
        "Total Revenue": NaN,
        "Gross Profit": NaN,
        "Operating Income": -8,
        "EBIT": -8,
        "Net Income": -7
    },
    "2018-12-31": {
        "Diluted EPS": -0.24,
        "Total Revenue": NaN,
        "Gross Profit": NaN,
        "Operating Income": -10,
        "EBIT": -11,
        "Net Income": -8
    },
    "2018-09-30": {
        "Diluted EPS": -0.26,
        "Total Revenue": NaN,
        "Gross Profit": NaN,
        "Operating Income": -7,
        "EBIT": -7,
        "Net Income": -6
    },
    "2018-06-30": {
        "Diluted EPS": -2.02,
        "Total Revenue": NaN,
        "Gross Profit": NaN,
        "Operating Income": -6,
        "EBIT": -6,
        "Net Income": -10
    },
    "2018-03-31": {
        "Diluted EPS": -1.44,
        "Total Revenue": NaN,
        "Gross Profit": NaN,
        "Operating Income": -7,
        "EBIT": -7,
        "Net Income": -7
    },
    "2017-12-31": {
        "Diluted EPS": -0.87,
        "Total Revenue": NaN,
        "Gross Profit": NaN,
        "Operating Income": -5,
        "EBIT": -5,
        "Net Income": -4
    },
    "2017-09-30": {
        "Diluted EPS": -0.94,
        "Total Revenue": NaN,
        "Gross Profit": NaN,
        "Operating Income": -4,
        "EBIT": -4,
        "Net Income": -5
    },
    "2017-06-30": {
        "Diluted EPS": -0.71,
        "Total Revenue": NaN,
        "Gross Profit": NaN,
        "Operating Income": -3,
        "EBIT": -3,
        "Net Income": -4
    },
    "2017-03-31": {
        "Diluted EPS": 0.0,
        "Total Revenue": NaN,
        "Gross Profit": NaN,
        "Operating Income": NaN,
        "EBIT": NaN,
        "Net Income": NaN
    },
    "2023-09-30": {
        "Tax Effect Of Unusual Items": 20181.741223,
        "Tax Rate For Calcs": 0.003336,
        "Normalized EBITDA": -64143000.0,
        "Total Unusual Items": 6049000.0,
        "Total Unusual Items Excluding Goodwill": 6049000.0,
        "Net Income From Continuing Operation Net Minority Interest": -60044000.0,
        "Reconciled Depreciation": 654000.0,
        "EBITDA": -58094000.0,
        "EBIT": -58748000.0,
        "Net Interest Income": -1497000.0,
        "Interest Expense": 1497000.0,
        "Normalized Income": -66072818.258777,
        "Net Income From Continuing And Discontinued Operation": -60044000.0,
        "Total Expenses": 63388000.0,
        "Total Operating Income As Reported": -63831000.0,
        "Diluted Average Shares": 66582280.0,
        "Basic Average Shares": 66582280.0,
        "Diluted EPS": -0.9,
        "Basic EPS": -0.9,
        "Diluted NI Availto Com Stockholders": -60044000.0,
        "Net Income Common Stockholders": -60044000.0,
        "Net Income": -60044000.0,
        "Net Income Including Noncontrolling Interests": -60044000.0,
        "Net Income Continuous Operations": -60044000.0,
        "Tax Provision": -201000.0,
        "Pretax Income": -60245000.0,
        "Other Income Expense": 4640000.0,
        "Other Non Operating Income Expenses": -1409000.0,
        "Gain On Sale Of Security": 6049000.0,
        "Net Non Operating Interest Income Expense": -1497000.0,
        "Interest Expense Non Operating": 1497000.0,
        "Operating Income": -63388000.0,
        "Operating Expense": 63388000.0,
        "Other Operating Expenses": -443000.0,
        "Research And Development": 49101000.0,
        "Selling General And Administration": 14730000.0,
        "Total Revenue": 0.0,
        "Operating Revenue": 0.0
    },
    "2023-12-31": {
        "Tax Effect Of Unusual Items": 1194060.0,
        "Tax Rate For Calcs": 0.21,
        "Normalized EBITDA": -54106000.0,
        "Total Unusual Items": 5686000.0,
        "Total Unusual Items Excluding Goodwill": 5686000.0,
        "Net Income From Continuing Operation Net Minority Interest": -51120000.0,
        "Reconciled Depreciation": 675000.0,
        "EBITDA": -48420000.0,
        "EBIT": -49095000.0,
        "Net Interest Income": -1552000.0,
        "Interest Expense": 1552000.0,
        "Normalized Income": -55611940.0,
        "Net Income From Continuing And Discontinued Operation": -51120000.0,
        "Total Expenses": 56125000.0,
        "Total Operating Income As Reported": -56540000.0,
        "Diluted Average Shares": 66645691.0,
        "Basic Average Shares": 66645691.0,
        "Diluted EPS": -0.77,
        "Basic EPS": -0.77,
        "Diluted NI Availto Com Stockholders": -51120000.0,
        "Net Income Common Stockholders": -51120000.0,
        "Net Income": -51120000.0,
        "Net Income Including Noncontrolling Interests": -51120000.0,
        "Net Income Continuous Operations": -51120000.0,
        "Tax Provision": 473000.0,
        "Pretax Income": -50647000.0,
        "Other Income Expense": 7030000.0,
        "Other Non Operating Income Expenses": 1344000.0,
        "Gain On Sale Of Security": 5686000.0,
        "Net Non Operating Interest Income Expense": -1552000.0,
        "Interest Expense Non Operating": 1552000.0,
        "Operating Income": -56125000.0,
        "Operating Expense": 56125000.0,
        "Other Operating Expenses": -415000.0,
        "Research And Development": 42847000.0,
        "Selling General And Administration": 13693000.0,
        "Total Revenue": 0.0,
        "Operating Revenue": 0.0
    },
    "2024-03-31": {
        "Tax Effect Of Unusual Items": 6405.694596,
        "Tax Rate For Calcs": 0.001179,
        "Normalized EBITDA": -57918000.0,
        "Total Unusual Items": 5434000.0,
        "Total Unusual Items Excluding Goodwill": 5434000.0,
        "Net Income From Continuing Operation Net Minority Interest": -55075000.0,
        "Reconciled Depreciation": 705000.0,
        "EBITDA": -52484000.0,
        "EBIT": -53189000.0,
        "Net Interest Income": -1951000.0,
        "Interest Expense": 1951000.0,
        "Normalized Income": -60502594.305404,
        "Net Income From Continuing And Discontinued Operation": -55075000.0,
        "Total Expenses": 58087000.0,
        "Total Operating Income As Reported": -58756000.0,
        "Diluted Average Shares": NaN,
        "Basic Average Shares": NaN,
        "Diluted EPS": NaN,
        "Basic EPS": NaN,
        "Diluted NI Availto Com Stockholders": -55075000.0,
        "Net Income Common Stockholders": -55075000.0,
        "Net Income": -55075000.0,
        "Net Income Including Noncontrolling Interests": -55075000.0,
        "Net Income Continuous Operations": -55075000.0,
        "Tax Provision": -65000.0,
        "Pretax Income": -55140000.0,
        "Other Income Expense": 4898000.0,
        "Other Non Operating Income Expenses": -536000.0,
        "Gain On Sale Of Security": 5434000.0,
        "Net Non Operating Interest Income Expense": -1951000.0,
        "Interest Expense Non Operating": 1951000.0,
        "Operating Income": -58087000.0,
        "Operating Expense": 58087000.0,
        "Other Operating Expenses": -669000.0,
        "Research And Development": 42579000.0,
        "Selling General And Administration": 16177000.0,
        "Total Revenue": 0.0,
        "Operating Revenue": 0.0
    }
}