{
    "2024-03-31": {
        "Tax Effect Of Unusual Items": -4081403.0,
        "Tax Rate For Calcs": 0.239,
        "Normalized EBITDA": 67869000.0,
        "Total Unusual Items": -17077000.0,
        "Total Unusual Items Excluding Goodwill": -17077000.0,
        "Net Income From Continuing Operation Net Minority Interest": 18758000.0,
        "Reconciled Depreciation": 17779000.0,
        "Reconciled Cost Of Revenue": 42142000.0,
        "EBITDA": 50792000.0,
        "EBIT": 33013000.0,
        "Net Interest Income": -9067000.0,
        "Interest Expense": 8423000.0,
        "Interest Income": 207000.0,
        "Normalized Income": 31753597.0,
        "Net Income From Continuing And Discontinued Operation": 18758000.0,
        "Total Expenses": 49177000.0,
        "Total Operating Income As Reported": 50567000.0,
        "Diluted Average Shares": 19992000.0,
        "Basic Average Shares": 19891000.0,
        "Diluted EPS": 0.94,
        "Basic EPS": 0.94,
        "Diluted NI Availto Com Stockholders": 18758000.0,
        "Net Income Common Stockholders": 18758000.0,
        "Net Income": 18758000.0,
        "Net Income Including Noncontrolling Interests": 18758000.0,
        "Net Income Continuous Operations": 18758000.0,
        "Tax Provision": 5832000.0,
        "Pretax Income": 24590000.0,
        "Other Income Expense": -16910000.0,
        "Special Income Charges": 0.0,
        "Write Off": NaN,
        "Restructuring And Mergern Acquisition": 0.0,
        "Earnings From Equity Interest": 167000.0,
        "Gain On Sale Of Security": -17077000.0,
        "Net Non Operating Interest Income Expense": -9067000.0,
        "Total Other Finance Cost": 851000.0,
        "Interest Expense Non Operating": 8423000.0,
        "Interest Income Non Operating": 207000.0,
        "Operating Income": 50567000.0,
        "Operating Expense": 7035000.0,
        "Other Operating Expenses": 4000.0,
        "Selling General And Administration": 7031000.0,
        "General And Administrative Expense": 7031000.0,
        "Other Gand A": 5339000.0,
        "Salaries And Wages": 1692000.0,
        "Gross Profit": 57602000.0,
        "Cost Of Revenue": 42142000.0,
        "Total Revenue": 99744000.0,
        "Operating Revenue": 99744000.0
    },
    "2023-12-31": {
        "Tax Effect Of Unusual Items": 3992403.84771,
        "Tax Rate For Calcs": 0.230761,
        "Normalized EBITDA": 59865000.0,
        "Total Unusual Items": 17301000.0,
        "Total Unusual Items Excluding Goodwill": 17301000.0,
        "Net Income From Continuing Operation Net Minority Interest": 38025000.0,
        "Reconciled Depreciation": 18665000.0,
        "Reconciled Cost Of Revenue": 41413000.0,
        "EBITDA": 77166000.0,
        "EBIT": 58501000.0,
        "Net Interest Income": -10301000.0,
        "Interest Expense": 9069000.0,
        "Interest Income": NaN,
        "Normalized Income": 24716403.84771,
        "Net Income From Continuing And Discontinued Operation": 38025000.0,
        "Total Expenses": 57392000.0,
        "Total Operating Income As Reported": 32620000.0,
        "Diluted Average Shares": 20106000.0,
        "Basic Average Shares": 19815000.0,
        "Diluted EPS": 1.9,
        "Basic EPS": 1.92,
        "Diluted NI Availto Com Stockholders": 38025000.0,
        "Net Income Common Stockholders": 38025000.0,
        "Net Income": 38025000.0,
        "Net Income Including Noncontrolling Interests": 38025000.0,
        "Net Income Continuous Operations": 38025000.0,
        "Tax Provision": 11407000.0,
        "Pretax Income": 49432000.0,
        "Other Income Expense": 17296000.0,
        "Special Income Charges": -9817000.0,
        "Write Off": NaN,
        "Restructuring And Mergern Acquisition": 57000.0,
        "Earnings From Equity Interest": -5000.0,
        "Gain On Sale Of Security": 27118000.0,
        "Net Non Operating Interest Income Expense": -10301000.0,
        "Total Other Finance Cost": 1232000.0,
        "Interest Expense Non Operating": 9069000.0,
        "Interest Income Non Operating": NaN,
        "Operating Income": 42437000.0,
        "Operating Expense": 15979000.0,
        "Other Operating Expenses": 3522000.0,
        "Selling General And Administration": 12457000.0,
        "General And Administrative Expense": 12457000.0,
        "Other Gand A": 9072000.0,
        "Salaries And Wages": 3385000.0,
        "Gross Profit": 58416000.0,
        "Cost Of Revenue": 41413000.0,
        "Total Revenue": 99829000.0,
        "Operating Revenue": 99829000.0
    },
    "2023-09-30": {
        "Tax Effect Of Unusual Items": -11097927.59965,
        "Tax Rate For Calcs": 0.312038,
        "Normalized EBITDA": 76497000.0,
        "Total Unusual Items": -35566000.0,
        "Total Unusual Items Excluding Goodwill": -35566000.0,
        "Net Income From Continuing Operation Net Minority Interest": 8647000.0,
        "Reconciled Depreciation": 18706000.0,
        "Reconciled Cost Of Revenue": 42974000.0,
        "EBITDA": 40931000.0,
        "EBIT": 22225000.0,
        "Net Interest Income": -10338000.0,
        "Interest Expense": 9656000.0,
        "Interest Income": 51000.0,
        "Normalized Income": 33115072.40035,
        "Net Income From Continuing And Discontinued Operation": 8647000.0,
        "Total Expenses": 49844000.0,
        "Total Operating Income As Reported": 58229000.0,
        "Diluted Average Shares": 19989000.0,
        "Basic Average Shares": 19680000.0,
        "Diluted EPS": 0.43,
        "Basic EPS": 0.44,
        "Diluted NI Availto Com Stockholders": 8647000.0,
        "Net Income Common Stockholders": 8647000.0,
        "Net Income": 8647000.0,
        "Net Income Including Noncontrolling Interests": 8647000.0,
        "Net Income Continuous Operations": 8647000.0,
        "Tax Provision": 3922000.0,
        "Pretax Income": 12569000.0,
        "Other Income Expense": -35543000.0,
        "Special Income Charges": -221000.0,
        "Write Off": 0.0,
        "Restructuring And Mergern Acquisition": 221000.0,
        "Earnings From Equity Interest": 23000.0,
        "Gain On Sale Of Security": -35345000.0,
        "Net Non Operating Interest Income Expense": -10338000.0,
        "Total Other Finance Cost": 733000.0,
        "Interest Expense Non Operating": 9656000.0,
        "Interest Income Non Operating": 51000.0,
        "Operating Income": 58450000.0,
        "Operating Expense": 6870000.0,
        "Other Operating Expenses": 231000.0,
        "Selling General And Administration": 6639000.0,
        "General And Administrative Expense": 6639000.0,
        "Other Gand A": 5530000.0,
        "Salaries And Wages": 1109000.0,
        "Gross Profit": 65320000.0,
        "Cost Of Revenue": 42974000.0,
        "Total Revenue": 108294000.0,
        "Operating Revenue": 108294000.0
    },
    "2023-06-30": {
        "Tax Effect Of Unusual Items": NaN,
        "Tax Rate For Calcs": NaN,
        "Normalized EBITDA": NaN,
        "Total Unusual Items": NaN,
        "Total Unusual Items Excluding Goodwill": NaN,
        "Net Income From Continuing Operation Net Minority Interest": NaN,
        "Reconciled Depreciation": NaN,
        "Reconciled Cost Of Revenue": NaN,
        "EBITDA": NaN,
        "EBIT": NaN,
        "Net Interest Income": NaN,
        "Interest Expense": NaN,
        "Interest Income": 0.0,
        "Normalized Income": NaN,
        "Net Income From Continuing And Discontinued Operation": NaN,
        "Total Expenses": NaN,
        "Total Operating Income As Reported": NaN,
        "Diluted Average Shares": NaN,
        "Basic Average Shares": NaN,
        "Diluted EPS": NaN,
        "Basic EPS": NaN,
        "Diluted NI Availto Com Stockholders": NaN,
        "Net Income Common Stockholders": NaN,
        "Net Income": NaN,
        "Net Income Including Noncontrolling Interests": NaN,
        "Net Income Continuous Operations": NaN,
        "Tax Provision": NaN,
        "Pretax Income": NaN,
        "Other Income Expense": NaN,
        "Special Income Charges": NaN,
        "Write Off": NaN,
        "Restructuring And Mergern Acquisition": NaN,
        "Earnings From Equity Interest": NaN,
        "Gain On Sale Of Security": NaN,
        "Net Non Operating Interest Income Expense": NaN,
        "Total Other Finance Cost": NaN,
        "Interest Expense Non Operating": NaN,
        "Interest Income Non Operating": 0.0,
        "Operating Income": NaN,
        "Operating Expense": NaN,
        "Other Operating Expenses": NaN,
        "Selling General And Administration": NaN,
        "General And Administrative Expense": NaN,
        "Other Gand A": NaN,
        "Salaries And Wages": NaN,
        "Gross Profit": NaN,
        "Cost Of Revenue": NaN,
        "Total Revenue": NaN,
        "Operating Revenue": NaN
    },
    "2023-03-31": {
        "Tax Effect Of Unusual Items": NaN,
        "Tax Rate For Calcs": NaN,
        "Normalized EBITDA": NaN,
        "Total Unusual Items": NaN,
        "Total Unusual Items Excluding Goodwill": NaN,
        "Net Income From Continuing Operation Net Minority Interest": NaN,
        "Reconciled Depreciation": NaN,
        "Reconciled Cost Of Revenue": NaN,
        "EBITDA": NaN,
        "EBIT": NaN,
        "Net Interest Income": NaN,
        "Interest Expense": NaN,
        "Interest Income": 0.0,
        "Normalized Income": NaN,
        "Net Income From Continuing And Discontinued Operation": NaN,
        "Total Expenses": NaN,
        "Total Operating Income As Reported": NaN,
        "Diluted Average Shares": NaN,
        "Basic Average Shares": NaN,
        "Diluted EPS": NaN,
        "Basic EPS": NaN,
        "Diluted NI Availto Com Stockholders": NaN,
        "Net Income Common Stockholders": NaN,
        "Net Income": NaN,
        "Net Income Including Noncontrolling Interests": NaN,
        "Net Income Continuous Operations": NaN,
        "Tax Provision": NaN,
        "Pretax Income": NaN,
        "Other Income Expense": NaN,
        "Special Income Charges": NaN,
        "Restructuring And Mergern Acquisition": NaN,
        "Earnings From Equity Interest": NaN,
        "Gain On Sale Of Security": NaN,
        "Net Non Operating Interest Income Expense": NaN,
        "Total Other Finance Cost": NaN,
        "Interest Expense Non Operating": NaN,
        "Interest Income Non Operating": 0.0,
        "Operating Income": NaN,
        "Operating Expense": NaN,
        "Other Operating Expenses": NaN,
        "Selling General And Administration": NaN,
        "General And Administrative Expense": NaN,
        "Other Gand A": NaN,
        "Salaries And Wages": NaN,
        "Gross Profit": NaN,
        "Cost Of Revenue": NaN,
        "Total Revenue": NaN,
        "Operating Revenue": NaN
    },
    "2022-12-31": {
        "Tax Effect Of Unusual Items": NaN,
        "Tax Rate For Calcs": NaN,
        "Normalized EBITDA": NaN,
        "Total Unusual Items": NaN,
        "Total Unusual Items Excluding Goodwill": NaN,
        "Net Income From Continuing Operation Net Minority Interest": NaN,
        "Reconciled Depreciation": NaN,
        "Reconciled Cost Of Revenue": NaN,
        "EBITDA": NaN,
        "EBIT": NaN,
        "Net Interest Income": NaN,
        "Interest Expense": NaN,
        "Interest Income": NaN,
        "Normalized Income": NaN,
        "Net Income From Continuing And Discontinued Operation": NaN,
        "Total Expenses": NaN,
        "Total Operating Income As Reported": NaN,
        "Diluted Average Shares": NaN,
        "Basic Average Shares": NaN,
        "Diluted EPS": NaN,
        "Basic EPS": NaN,
        "Diluted NI Availto Com Stockholders": NaN,
        "Net Income Common Stockholders": NaN,
        "Net Income": NaN,
        "Net Income Including Noncontrolling Interests": NaN,
        "Net Income Discontinuous Operations": 0.0,
        "Net Income Continuous Operations": NaN,
        "Tax Provision": NaN,
        "Pretax Income": NaN,
        "Other Income Expense": NaN,
        "Special Income Charges": NaN,
        "Restructuring And Mergern Acquisition": NaN,
        "Earnings From Equity Interest": NaN,
        "Gain On Sale Of Security": NaN,
        "Net Non Operating Interest Income Expense": NaN,
        "Total Other Finance Cost": NaN,
        "Interest Expense Non Operating": NaN,
        "Interest Income Non Operating": NaN,
        "Operating Income": NaN,
        "Operating Expense": NaN,
        "Other Operating Expenses": NaN,
        "Selling General And Administration": NaN,
        "General And Administrative Expense": NaN,
        "Other Gand A": NaN,
        "Salaries And Wages": NaN,
        "Gross Profit": NaN,
        "Cost Of Revenue": NaN,
        "Total Revenue": NaN,
        "Operating Revenue": NaN
    },
    "2022-09-30": {
        "Tax Effect Of Unusual Items": NaN,
        "Tax Rate For Calcs": NaN,
        "Normalized EBITDA": NaN,
        "Total Unusual Items": NaN,
        "Total Unusual Items Excluding Goodwill": NaN,
        "Net Income From Continuing Operation Net Minority Interest": NaN,
        "Reconciled Depreciation": NaN,
        "Reconciled Cost Of Revenue": NaN,
        "EBITDA": NaN,
        "EBIT": NaN,
        "Net Interest Income": NaN,
        "Interest Expense": NaN,
        "Interest Income": NaN,
        "Normalized Income": NaN,
        "Net Income From Continuing And Discontinued Operation": NaN,
        "Total Expenses": NaN,
        "Total Operating Income As Reported": NaN,
        "Diluted Average Shares": NaN,
        "Basic Average Shares": NaN,
        "Diluted EPS": NaN,
        "Basic EPS": NaN,
        "Diluted NI Availto Com Stockholders": NaN,
        "Net Income Common Stockholders": NaN,
        "Net Income": NaN,
        "Net Income Including Noncontrolling Interests": NaN,
        "Net Income Discontinuous Operations": 0.0,
        "Net Income Continuous Operations": NaN,
        "Tax Provision": NaN,
        "Pretax Income": NaN,
        "Other Income Expense": NaN,
        "Special Income Charges": NaN,
        "Restructuring And Mergern Acquisition": NaN,
        "Earnings From Equity Interest": NaN,
        "Gain On Sale Of Security": NaN,
        "Net Non Operating Interest Income Expense": NaN,
        "Total Other Finance Cost": NaN,
        "Interest Expense Non Operating": NaN,
        "Interest Income Non Operating": NaN,
        "Operating Income": NaN,
        "Operating Expense": NaN,
        "Other Operating Expenses": NaN,
        "Selling General And Administration": NaN,
        "General And Administrative Expense": NaN,
        "Other Gand A": NaN,
        "Salaries And Wages": NaN,
        "Gross Profit": NaN,
        "Cost Of Revenue": NaN,
        "Total Revenue": NaN,
        "Operating Revenue": NaN
    },
    "2024-06-30": {
        "Tax Effect Of Unusual Items": -246960.0,
        "Tax Rate For Calcs": 0.24,
        "Normalized EBITDA": 70915000.0,
        "Total Unusual Items": -1029000.0,
        "Total Unusual Items Excluding Goodwill": -1029000.0,
        "Net Income From Continuing Operation Net Minority Interest": 33548000.0,
        "Reconciled Depreciation": 17470000.0,
        "Reconciled Cost Of Revenue": 41136000.0,
        "EBITDA": 69886000.0,
        "EBIT": 52416000.0,
        "Net Interest Income": -8857000.0,
        "Interest Expense": 8212000.0,
        "Interest Income": 236000.0,
        "Normalized Income": 34330040.0,
        "Net Income From Continuing And Discontinued Operation": 33548000.0,
        "Total Expenses": 51121000.0,
        "Total Operating Income As Reported": 53612000.0,
        "Diluted Average Shares": 20866000.0,
        "Basic Average Shares": 20866000.0,
        "Diluted EPS": 1.59,
        "Basic EPS": 1.61,
        "Diluted NI Availto Com Stockholders": 33548000.0,
        "Net Income Common Stockholders": 33548000.0,
        "Net Income": 33548000.0,
        "Net Income Including Noncontrolling Interests": 33548000.0,
        "Net Income Continuous Operations": 33548000.0,
        "Tax Provision": 10656000.0,
        "Pretax Income": 44204000.0,
        "Other Income Expense": -1221000.0,
        "Special Income Charges": -670000.0,
        "Write Off": NaN,
        "Restructuring And Mergern Acquisition": 670000.0,
        "Earnings From Equity Interest": -192000.0,
        "Gain On Sale Of Security": -359000.0,
        "Net Non Operating Interest Income Expense": -8857000.0,
        "Total Other Finance Cost": 881000.0,
        "Interest Expense Non Operating": 8212000.0,
        "Interest Income Non Operating": 236000.0,
        "Operating Income": 54282000.0,
        "Operating Expense": 9985000.0,
        "Other Operating Expenses": 60000.0,
        "Selling General And Administration": 9925000.0,
        "General And Administrative Expense": 9925000.0,
        "Other Gand A": 6644000.0,
        "Salaries And Wages": 3281000.0,
        "Gross Profit": 64267000.0,
        "Cost Of Revenue": 41136000.0,
        "Total Revenue": 105403000.0,
        "Operating Revenue": 105403000.0
    },
    "2024-09-30": {
        "Tax Effect Of Unusual Items": -1379669.133839,
        "Tax Rate For Calcs": 0.215103,
        "Normalized EBITDA": 67942000.0,
        "Total Unusual Items": -6414000.0,
        "Total Unusual Items Excluding Goodwill": -6414000.0,
        "Net Income From Continuing Operation Net Minority Interest": 25663000.0,
        "Reconciled Depreciation": 20722000.0,
        "Reconciled Cost Of Revenue": 46256000.0,
        "EBITDA": 61528000.0,
        "EBIT": 40806000.0,
        "Net Interest Income": -8789000.0,
        "Interest Expense": 8110000.0,
        "Interest Income": 229000.0,
        "Normalized Income": 30697330.866161,
        "Net Income From Continuing And Discontinued Operation": 25663000.0,
        "Total Expenses": 54230000.0,
        "Total Operating Income As Reported": 17478000.0,
        "Diluted Average Shares": 21209000.0,
        "Basic Average Shares": 20992000.0,
        "Diluted EPS": 1.21,
        "Basic EPS": 1.22,
        "Diluted NI Availto Com Stockholders": 25663000.0,
        "Net Income Common Stockholders": 25663000.0,
        "Net Income": 25663000.0,
        "Net Income Including Noncontrolling Interests": 25663000.0,
        "Net Income Continuous Operations": 25663000.0,
        "Tax Provision": 7033000.0,
        "Pretax Income": 32696000.0,
        "Other Income Expense": -6624000.0,
        "Special Income Charges": -30631000.0,
        "Write Off": 30158000.0,
        "Restructuring And Mergern Acquisition": 473000.0,
        "Earnings From Equity Interest": -210000.0,
        "Gain On Sale Of Security": 24217000.0,
        "Net Non Operating Interest Income Expense": -8789000.0,
        "Total Other Finance Cost": 908000.0,
        "Interest Expense Non Operating": 8110000.0,
        "Interest Income Non Operating": 229000.0,
        "Operating Income": 48109000.0,
        "Operating Expense": 7974000.0,
        "Other Operating Expenses": 375000.0,
        "Selling General And Administration": 7599000.0,
        "General And Administrative Expense": 7599000.0,
        "Other Gand A": 5879000.0,
        "Salaries And Wages": 1720000.0,
        "Gross Profit": 56083000.0,
        "Cost Of Revenue": 46256000.0,
        "Total Revenue": 102339000.0,
        "Operating Revenue": 102339000.0
    }
}