{
    "2023-03-31": {
        "Tax Effect Of Unusual Items": NaN,
        "Tax Rate For Calcs": NaN,
        "Normalized EBITDA": NaN,
        "Total Unusual Items": NaN,
        "Total Unusual Items Excluding Goodwill": NaN,
        "Net Income From Continuing Operation Net Minority Interest": NaN,
        "Reconciled Depreciation": NaN,
        "Reconciled Cost Of Revenue": NaN,
        "EBITDA": NaN,
        "EBIT": NaN,
        "Net Interest Income": NaN,
        "Interest Expense": NaN,
        "Normalized Income": NaN,
        "Net Income From Continuing And Discontinued Operation": NaN,
        "Total Expenses": NaN,
        "Total Operating Income As Reported": NaN,
        "Diluted Average Shares": NaN,
        "Basic Average Shares": NaN,
        "Diluted EPS": NaN,
        "Basic EPS": NaN,
        "Diluted NI Availto Com Stockholders": NaN,
        "Net Income Common Stockholders": NaN,
        "Net Income": NaN,
        "Net Income Including Noncontrolling Interests": NaN,
        "Net Income Continuous Operations": NaN,
        "Tax Provision": NaN,
        "Pretax Income": NaN,
        "Other Income Expense": NaN,
        "Other Non Operating Income Expenses": NaN,
        "Special Income Charges": NaN,
        "Restructuring And Mergern Acquisition": 2000000.0,
        "Net Non Operating Interest Income Expense": NaN,
        "Interest Expense Non Operating": NaN,
        "Operating Income": NaN,
        "Operating Expense": NaN,
        "Depreciation Amortization Depletion Income Statement": NaN,
        "Depreciation And Amortization In Income Statement": NaN,
        "Amortization": NaN,
        "Amortization Of Intangibles Income Statement": NaN,
        "Research And Development": NaN,
        "Selling General And Administration": NaN,
        "Gross Profit": NaN,
        "Cost Of Revenue": NaN,
        "Total Revenue": NaN,
        "Operating Revenue": NaN
    },
    "2022-12-31": {
        "Tax Effect Of Unusual Items": 0.0,
        "Tax Rate For Calcs": 0.21,
        "Normalized EBITDA": 113000000.0,
        "Total Unusual Items": NaN,
        "Total Unusual Items Excluding Goodwill": NaN,
        "Net Income From Continuing Operation Net Minority Interest": 39000000.0,
        "Reconciled Depreciation": 25000000.0,
        "Reconciled Cost Of Revenue": 1114000000.0,
        "EBITDA": 113000000.0,
        "EBIT": 88000000.0,
        "Net Interest Income": -18000000.0,
        "Interest Expense": 18000000.0,
        "Normalized Income": 39000000.0,
        "Net Income From Continuing And Discontinued Operation": 39000000.0,
        "Total Expenses": 1427000000.0,
        "Total Operating Income As Reported": 98000000.0,
        "Diluted Average Shares": 149000000.0,
        "Basic Average Shares": 146000000.0,
        "Diluted EPS": 0.26,
        "Basic EPS": 0.26,
        "Diluted NI Availto Com Stockholders": 39000000.0,
        "Net Income Common Stockholders": 39000000.0,
        "Net Income": 39000000.0,
        "Net Income Including Noncontrolling Interests": 39000000.0,
        "Net Income Continuous Operations": 39000000.0,
        "Tax Provision": 31000000.0,
        "Pretax Income": 70000000.0,
        "Other Income Expense": -45000000.0,
        "Other Non Operating Income Expenses": 3000000.0,
        "Special Income Charges": NaN,
        "Restructuring And Mergern Acquisition": NaN,
        "Net Non Operating Interest Income Expense": -18000000.0,
        "Interest Expense Non Operating": 18000000.0,
        "Operating Income": 133000000.0,
        "Operating Expense": 298000000.0,
        "Depreciation Amortization Depletion Income Statement": 10000000.0,
        "Depreciation And Amortization In Income Statement": 10000000.0,
        "Amortization": 10000000.0,
        "Amortization Of Intangibles Income Statement": 10000000.0,
        "Research And Development": 30000000.0,
        "Selling General And Administration": 258000000.0,
        "Gross Profit": 431000000.0,
        "Cost Of Revenue": 1129000000.0,
        "Total Revenue": 1560000000.0,
        "Operating Revenue": 1560000000.0
    },
    "2022-09-30": {
        "Tax Effect Of Unusual Items": 0.0,
        "Tax Rate For Calcs": 0.34,
        "Normalized EBITDA": 135000000.0,
        "Total Unusual Items": NaN,
        "Total Unusual Items Excluding Goodwill": NaN,
        "Net Income From Continuing Operation Net Minority Interest": 63000000.0,
        "Reconciled Depreciation": 24000000.0,
        "Reconciled Cost Of Revenue": 1174000000.0,
        "EBITDA": 135000000.0,
        "EBIT": 111000000.0,
        "Net Interest Income": -15000000.0,
        "Interest Expense": 15000000.0,
        "Normalized Income": 63000000.0,
        "Net Income From Continuing And Discontinued Operation": 63000000.0,
        "Total Expenses": 1463000000.0,
        "Total Operating Income As Reported": 155000000.0,
        "Diluted Average Shares": 149000000.0,
        "Basic Average Shares": 146000000.0,
        "Diluted EPS": 0.42,
        "Basic EPS": 0.43,
        "Diluted NI Availto Com Stockholders": 63000000.0,
        "Net Income Common Stockholders": 63000000.0,
        "Net Income": 63000000.0,
        "Net Income Including Noncontrolling Interests": 63000000.0,
        "Net Income Continuous Operations": 63000000.0,
        "Tax Provision": 33000000.0,
        "Pretax Income": 96000000.0,
        "Other Income Expense": -44000000.0,
        "Other Non Operating Income Expenses": -44000000.0,
        "Special Income Charges": NaN,
        "Restructuring And Mergern Acquisition": NaN,
        "Net Non Operating Interest Income Expense": -15000000.0,
        "Interest Expense Non Operating": 15000000.0,
        "Operating Income": 155000000.0,
        "Operating Expense": 275000000.0,
        "Depreciation Amortization Depletion Income Statement": 10000000.0,
        "Depreciation And Amortization In Income Statement": 10000000.0,
        "Amortization": 10000000.0,
        "Amortization Of Intangibles Income Statement": 10000000.0,
        "Research And Development": 29000000.0,
        "Selling General And Administration": 236000000.0,
        "Gross Profit": 430000000.0,
        "Cost Of Revenue": 1188000000.0,
        "Total Revenue": 1618000000.0,
        "Operating Revenue": 1618000000.0
    },
    "2022-06-30": {
        "Tax Effect Of Unusual Items": 0.0,
        "Tax Rate For Calcs": 0.28,
        "Normalized EBITDA": 170000000.0,
        "Total Unusual Items": NaN,
        "Total Unusual Items Excluding Goodwill": NaN,
        "Net Income From Continuing Operation Net Minority Interest": 94000000.0,
        "Reconciled Depreciation": 25000000.0,
        "Reconciled Cost Of Revenue": 1203000000.0,
        "EBITDA": 170000000.0,
        "EBIT": 145000000.0,
        "Net Interest Income": -14000000.0,
        "Interest Expense": 14000000.0,
        "Normalized Income": 94000000.0,
        "Net Income From Continuing And Discontinued Operation": 94000000.0,
        "Total Expenses": 1500000000.0,
        "Total Operating Income As Reported": 186000000.0,
        "Diluted Average Shares": 149000000.0,
        "Basic Average Shares": 145000000.0,
        "Diluted EPS": 0.63,
        "Basic EPS": 0.65,
        "Diluted NI Availto Com Stockholders": 94000000.0,
        "Net Income Common Stockholders": 94000000.0,
        "Net Income": 94000000.0,
        "Net Income Including Noncontrolling Interests": 94000000.0,
        "Net Income Continuous Operations": 94000000.0,
        "Tax Provision": 37000000.0,
        "Pretax Income": 131000000.0,
        "Other Income Expense": -41000000.0,
        "Other Non Operating Income Expenses": -41000000.0,
        "Special Income Charges": NaN,
        "Restructuring And Mergern Acquisition": NaN,
        "Net Non Operating Interest Income Expense": -14000000.0,
        "Interest Expense Non Operating": 14000000.0,
        "Operating Income": 186000000.0,
        "Operating Expense": 281000000.0,
        "Depreciation Amortization Depletion Income Statement": 9000000.0,
        "Depreciation And Amortization In Income Statement": 9000000.0,
        "Amortization": 9000000.0,
        "Amortization Of Intangibles Income Statement": 9000000.0,
        "Research And Development": 28000000.0,
        "Selling General And Administration": 244000000.0,
        "Gross Profit": 467000000.0,
        "Cost Of Revenue": 1219000000.0,
        "Total Revenue": 1686000000.0,
        "Operating Revenue": 1686000000.0
    },
    "2022-03-31": {
        "Diluted EPS": 0.58,
        "Total Revenue": NaN,
        "Gross Profit": 438,
        "Operating Income": 172,
        "EBIT": 192,
        "Net Income": 87
    },
    "2021-12-31": {
        "Diluted EPS": 0.45,
        "Total Revenue": NaN,
        "Gross Profit": 409,
        "Operating Income": 141,
        "EBIT": 162,
        "Net Income": 67
    },
    "2021-09-30": {
        "Diluted EPS": 0.46,
        "Total Revenue": NaN,
        "Gross Profit": 421,
        "Operating Income": 167,
        "EBIT": 189,
        "Net Income": 68
    },
    "2021-06-30": {
        "Diluted EPS": 0.39,
        "Total Revenue": NaN,
        "Gross Profit": 386,
        "Operating Income": 121,
        "EBIT": 143,
        "Net Income": 58
    },
    "2021-03-31": {
        "Diluted EPS": 0.33,
        "Total Revenue": NaN,
        "Gross Profit": 368,
        "Operating Income": 130,
        "EBIT": 153,
        "Net Income": 49
    },
    "2020-12-31": {
        "Diluted EPS": 0.48,
        "Total Revenue": NaN,
        "Gross Profit": 454,
        "Operating Income": 152,
        "EBIT": 174,
        "Net Income": 59
    },
    "2020-09-30": {
        "Diluted EPS": 0.6,
        "Total Revenue": NaN,
        "Gross Profit": 370,
        "Operating Income": 131,
        "EBIT": 153,
        "Net Income": 75
    },
    "2020-06-30": {
        "Diluted EPS": -0.62,
        "Total Revenue": NaN,
        "Gross Profit": 236,
        "Operating Income": -6,
        "EBIT": 15,
        "Net Income": -76
    },
    "2020-03-31": {
        "Diluted EPS": -0.17,
        "Total Revenue": NaN,
        "Gross Profit": 284,
        "Operating Income": 34,
        "EBIT": 55,
        "Net Income": -21
    },
    "2019-12-31": {
        "Diluted EPS": -0.07,
        "Total Revenue": NaN,
        "Gross Profit": 313,
        "Operating Income": 72,
        "EBIT": 97,
        "Net Income": -9
    },
    "2019-09-30": {
        "Diluted EPS": 0.06,
        "Total Revenue": NaN,
        "Gross Profit": 309,
        "Operating Income": 59,
        "EBIT": 78,
        "Net Income": 8
    },
    "2019-06-30": {
        "Diluted EPS": -0.09,
        "Total Revenue": NaN,
        "Gross Profit": 323,
        "Operating Income": 42,
        "EBIT": 62,
        "Net Income": -11
    },
    "2019-03-31": {
        "Diluted EPS": 0.39,
        "Total Revenue": NaN,
        "Gross Profit": 332,
        "Operating Income": 85,
        "EBIT": 101,
        "Net Income": 48
    },
    "2018-12-31": {
        "Diluted EPS": 0.13,
        "Total Revenue": NaN,
        "Gross Profit": 389,
        "Operating Income": 157,
        "EBIT": 174,
        "Net Income": 16
    },
    "2018-09-30": {
        "Diluted EPS": 2.53,
        "Total Revenue": NaN,
        "Gross Profit": 347,
        "Operating Income": 128,
        "EBIT": 144,
        "Net Income": 311
    },
    "2018-06-30": {
        "Diluted EPS": 0.27,
        "Total Revenue": NaN,
        "Gross Profit": 346,
        "Operating Income": 129,
        "EBIT": 145,
        "Net Income": 33
    },
    "2018-03-31": {
        "Diluted EPS": 0.37,
        "Total Revenue": NaN,
        "Gross Profit": 343,
        "Operating Income": 79,
        "EBIT": 96,
        "Net Income": 45
    },
    "2017-12-31": {
        "Diluted EPS": 0.0,
        "Total Revenue": NaN,
        "Gross Profit": NaN,
        "Operating Income": NaN,
        "EBIT": NaN,
        "Net Income": NaN
    },
    "2017-09-30": {
        "Diluted EPS": 0.19,
        "Total Revenue": NaN,
        "Gross Profit": 336,
        "Operating Income": 57,
        "EBIT": 57,
        "Net Income": 23
    },
    "2016-12-31": {
        "Diluted EPS": 0.0,
        "Total Revenue": NaN,
        "Gross Profit": NaN,
        "Operating Income": NaN,
        "EBIT": NaN,
        "Net Income": NaN
    },
    "2023-06-30": {
        "Tax Effect Of Unusual Items": -420000.0,
        "Tax Rate For Calcs": 0.21,
        "Normalized EBITDA": 138000000.0,
        "Total Unusual Items": -2000000.0,
        "Total Unusual Items Excluding Goodwill": -2000000.0,
        "Net Income From Continuing Operation Net Minority Interest": 50000000.0,
        "Reconciled Depreciation": 25000000.0,
        "Reconciled Cost Of Revenue": 1151000000.0,
        "EBITDA": 136000000.0,
        "EBIT": 111000000.0,
        "Net Interest Income": -17000000.0,
        "Interest Expense": 17000000.0,
        "Normalized Income": 51580000.0,
        "Net Income From Continuing And Discontinued Operation": 50000000.0,
        "Total Expenses": 1447000000.0,
        "Total Operating Income As Reported": 153000000.0,
        "Diluted Average Shares": 149000000.0,
        "Basic Average Shares": 147000000.0,
        "Diluted EPS": 0.34,
        "Basic EPS": 0.34,
        "Diluted NI Availto Com Stockholders": 50000000.0,
        "Net Income Common Stockholders": 50000000.0,
        "Net Income": 50000000.0,
        "Net Income Including Noncontrolling Interests": 50000000.0,
        "Net Income Continuous Operations": 50000000.0,
        "Tax Provision": 44000000.0,
        "Pretax Income": 94000000.0,
        "Other Income Expense": -44000000.0,
        "Other Non Operating Income Expenses": -42000000.0,
        "Special Income Charges": -2000000.0,
        "Restructuring And Mergern Acquisition": 2000000.0,
        "Net Non Operating Interest Income Expense": -17000000.0,
        "Interest Expense Non Operating": 17000000.0,
        "Operating Income": 155000000.0,
        "Operating Expense": 281000000.0,
        "Depreciation Amortization Depletion Income Statement": 10000000.0,
        "Depreciation And Amortization In Income Statement": 10000000.0,
        "Amortization": 10000000.0,
        "Amortization Of Intangibles Income Statement": 10000000.0,
        "Research And Development": 29000000.0,
        "Selling General And Administration": 242000000.0,
        "Gross Profit": 436000000.0,
        "Cost Of Revenue": 1166000000.0,
        "Total Revenue": 1602000000.0,
        "Operating Revenue": 1602000000.0
    },
    "2023-09-30": {
        "Tax Effect Of Unusual Items": -7980000.0,
        "Tax Rate For Calcs": 0.21,
        "Normalized EBITDA": 113000000.0,
        "Total Unusual Items": -38000000.0,
        "Total Unusual Items Excluding Goodwill": -38000000.0,
        "Net Income From Continuing Operation Net Minority Interest": 21000000.0,
        "Reconciled Depreciation": 22000000.0,
        "Reconciled Cost Of Revenue": 1124000000.0,
        "EBITDA": 75000000.0,
        "EBIT": 53000000.0,
        "Net Interest Income": -16000000.0,
        "Interest Expense": 16000000.0,
        "Normalized Income": 51020000.0,
        "Net Income From Continuing And Discontinued Operation": 21000000.0,
        "Total Expenses": 1407000000.0,
        "Total Operating Income As Reported": 109000000.0,
        "Diluted Average Shares": 148000000.0,
        "Basic Average Shares": 147000000.0,
        "Diluted EPS": 0.14,
        "Basic EPS": 0.14,
        "Diluted NI Availto Com Stockholders": 21000000.0,
        "Net Income Common Stockholders": 21000000.0,
        "Net Income": 21000000.0,
        "Net Income Including Noncontrolling Interests": 21000000.0,
        "Net Income Continuous Operations": 21000000.0,
        "Tax Provision": 16000000.0,
        "Pretax Income": 37000000.0,
        "Other Income Expense": -94000000.0,
        "Other Non Operating Income Expenses": -56000000.0,
        "Special Income Charges": -38000000.0,
        "Restructuring And Mergern Acquisition": 38000000.0,
        "Net Non Operating Interest Income Expense": -16000000.0,
        "Interest Expense Non Operating": 16000000.0,
        "Operating Income": 147000000.0,
        "Operating Expense": 270000000.0,
        "Depreciation Amortization Depletion Income Statement": 9000000.0,
        "Depreciation And Amortization In Income Statement": 9000000.0,
        "Amortization": 9000000.0,
        "Amortization Of Intangibles Income Statement": 9000000.0,
        "Research And Development": 28000000.0,
        "Selling General And Administration": 233000000.0,
        "Gross Profit": 417000000.0,
        "Cost Of Revenue": 1137000000.0,
        "Total Revenue": 1554000000.0,
        "Operating Revenue": 1554000000.0
    },
    "2023-12-31": {
        "Tax Effect Of Unusual Items": 0.0,
        "Tax Rate For Calcs": 0.188119,
        "Normalized EBITDA": 143000000.0,
        "Total Unusual Items": 0.0,
        "Total Unusual Items Excluding Goodwill": 0.0,
        "Net Income From Continuing Operation Net Minority Interest": 82000000.0,
        "Reconciled Depreciation": 27000000.0,
        "Reconciled Cost Of Revenue": 1097000000.0,
        "EBITDA": 143000000.0,
        "EBIT": 116000000.0,
        "Net Interest Income": -15000000.0,
        "Interest Expense": 15000000.0,
        "Normalized Income": 82000000.0,
        "Net Income From Continuing And Discontinued Operation": 82000000.0,
        "Total Expenses": 1390000000.0,
        "Total Operating Income As Reported": 147000000.0,
        "Diluted Average Shares": 147000000.0,
        "Basic Average Shares": 146000000.0,
        "Diluted EPS": 0.56,
        "Basic EPS": 0.56,
        "Diluted NI Availto Com Stockholders": 82000000.0,
        "Net Income Common Stockholders": 82000000.0,
        "Net Income": 82000000.0,
        "Net Income Including Noncontrolling Interests": 82000000.0,
        "Net Income Continuous Operations": 82000000.0,
        "Tax Provision": 19000000.0,
        "Pretax Income": 101000000.0,
        "Other Income Expense": -31000000.0,
        "Other Non Operating Income Expenses": -31000000.0,
        "Special Income Charges": 0.0,
        "Restructuring And Mergern Acquisition": 0.0,
        "Net Non Operating Interest Income Expense": -15000000.0,
        "Interest Expense Non Operating": 15000000.0,
        "Operating Income": 147000000.0,
        "Operating Expense": 276000000.0,
        "Depreciation Amortization Depletion Income Statement": 10000000.0,
        "Depreciation And Amortization In Income Statement": 10000000.0,
        "Amortization": 10000000.0,
        "Amortization Of Intangibles Income Statement": 10000000.0,
        "Research And Development": 25000000.0,
        "Selling General And Administration": 241000000.0,
        "Gross Profit": 423000000.0,
        "Cost Of Revenue": 1114000000.0,
        "Total Revenue": 1537000000.0,
        "Operating Revenue": 1537000000.0
    },
    "2024-03-31": {
        "Tax Effect Of Unusual Items": -1470000.0,
        "Tax Rate For Calcs": 0.21,
        "Normalized EBITDA": 117000000.0,
        "Total Unusual Items": -7000000.0,
        "Total Unusual Items Excluding Goodwill": -7000000.0,
        "Net Income From Continuing Operation Net Minority Interest": 43000000.0,
        "Reconciled Depreciation": 24000000.0,
        "Reconciled Cost Of Revenue": 1071000000.0,
        "EBITDA": 110000000.0,
        "EBIT": 86000000.0,
        "Net Interest Income": -13000000.0,
        "Interest Expense": 13000000.0,
        "Normalized Income": 48530000.0,
        "Net Income From Continuing And Discontinued Operation": 43000000.0,
        "Total Expenses": 1351000000.0,
        "Total Operating Income As Reported": 128000000.0,
        "Diluted Average Shares": 148000000.0,
        "Basic Average Shares": 146000000.0,
        "Diluted EPS": 0.29,
        "Basic EPS": 0.29,
        "Diluted NI Availto Com Stockholders": 43000000.0,
        "Net Income Common Stockholders": 43000000.0,
        "Net Income": 43000000.0,
        "Net Income Including Noncontrolling Interests": 43000000.0,
        "Net Income Continuous Operations": 43000000.0,
        "Tax Provision": 30000000.0,
        "Pretax Income": 73000000.0,
        "Other Income Expense": -49000000.0,
        "Other Non Operating Income Expenses": -42000000.0,
        "Special Income Charges": -7000000.0,
        "Restructuring And Mergern Acquisition": 7000000.0,
        "Net Non Operating Interest Income Expense": -13000000.0,
        "Interest Expense Non Operating": 13000000.0,
        "Operating Income": 135000000.0,
        "Operating Expense": 265000000.0,
        "Depreciation Amortization Depletion Income Statement": 9000000.0,
        "Depreciation And Amortization In Income Statement": 9000000.0,
        "Amortization": 9000000.0,
        "Amortization Of Intangibles Income Statement": 9000000.0,
        "Research And Development": 25000000.0,
        "Selling General And Administration": 231000000.0,
        "Gross Profit": 400000000.0,
        "Cost Of Revenue": 1086000000.0,
        "Total Revenue": 1486000000.0,
        "Operating Revenue": 1486000000.0
    },
    "2024-06-30": {
        "Tax Effect Of Unusual Items": -2310000.0,
        "Tax Rate For Calcs": 0.21,
        "Normalized EBITDA": 113000000.0,
        "Total Unusual Items": -11000000.0,
        "Total Unusual Items Excluding Goodwill": -11000000.0,
        "Net Income From Continuing Operation Net Minority Interest": 30000000.0,
        "Reconciled Depreciation": 28000000.0,
        "Reconciled Cost Of Revenue": 1127000000.0,
        "EBITDA": 102000000.0,
        "EBIT": 74000000.0,
        "Net Interest Income": -15000000.0,
        "Interest Expense": 15000000.0,
        "Normalized Income": 38690000.0,
        "Net Income From Continuing And Discontinued Operation": 30000000.0,
        "Total Expenses": 1456000000.0,
        "Total Operating Income As Reported": 122000000.0,
        "Diluted Average Shares": 149000000.0,
        "Basic Average Shares": 146000000.0,
        "Diluted EPS": 0.19,
        "Basic EPS": 0.19,
        "Diluted NI Availto Com Stockholders": 30000000.0,
        "Net Income Common Stockholders": 30000000.0,
        "Net Income": 30000000.0,
        "Net Income Including Noncontrolling Interests": 30000000.0,
        "Net Income Continuous Operations": 30000000.0,
        "Tax Provision": 29000000.0,
        "Pretax Income": 59000000.0,
        "Other Income Expense": -59000000.0,
        "Other Non Operating Income Expenses": -48000000.0,
        "Special Income Charges": -11000000.0,
        "Restructuring And Mergern Acquisition": NaN,
        "Net Non Operating Interest Income Expense": -15000000.0,
        "Interest Expense Non Operating": 15000000.0,
        "Operating Income": 133000000.0,
        "Operating Expense": 314000000.0,
        "Depreciation Amortization Depletion Income Statement": 13000000.0,
        "Depreciation And Amortization In Income Statement": 13000000.0,
        "Amortization": 13000000.0,
        "Amortization Of Intangibles Income Statement": 13000000.0,
        "Research And Development": 21000000.0,
        "Selling General And Administration": 280000000.0,
        "Gross Profit": 447000000.0,
        "Cost Of Revenue": 1142000000.0,
        "Total Revenue": 1589000000.0,
        "Operating Revenue": 1589000000.0
    }
}