{
    "2023-04-30": {
        "Tax Effect Of Unusual Items": NaN,
        "Tax Rate For Calcs": NaN,
        "Normalized EBITDA": NaN,
        "Total Unusual Items": NaN,
        "Total Unusual Items Excluding Goodwill": NaN,
        "Net Income From Continuing Operation Net Minority Interest": NaN,
        "Reconciled Depreciation": NaN,
        "Reconciled Cost Of Revenue": 0.0,
        "EBITDA": NaN,
        "EBIT": NaN,
        "Net Interest Income": NaN,
        "Interest Expense": 0.0,
        "Interest Income": NaN,
        "Normalized Income": NaN,
        "Net Income From Continuing And Discontinued Operation": NaN,
        "Total Expenses": NaN,
        "Total Operating Income As Reported": NaN,
        "Diluted Average Shares": 23372136.0,
        "Basic Average Shares": 23372136.0,
        "Diluted EPS": -0.06,
        "Basic EPS": -0.06,
        "Diluted NI Availto Com Stockholders": NaN,
        "Net Income Common Stockholders": NaN,
        "Net Income": NaN,
        "Minority Interests": NaN,
        "Net Income Including Noncontrolling Interests": NaN,
        "Net Income Discontinuous Operations": NaN,
        "Net Income Continuous Operations": NaN,
        "Earnings From Equity Interest Net Of Tax": NaN,
        "Tax Provision": NaN,
        "Pretax Income": NaN,
        "Other Income Expense": NaN,
        "Other Non Operating Income Expenses": NaN,
        "Special Income Charges": NaN,
        "Other Special Charges": NaN,
        "Write Off": NaN,
        "Restructuring And Mergern Acquisition": 0.0,
        "Gain On Sale Of Security": NaN,
        "Net Non Operating Interest Income Expense": NaN,
        "Interest Expense Non Operating": 0.0,
        "Interest Income Non Operating": NaN,
        "Operating Income": NaN,
        "Operating Expense": NaN,
        "Provision For Doubtful Accounts": 0.0,
        "Depreciation Amortization Depletion Income Statement": NaN,
        "Depreciation And Amortization In Income Statement": NaN,
        "Research And Development": NaN,
        "Selling General And Administration": NaN,
        "General And Administrative Expense": NaN,
        "Other Gand A": NaN,
        "Gross Profit": 71000.0,
        "Cost Of Revenue": 0.0,
        "Total Revenue": NaN,
        "Operating Revenue": NaN
    },
    "2023-01-31": {
        "Tax Effect Of Unusual Items": NaN,
        "Tax Rate For Calcs": NaN,
        "Normalized EBITDA": NaN,
        "Total Unusual Items": NaN,
        "Total Unusual Items Excluding Goodwill": NaN,
        "Net Income From Continuing Operation Net Minority Interest": NaN,
        "Reconciled Depreciation": NaN,
        "Reconciled Cost Of Revenue": NaN,
        "EBITDA": NaN,
        "EBIT": NaN,
        "Net Interest Income": NaN,
        "Interest Expense": 0.0,
        "Interest Income": NaN,
        "Normalized Income": NaN,
        "Net Income From Continuing And Discontinued Operation": NaN,
        "Total Expenses": NaN,
        "Total Operating Income As Reported": NaN,
        "Diluted Average Shares": NaN,
        "Basic Average Shares": NaN,
        "Diluted EPS": NaN,
        "Basic EPS": NaN,
        "Diluted NI Availto Com Stockholders": NaN,
        "Net Income Common Stockholders": NaN,
        "Net Income": NaN,
        "Minority Interests": NaN,
        "Net Income Including Noncontrolling Interests": NaN,
        "Net Income Discontinuous Operations": NaN,
        "Net Income Continuous Operations": NaN,
        "Earnings From Equity Interest Net Of Tax": NaN,
        "Tax Provision": NaN,
        "Pretax Income": NaN,
        "Other Income Expense": NaN,
        "Other Non Operating Income Expenses": NaN,
        "Special Income Charges": NaN,
        "Write Off": NaN,
        "Restructuring And Mergern Acquisition": 0.0,
        "Gain On Sale Of Security": NaN,
        "Net Non Operating Interest Income Expense": NaN,
        "Interest Expense Non Operating": 0.0,
        "Interest Income Non Operating": NaN,
        "Operating Income": NaN,
        "Operating Expense": NaN,
        "Provision For Doubtful Accounts": 0.0,
        "Depreciation Amortization Depletion Income Statement": NaN,
        "Depreciation And Amortization In Income Statement": NaN,
        "Research And Development": NaN,
        "Selling General And Administration": NaN,
        "General And Administrative Expense": NaN,
        "Other Gand A": NaN,
        "Gross Profit": NaN,
        "Cost Of Revenue": NaN,
        "Total Revenue": NaN,
        "Operating Revenue": NaN
    },
    "2022-10-31": {
        "Tax Effect Of Unusual Items": NaN,
        "Tax Rate For Calcs": NaN,
        "Normalized EBITDA": NaN,
        "Total Unusual Items": NaN,
        "Total Unusual Items Excluding Goodwill": NaN,
        "Net Income From Continuing Operation Net Minority Interest": NaN,
        "Reconciled Depreciation": NaN,
        "Reconciled Cost Of Revenue": NaN,
        "EBITDA": NaN,
        "EBIT": NaN,
        "Net Interest Income": NaN,
        "Interest Expense": 0.0,
        "Interest Income": NaN,
        "Normalized Income": NaN,
        "Net Income From Continuing And Discontinued Operation": NaN,
        "Total Expenses": NaN,
        "Total Operating Income As Reported": NaN,
        "Diluted Average Shares": NaN,
        "Basic Average Shares": NaN,
        "Diluted EPS": NaN,
        "Basic EPS": NaN,
        "Diluted NI Availto Com Stockholders": NaN,
        "Net Income Common Stockholders": NaN,
        "Net Income": NaN,
        "Minority Interests": NaN,
        "Net Income Including Noncontrolling Interests": NaN,
        "Net Income Discontinuous Operations": NaN,
        "Net Income Continuous Operations": NaN,
        "Earnings From Equity Interest Net Of Tax": NaN,
        "Tax Provision": NaN,
        "Pretax Income": NaN,
        "Other Income Expense": NaN,
        "Other Non Operating Income Expenses": NaN,
        "Special Income Charges": NaN,
        "Write Off": NaN,
        "Restructuring And Mergern Acquisition": NaN,
        "Gain On Sale Of Security": NaN,
        "Net Non Operating Interest Income Expense": NaN,
        "Interest Expense Non Operating": 0.0,
        "Interest Income Non Operating": NaN,
        "Operating Income": NaN,
        "Operating Expense": NaN,
        "Provision For Doubtful Accounts": 0.0,
        "Depreciation Amortization Depletion Income Statement": NaN,
        "Depreciation And Amortization In Income Statement": NaN,
        "Research And Development": NaN,
        "Selling General And Administration": NaN,
        "General And Administrative Expense": NaN,
        "Other Gand A": NaN,
        "Gross Profit": NaN,
        "Cost Of Revenue": NaN,
        "Total Revenue": NaN,
        "Operating Revenue": NaN
    },
    "2022-07-31": {
        "Tax Effect Of Unusual Items": 103.336921,
        "Tax Rate For Calcs": 0.001292,
        "Normalized EBITDA": -4900000.0,
        "Total Unusual Items": 80000.0,
        "Total Unusual Items Excluding Goodwill": 80000.0,
        "Net Income From Continuing Operation Net Minority Interest": -4570000.0,
        "Reconciled Depreciation": 18000.0,
        "EBITDA": -4820000.0,
        "EBIT": -4838000.0,
        "Net Interest Income": 1348000.0,
        "Interest Expense": -1205000.0,
        "Interest Income": 143000.0,
        "Normalized Income": -4649896.663079,
        "Net Income From Continuing And Discontinued Operation": -4784000.0,
        "Total Expenses": 4907000.0,
        "Total Operating Income As Reported": -4838000.0,
        "Diluted Average Shares": 20652834.0,
        "Basic Average Shares": 20652834.0,
        "Diluted EPS": -0.25,
        "Basic EPS": -0.24,
        "Diluted NI Availto Com Stockholders": -4784000.0,
        "Net Income Common Stockholders": -4784000.0,
        "Net Income": -4784000.0,
        "Minority Interests": 69000.0,
        "Net Income Including Noncontrolling Interests": -4853000.0,
        "Net Income Discontinuous Operations": -214000.0,
        "Net Income Continuous Operations": -4639000.0,
        "Earnings From Equity Interest Net Of Tax": 0.0,
        "Tax Provision": -6000.0,
        "Pretax Income": -4645000.0,
        "Other Income Expense": 193000.0,
        "Other Non Operating Income Expenses": 113000.0,
        "Special Income Charges": 0.0,
        "Write Off": 0.0,
        "Gain On Sale Of Security": 80000.0,
        "Net Non Operating Interest Income Expense": 1348000.0,
        "Interest Expense Non Operating": -1205000.0,
        "Interest Income Non Operating": 143000.0,
        "Operating Income": -4838000.0,
        "Operating Expense": 4907000.0,
        "Provision For Doubtful Accounts": 0.0,
        "Depreciation Amortization Depletion Income Statement": 18000.0,
        "Depreciation And Amortization In Income Statement": 18000.0,
        "Research And Development": 1841000.0,
        "Selling General And Administration": 3048000.0,
        "General And Administrative Expense": NaN,
        "Other Gand A": NaN,
        "Total Revenue": 69000.0,
        "Operating Revenue": 69000.0
    },
    "2022-04-30": {
        "Diluted EPS": -0.28,
        "Total Revenue": 0,
        "Gross Profit": 0,
        "Operating Income": -5,
        "EBIT": -5,
        "Net Income": -6
    },
    "2022-01-31": {
        "Diluted EPS": -0.12,
        "Total Revenue": 0,
        "Gross Profit": 0,
        "Operating Income": -2,
        "EBIT": -1,
        "Net Income": -2
    },
    "2021-10-31": {
        "Diluted EPS": -5.91,
        "Total Revenue": 0,
        "Gross Profit": 0,
        "Operating Income": -50,
        "EBIT": -49,
        "Net Income": -112
    },
    "2021-07-31": {
        "Diluted EPS": -0.75,
        "Total Revenue": 0,
        "Gross Profit": 0,
        "Operating Income": -13,
        "EBIT": -14,
        "Net Income": -12
    },
    "2021-04-30": {
        "Diluted EPS": -0.15,
        "Total Revenue": 1,
        "Gross Profit": 1,
        "Operating Income": -3,
        "EBIT": -3,
        "Net Income": -3
    },
    "2021-01-31": {
        "Diluted EPS": -0.5,
        "Total Revenue": 1,
        "Gross Profit": 1,
        "Operating Income": -11,
        "EBIT": -10,
        "Net Income": -8
    },
    "2020-10-31": {
        "Diluted EPS": -0.09,
        "Total Revenue": 1,
        "Gross Profit": 1,
        "Operating Income": -2,
        "EBIT": -2,
        "Net Income": -1
    },
    "2020-07-31": {
        "Diluted EPS": -0.34,
        "Total Revenue": 1,
        "Gross Profit": 1,
        "Operating Income": -3,
        "EBIT": -3,
        "Net Income": -5
    },
    "2020-04-30": {
        "Diluted EPS": -0.14,
        "Total Revenue": 1,
        "Gross Profit": 1,
        "Operating Income": -2,
        "EBIT": -1,
        "Net Income": -2
    },
    "2020-01-31": {
        "Diluted EPS": -0.08,
        "Total Revenue": 1,
        "Gross Profit": 1,
        "Operating Income": -2,
        "EBIT": -1,
        "Net Income": -1
    },
    "2019-10-31": {
        "Diluted EPS": -0.1,
        "Total Revenue": 1,
        "Gross Profit": 1,
        "Operating Income": -2,
        "EBIT": -1,
        "Net Income": -2
    },
    "2019-07-31": {
        "Diluted EPS": -0.16,
        "Total Revenue": 1,
        "Gross Profit": 1,
        "Operating Income": -3,
        "EBIT": -2,
        "Net Income": -2
    },
    "2019-04-30": {
        "Diluted EPS": -0.07,
        "Total Revenue": 1,
        "Gross Profit": 1,
        "Operating Income": -1,
        "EBIT": -1,
        "Net Income": -1
    },
    "2019-01-31": {
        "Diluted EPS": -0.08,
        "Total Revenue": 1,
        "Gross Profit": 1,
        "Operating Income": -1,
        "EBIT": -1,
        "Net Income": -1
    },
    "2018-10-31": {
        "Diluted EPS": -0.04,
        "Total Revenue": 1,
        "Gross Profit": 1,
        "Operating Income": -1,
        "EBIT": -1,
        "Net Income": 0
    },
    "2018-07-31": {
        "Diluted EPS": -0.11,
        "Total Revenue": 1,
        "Gross Profit": 1,
        "Operating Income": -1,
        "EBIT": 0,
        "Net Income": -1
    },
    "2018-04-30": {
        "Diluted EPS": -0.04,
        "Total Revenue": 1,
        "Gross Profit": 1,
        "Operating Income": -1,
        "EBIT": 0,
        "Net Income": -1
    },
    "2018-01-31": {
        "Diluted EPS": -0.04,
        "Total Revenue": 1,
        "Gross Profit": 1,
        "Operating Income": -1,
        "EBIT": 0,
        "Net Income": -1
    },
    "2017-10-31": {
        "Diluted EPS": -0.74,
        "Total Revenue": 1,
        "Gross Profit": 1,
        "Operating Income": -1,
        "EBIT": -1,
        "Net Income": -9
    },
    "2017-07-31": {
        "Diluted EPS": 0.0,
        "Total Revenue": NaN,
        "Gross Profit": NaN,
        "Operating Income": NaN,
        "EBIT": NaN,
        "Net Income": NaN
    },
    "2017-04-30": {
        "Diluted EPS": -0.01,
        "Total Revenue": 1,
        "Gross Profit": 1,
        "Operating Income": 0,
        "EBIT": 0,
        "Net Income": 0
    },
    "2017-01-31": {
        "Diluted EPS": 0.0,
        "Total Revenue": 1,
        "Gross Profit": 1,
        "Operating Income": 0,
        "EBIT": 0,
        "Net Income": 0
    },
    "2016-07-31": {
        "Diluted EPS": 0.0,
        "Total Revenue": NaN,
        "Gross Profit": NaN,
        "Operating Income": NaN,
        "EBIT": NaN,
        "Net Income": NaN
    },
    "2023-07-31": {
        "Tax Effect Of Unusual Items": 8535.885167,
        "Tax Rate For Calcs": 0.002734,
        "Normalized EBITDA": -1641000.0,
        "Total Unusual Items": 3122000.0,
        "Total Unusual Items Excluding Goodwill": 3122000.0,
        "Net Income From Continuing Operation Net Minority Interest": 1284000.0,
        "Reconciled Depreciation": 18000.0,
        "Reconciled Cost Of Revenue": NaN,
        "EBITDA": 1481000.0,
        "EBIT": 1463000.0,
        "Net Interest Income": 952000.0,
        "Interest Expense": 0.0,
        "Interest Income": 952000.0,
        "Normalized Income": -1829464.114833,
        "Net Income From Continuing And Discontinued Operation": 1219000.0,
        "Total Expenses": 2679000.0,
        "Total Operating Income As Reported": -2611000.0,
        "Diluted Average Shares": 22263211.0,
        "Basic Average Shares": 22263211.0,
        "Diluted EPS": 0.06,
        "Basic EPS": 0.06,
        "Diluted NI Availto Com Stockholders": 1219000.0,
        "Net Income Common Stockholders": 1219000.0,
        "Net Income": 1219000.0,
        "Minority Interests": 28000.0,
        "Net Income Including Noncontrolling Interests": 1191000.0,
        "Net Income Discontinuous Operations": -65000.0,
        "Net Income Continuous Operations": 1256000.0,
        "Earnings From Equity Interest Net Of Tax": -203000.0,
        "Tax Provision": 4000.0,
        "Pretax Income": 1463000.0,
        "Other Income Expense": 3122000.0,
        "Other Non Operating Income Expenses": NaN,
        "Special Income Charges": 17000.0,
        "Other Special Charges": NaN,
        "Write Off": -17000.0,
        "Restructuring And Mergern Acquisition": NaN,
        "Gain On Sale Of Security": 3105000.0,
        "Net Non Operating Interest Income Expense": 952000.0,
        "Interest Expense Non Operating": 0.0,
        "Interest Income Non Operating": 952000.0,
        "Operating Income": -2611000.0,
        "Operating Expense": 2679000.0,
        "Provision For Doubtful Accounts": 0.0,
        "Depreciation Amortization Depletion Income Statement": 18000.0,
        "Depreciation And Amortization In Income Statement": 18000.0,
        "Research And Development": 1266000.0,
        "Selling General And Administration": 1395000.0,
        "General And Administrative Expense": 1395000.0,
        "Other Gand A": 1395000.0,
        "Gross Profit": NaN,
        "Cost Of Revenue": NaN,
        "Total Revenue": 68000.0,
        "Operating Revenue": 68000.0
    },
    "2023-10-31": {
        "Tax Effect Of Unusual Items": -364350.0,
        "Tax Rate For Calcs": 0.21,
        "Normalized EBITDA": -726000.0,
        "Total Unusual Items": -1735000.0,
        "Total Unusual Items Excluding Goodwill": -1735000.0,
        "Net Income From Continuing Operation Net Minority Interest": -3638000.0,
        "Reconciled Depreciation": 17000.0,
        "Reconciled Cost Of Revenue": NaN,
        "EBITDA": -2461000.0,
        "EBIT": -2478000.0,
        "Net Interest Income": 582000.0,
        "Interest Expense": NaN,
        "Interest Income": 582000.0,
        "Normalized Income": -2267350.0,
        "Net Income From Continuing And Discontinued Operation": -3638000.0,
        "Total Expenses": 2546000.0,
        "Total Operating Income As Reported": -2478000.0,
        "Diluted Average Shares": 23644647.0,
        "Basic Average Shares": 23644647.0,
        "Diluted EPS": -0.15,
        "Basic EPS": -0.15,
        "Diluted NI Availto Com Stockholders": -3638000.0,
        "Net Income Common Stockholders": -3638000.0,
        "Net Income": -3638000.0,
        "Minority Interests": 122000.0,
        "Net Income Including Noncontrolling Interests": -3760000.0,
        "Net Income Discontinuous Operations": 0.0,
        "Net Income Continuous Operations": -3760000.0,
        "Earnings From Equity Interest Net Of Tax": -216000.0,
        "Tax Provision": 6000.0,
        "Pretax Income": -3538000.0,
        "Other Income Expense": -1642000.0,
        "Other Non Operating Income Expenses": 93000.0,
        "Special Income Charges": 0.0,
        "Other Special Charges": NaN,
        "Write Off": 0.0,
        "Restructuring And Mergern Acquisition": NaN,
        "Gain On Sale Of Security": -1735000.0,
        "Net Non Operating Interest Income Expense": 582000.0,
        "Interest Expense Non Operating": NaN,
        "Interest Income Non Operating": 582000.0,
        "Operating Income": -2478000.0,
        "Operating Expense": 2546000.0,
        "Provision For Doubtful Accounts": NaN,
        "Depreciation Amortization Depletion Income Statement": 17000.0,
        "Depreciation And Amortization In Income Statement": 17000.0,
        "Research And Development": 489000.0,
        "Selling General And Administration": 2040000.0,
        "General And Administrative Expense": 2040000.0,
        "Other Gand A": 2040000.0,
        "Gross Profit": NaN,
        "Cost Of Revenue": NaN,
        "Total Revenue": 68000.0,
        "Operating Revenue": 68000.0
    },
    "2024-01-31": {
        "Tax Effect Of Unusual Items": 0.0,
        "Tax Rate For Calcs": 0.0,
        "Normalized EBITDA": -11640000.0,
        "Total Unusual Items": 8535000.0,
        "Total Unusual Items Excluding Goodwill": 8535000.0,
        "Net Income From Continuing Operation Net Minority Interest": 6047000.0,
        "Reconciled Depreciation": 38000.0,
        "Reconciled Cost Of Revenue": NaN,
        "EBITDA": -3105000.0,
        "EBIT": -3143000.0,
        "Net Interest Income": 693000.0,
        "Interest Expense": NaN,
        "Interest Income": 693000.0,
        "Normalized Income": -2488000.0,
        "Net Income From Continuing And Discontinued Operation": 6047000.0,
        "Total Expenses": 3211000.0,
        "Total Operating Income As Reported": -3143000.0,
        "Diluted Average Shares": 24402069.0,
        "Basic Average Shares": 23642421.0,
        "Diluted EPS": 0.25,
        "Basic EPS": 0.26,
        "Diluted NI Availto Com Stockholders": 6047000.0,
        "Net Income Common Stockholders": 6047000.0,
        "Net Income": 6047000.0,
        "Minority Interests": 143000.0,
        "Net Income Including Noncontrolling Interests": 5904000.0,
        "Net Income Discontinuous Operations": 0.0,
        "Net Income Continuous Operations": 5904000.0,
        "Earnings From Equity Interest Net Of Tax": -206000.0,
        "Tax Provision": 0.0,
        "Pretax Income": 6110000.0,
        "Other Income Expense": 8560000.0,
        "Other Non Operating Income Expenses": 25000.0,
        "Special Income Charges": -1633000.0,
        "Other Special Charges": NaN,
        "Write Off": 0.0,
        "Restructuring And Mergern Acquisition": 1633000.0,
        "Gain On Sale Of Security": 10168000.0,
        "Net Non Operating Interest Income Expense": 693000.0,
        "Interest Expense Non Operating": NaN,
        "Interest Income Non Operating": 693000.0,
        "Operating Income": -3143000.0,
        "Operating Expense": 3211000.0,
        "Provision For Doubtful Accounts": NaN,
        "Depreciation Amortization Depletion Income Statement": 38000.0,
        "Depreciation And Amortization In Income Statement": 38000.0,
        "Research And Development": 612000.0,
        "Selling General And Administration": 2561000.0,
        "General And Administrative Expense": 2561000.0,
        "Other Gand A": 2561000.0,
        "Gross Profit": NaN,
        "Cost Of Revenue": NaN,
        "Total Revenue": 68000.0,
        "Operating Revenue": 68000.0
    },
    "2024-04-30": {
        "Tax Effect Of Unusual Items": -3737334.124391,
        "Tax Rate For Calcs": 0.040051,
        "Normalized EBITDA": 28609000.0,
        "Total Unusual Items": -93314000.0,
        "Total Unusual Items Excluding Goodwill": -93314000.0,
        "Net Income From Continuing Operation Net Minority Interest": -32351000.0,
        "Reconciled Depreciation": 102000.0,
        "Reconciled Cost Of Revenue": 85000.0,
        "EBITDA": -64705000.0,
        "EBIT": -64807000.0,
        "Net Interest Income": 417000.0,
        "Interest Expense": 85000.0,
        "Interest Income": 502000.0,
        "Normalized Income": 57225665.875609,
        "Net Income From Continuing And Discontinued Operation": -32351000.0,
        "Total Expenses": 3636000.0,
        "Total Operating Income As Reported": -93161000.0,
        "Diluted Average Shares": 23777493.0,
        "Basic Average Shares": 23777493.0,
        "Diluted EPS": -1.36,
        "Basic EPS": -1.36,
        "Diluted NI Availto Com Stockholders": -32351000.0,
        "Net Income Common Stockholders": -32351000.0,
        "Net Income": -32351000.0,
        "Minority Interests": 29942000.0,
        "Net Income Including Noncontrolling Interests": -62293000.0,
        "Net Income Discontinuous Operations": 0.0,
        "Net Income Continuous Operations": -62293000.0,
        "Earnings From Equity Interest Net Of Tax": 0.0,
        "Tax Provision": -2599000.0,
        "Pretax Income": -64892000.0,
        "Other Income Expense": -62009000.0,
        "Other Non Operating Income Expenses": 31305000.0,
        "Special Income Charges": -89861000.0,
        "Other Special Charges": 89861000.0,
        "Write Off": 0.0,
        "Restructuring And Mergern Acquisition": 0.0,
        "Gain On Sale Of Security": -3453000.0,
        "Net Non Operating Interest Income Expense": 417000.0,
        "Interest Expense Non Operating": 85000.0,
        "Interest Income Non Operating": 502000.0,
        "Operating Income": -3300000.0,
        "Operating Expense": 3551000.0,
        "Provision For Doubtful Accounts": NaN,
        "Depreciation Amortization Depletion Income Statement": 102000.0,
        "Depreciation And Amortization In Income Statement": 102000.0,
        "Research And Development": 1526000.0,
        "Selling General And Administration": 1923000.0,
        "General And Administrative Expense": 1923000.0,
        "Other Gand A": 1923000.0,
        "Gross Profit": 251000.0,
        "Cost Of Revenue": 85000.0,
        "Total Revenue": 336000.0,
        "Operating Revenue": 336000.0
    },
    "2024-07-31": {
        "Tax Effect Of Unusual Items": -27098.360656,
        "Tax Rate For Calcs": 0.017608,
        "Normalized EBITDA": -3171000.0,
        "Total Unusual Items": -1539000.0,
        "Total Unusual Items Excluding Goodwill": -1539000.0,
        "Net Income From Continuing Operation Net Minority Interest": -4468000.0,
        "Reconciled Depreciation": 68000.0,
        "Reconciled Cost Of Revenue": 69000.0,
        "EBITDA": -4710000.0,
        "EBIT": -4778000.0,
        "Net Interest Income": 443000.0,
        "Interest Expense": 163000.0,
        "Interest Income": 606000.0,
        "Normalized Income": -2956098.360656,
        "Net Income From Continuing And Discontinued Operation": -4468000.0,
        "Total Expenses": 4010000.0,
        "Total Operating Income As Reported": -3845000.0,
        "Diluted Average Shares": NaN,
        "Basic Average Shares": NaN,
        "Diluted EPS": NaN,
        "Basic EPS": NaN,
        "Diluted NI Availto Com Stockholders": -4468000.0,
        "Net Income Common Stockholders": -4468000.0,
        "Net Income": -4468000.0,
        "Minority Interests": 386000.0,
        "Net Income Including Noncontrolling Interests": -4854000.0,
        "Net Income Discontinuous Operations": 0.0,
        "Net Income Continuous Operations": -4854000.0,
        "Earnings From Equity Interest Net Of Tax": 0.0,
        "Tax Provision": -87000.0,
        "Pretax Income": -4941000.0,
        "Other Income Expense": -1539000.0,
        "Other Non Operating Income Expenses": 0.0,
        "Special Income Charges": 0.0,
        "Other Special Charges": 0.0,
        "Write Off": 0.0,
        "Restructuring And Mergern Acquisition": 0.0,
        "Gain On Sale Of Security": -1539000.0,
        "Net Non Operating Interest Income Expense": 443000.0,
        "Interest Expense Non Operating": 163000.0,
        "Interest Income Non Operating": 606000.0,
        "Operating Income": -3845000.0,
        "Operating Expense": 3941000.0,
        "Provision For Doubtful Accounts": NaN,
        "Depreciation Amortization Depletion Income Statement": 68000.0,
        "Depreciation And Amortization In Income Statement": 68000.0,
        "Research And Development": 1543000.0,
        "Selling General And Administration": 2330000.0,
        "General And Administrative Expense": 2330000.0,
        "Other Gand A": 2330000.0,
        "Gross Profit": 96000.0,
        "Cost Of Revenue": 69000.0,
        "Total Revenue": 165000.0,
        "Operating Revenue": 165000.0
    }
}