{
    "2023-03-31": {
        "Tax Effect Of Unusual Items": NaN,
        "Tax Rate For Calcs": NaN,
        "Normalized EBITDA": NaN,
        "Net Income From Continuing Operation Net Minority Interest": NaN,
        "Reconciled Depreciation": NaN,
        "EBITDA": NaN,
        "EBIT": NaN,
        "Net Interest Income": NaN,
        "Interest Expense": NaN,
        "Interest Income": NaN,
        "Normalized Income": NaN,
        "Net Income From Continuing And Discontinued Operation": NaN,
        "Total Expenses": NaN,
        "Total Operating Income As Reported": NaN,
        "Diluted Average Shares": 16844243.0,
        "Basic Average Shares": 16844243.0,
        "Diluted EPS": -0.42,
        "Basic EPS": -0.42,
        "Diluted NI Availto Com Stockholders": NaN,
        "Net Income Common Stockholders": NaN,
        "Net Income": NaN,
        "Net Income Including Noncontrolling Interests": NaN,
        "Net Income Continuous Operations": NaN,
        "Tax Provision": 0.0,
        "Pretax Income": NaN,
        "Net Non Operating Interest Income Expense": NaN,
        "Interest Expense Non Operating": NaN,
        "Interest Income Non Operating": NaN,
        "Operating Income": NaN,
        "Operating Expense": NaN,
        "Research And Development": NaN,
        "Selling General And Administration": NaN,
        "General And Administrative Expense": NaN,
        "Other Gand A": NaN,
        "Total Revenue": NaN,
        "Operating Revenue": NaN
    },
    "2022-12-31": {
        "Tax Effect Of Unusual Items": NaN,
        "Tax Rate For Calcs": NaN,
        "Normalized EBITDA": NaN,
        "Net Income From Continuing Operation Net Minority Interest": NaN,
        "Reconciled Depreciation": NaN,
        "EBITDA": NaN,
        "EBIT": NaN,
        "Net Interest Income": NaN,
        "Interest Expense": NaN,
        "Interest Income": NaN,
        "Normalized Income": NaN,
        "Net Income From Continuing And Discontinued Operation": NaN,
        "Total Expenses": NaN,
        "Total Operating Income As Reported": NaN,
        "Diluted Average Shares": 16839700.0,
        "Basic Average Shares": 16839700.0,
        "Diluted EPS": -0.4,
        "Basic EPS": -0.4,
        "Diluted NI Availto Com Stockholders": NaN,
        "Net Income Common Stockholders": NaN,
        "Net Income": NaN,
        "Net Income Including Noncontrolling Interests": NaN,
        "Net Income Continuous Operations": NaN,
        "Tax Provision": 0.0,
        "Pretax Income": NaN,
        "Net Non Operating Interest Income Expense": NaN,
        "Interest Expense Non Operating": NaN,
        "Interest Income Non Operating": NaN,
        "Operating Income": NaN,
        "Operating Expense": NaN,
        "Research And Development": NaN,
        "Selling General And Administration": NaN,
        "General And Administrative Expense": NaN,
        "Other Gand A": NaN,
        "Total Revenue": NaN,
        "Operating Revenue": NaN
    },
    "2022-09-30": {
        "Tax Effect Of Unusual Items": 0.0,
        "Tax Rate For Calcs": 0.0,
        "Normalized EBITDA": -7344000.0,
        "Net Income From Continuing Operation Net Minority Interest": -7551000.0,
        "Reconciled Depreciation": 32000.0,
        "EBITDA": -7344000.0,
        "EBIT": -7376000.0,
        "Net Interest Income": 12000.0,
        "Interest Expense": 175000.0,
        "Interest Income": 187000.0,
        "Normalized Income": -7551000.0,
        "Net Income From Continuing And Discontinued Operation": -7551000.0,
        "Total Expenses": 7563000.0,
        "Total Operating Income As Reported": -7563000.0,
        "Diluted Average Shares": 14969574.0,
        "Basic Average Shares": 14969574.0,
        "Diluted EPS": -0.5,
        "Basic EPS": -0.5,
        "Diluted NI Availto Com Stockholders": -7551000.0,
        "Net Income Common Stockholders": -7551000.0,
        "Net Income": -7551000.0,
        "Net Income Including Noncontrolling Interests": -7551000.0,
        "Net Income Continuous Operations": -7551000.0,
        "Tax Provision": 0.0,
        "Pretax Income": -7551000.0,
        "Other Income Expense": NaN,
        "Other Non Operating Income Expenses": NaN,
        "Net Non Operating Interest Income Expense": 12000.0,
        "Interest Expense Non Operating": 175000.0,
        "Interest Income Non Operating": 187000.0,
        "Operating Income": -7563000.0,
        "Operating Expense": 7563000.0,
        "Research And Development": 5310000.0,
        "Selling General And Administration": 2253000.0,
        "General And Administrative Expense": 2253000.0,
        "Other Gand A": 2253000.0,
        "Total Revenue": 0.0,
        "Operating Revenue": 0.0
    },
    "2022-06-30": {
        "Tax Effect Of Unusual Items": 0.0,
        "Tax Rate For Calcs": 0.0,
        "Normalized EBITDA": -7065000.0,
        "Net Income From Continuing Operation Net Minority Interest": -7258000.0,
        "Reconciled Depreciation": 31000.0,
        "EBITDA": -7065000.0,
        "EBIT": -7096000.0,
        "Net Interest Income": -83000.0,
        "Interest Expense": 162000.0,
        "Interest Income": 79000.0,
        "Normalized Income": -7258000.0,
        "Net Income From Continuing And Discontinued Operation": -7258000.0,
        "Total Expenses": 7175000.0,
        "Total Operating Income As Reported": -7175000.0,
        "Diluted Average Shares": 14612312.0,
        "Basic Average Shares": 14612312.0,
        "Diluted EPS": -0.5,
        "Basic EPS": -0.5,
        "Diluted NI Availto Com Stockholders": -7258000.0,
        "Net Income Common Stockholders": -7258000.0,
        "Net Income": -7258000.0,
        "Net Income Including Noncontrolling Interests": -7258000.0,
        "Net Income Continuous Operations": -7258000.0,
        "Tax Provision": 0.0,
        "Pretax Income": -7258000.0,
        "Other Income Expense": NaN,
        "Other Non Operating Income Expenses": NaN,
        "Net Non Operating Interest Income Expense": -83000.0,
        "Interest Expense Non Operating": 162000.0,
        "Interest Income Non Operating": 79000.0,
        "Operating Income": -7175000.0,
        "Operating Expense": 7175000.0,
        "Research And Development": 4708000.0,
        "Selling General And Administration": 2467000.0,
        "General And Administrative Expense": 2467000.0,
        "Other Gand A": 2467000.0,
        "Total Revenue": 0.0,
        "Operating Revenue": 0.0
    },
    "2022-03-31": {
        "Diluted EPS": -0.46,
        "Total Revenue": NaN,
        "Gross Profit": NaN,
        "Operating Income": -7,
        "EBIT": -7,
        "Net Income": -7
    },
    "2021-12-31": {
        "Diluted EPS": -0.67,
        "Total Revenue": NaN,
        "Gross Profit": NaN,
        "Operating Income": -7,
        "EBIT": -7,
        "Net Income": -7
    },
    "2021-09-30": {
        "Diluted EPS": -0.99,
        "Total Revenue": NaN,
        "Gross Profit": NaN,
        "Operating Income": -8,
        "EBIT": -8,
        "Net Income": -9
    },
    "2021-06-30": {
        "Diluted EPS": -0.78,
        "Total Revenue": NaN,
        "Gross Profit": NaN,
        "Operating Income": -7,
        "EBIT": -7,
        "Net Income": -6
    },
    "2021-03-31": {
        "Diluted EPS": -0.8,
        "Total Revenue": NaN,
        "Gross Profit": NaN,
        "Operating Income": -6,
        "EBIT": -5,
        "Net Income": -6
    },
    "2020-12-31": {
        "Diluted EPS": 0.7,
        "Total Revenue": 5,
        "Gross Profit": 5,
        "Operating Income": -1,
        "EBIT": -1,
        "Net Income": -1
    },
    "2020-09-30": {
        "Diluted EPS": -0.4,
        "Total Revenue": 5,
        "Gross Profit": 5,
        "Operating Income": -1,
        "EBIT": -1,
        "Net Income": -2
    },
    "2020-06-30": {
        "Diluted EPS": -2.3,
        "Total Revenue": NaN,
        "Gross Profit": NaN,
        "Operating Income": -6,
        "EBIT": -6,
        "Net Income": -7
    },
    "2020-03-31": {
        "Diluted EPS": -2.5,
        "Total Revenue": 0,
        "Gross Profit": 0,
        "Operating Income": -6,
        "EBIT": -5,
        "Net Income": -6
    },
    "2019-12-31": {
        "Diluted EPS": -2.1,
        "Total Revenue": 0,
        "Gross Profit": 0,
        "Operating Income": -4,
        "EBIT": -4,
        "Net Income": -5
    },
    "2019-09-30": {
        "Diluted EPS": -2.6,
        "Total Revenue": 0,
        "Gross Profit": 0,
        "Operating Income": -5,
        "EBIT": -5,
        "Net Income": -5
    },
    "2019-06-30": {
        "Diluted EPS": -3.0,
        "Total Revenue": 0,
        "Gross Profit": 0,
        "Operating Income": -5,
        "EBIT": -4,
        "Net Income": -5
    },
    "2019-03-31": {
        "Diluted EPS": -3.1,
        "Total Revenue": 7,
        "Gross Profit": 7,
        "Operating Income": -3,
        "EBIT": -2,
        "Net Income": -3
    },
    "2018-12-31": {
        "Diluted EPS": -9.7,
        "Total Revenue": 0,
        "Gross Profit": 0,
        "Operating Income": -8,
        "EBIT": -7,
        "Net Income": -9
    },
    "2018-09-30": {
        "Diluted EPS": -11.8,
        "Total Revenue": 0,
        "Gross Profit": 0,
        "Operating Income": -10,
        "EBIT": -9,
        "Net Income": -10
    },
    "2018-06-30": {
        "Diluted EPS": -15.9,
        "Total Revenue": 0,
        "Gross Profit": 0,
        "Operating Income": -13,
        "EBIT": -13,
        "Net Income": -14
    },
    "2018-03-31": {
        "Diluted EPS": -18.5,
        "Total Revenue": 0,
        "Gross Profit": 0,
        "Operating Income": -16,
        "EBIT": -15,
        "Net Income": -16
    },
    "2017-12-31": {
        "Diluted EPS": 1.24,
        "Total Revenue": 0,
        "Gross Profit": 0,
        "Operating Income": -14,
        "EBIT": -13,
        "Net Income": -14
    },
    "2017-09-30": {
        "Diluted EPS": -21.1,
        "Total Revenue": 0,
        "Gross Profit": 0,
        "Operating Income": -15,
        "EBIT": -15,
        "Net Income": -16
    },
    "2017-06-30": {
        "Diluted EPS": -49.22,
        "Total Revenue": 0,
        "Gross Profit": 0,
        "Operating Income": -21,
        "EBIT": -21,
        "Net Income": -22
    },
    "2017-03-31": {
        "Diluted EPS": -45.62,
        "Total Revenue": 0,
        "Gross Profit": 0,
        "Operating Income": -20,
        "EBIT": -19,
        "Net Income": -20
    },
    "2016-12-31": {
        "Diluted EPS": -45.44,
        "Total Revenue": 0,
        "Gross Profit": 0,
        "Operating Income": -20,
        "EBIT": -19,
        "Net Income": -20
    },
    "2016-09-30": {
        "Diluted EPS": -44.42,
        "Total Revenue": 0,
        "Gross Profit": 0,
        "Operating Income": -19,
        "EBIT": -18,
        "Net Income": -20
    },
    "2016-06-30": {
        "Diluted EPS": -48.02,
        "Total Revenue": 0,
        "Gross Profit": 0,
        "Operating Income": -21,
        "EBIT": -21,
        "Net Income": -21
    },
    "2016-03-31": {
        "Diluted EPS": -48.02,
        "Total Revenue": 0,
        "Gross Profit": 0,
        "Operating Income": -21,
        "EBIT": -21,
        "Net Income": -21
    },
    "2015-12-31": {
        "Diluted EPS": -15.61,
        "Total Revenue": 11,
        "Gross Profit": 11,
        "Operating Income": -7,
        "EBIT": -7,
        "Net Income": -7
    },
    "2015-09-30": {
        "Diluted EPS": -30.01,
        "Total Revenue": 2,
        "Gross Profit": 2,
        "Operating Income": -13,
        "EBIT": -13,
        "Net Income": -13
    },
    "2015-06-30": {
        "Diluted EPS": -49.22,
        "Total Revenue": 4,
        "Gross Profit": 4,
        "Operating Income": -21,
        "EBIT": -20,
        "Net Income": -21
    },
    "2015-03-31": {
        "Diluted EPS": -34.81,
        "Total Revenue": 4,
        "Gross Profit": 4,
        "Operating Income": -13,
        "EBIT": -12,
        "Net Income": -14
    },
    "2014-12-31": {
        "Diluted EPS": -52.82,
        "Total Revenue": 4,
        "Gross Profit": 4,
        "Operating Income": -10,
        "EBIT": -9,
        "Net Income": -22
    },
    "2014-09-30": {
        "Diluted EPS": -31.21,
        "Total Revenue": 1,
        "Gross Profit": 1,
        "Operating Income": -12,
        "EBIT": -11,
        "Net Income": -10
    },
    "2014-06-30": {
        "Diluted EPS": -34.81,
        "Total Revenue": 1,
        "Gross Profit": 1,
        "Operating Income": -13,
        "EBIT": -12,
        "Net Income": -12
    },
    "2014-03-31": {
        "Diluted EPS": -36.01,
        "Total Revenue": 2,
        "Gross Profit": 2,
        "Operating Income": -11,
        "EBIT": -10,
        "Net Income": -13
    },
    "2013-12-31": {
        "Diluted EPS": -2.4,
        "Total Revenue": 5,
        "Gross Profit": 5,
        "Operating Income": -5,
        "EBIT": -4,
        "Net Income": -2
    },
    "2013-09-30": {
        "Diluted EPS": -8.4,
        "Total Revenue": 6,
        "Gross Profit": 6,
        "Operating Income": -3,
        "EBIT": -2,
        "Net Income": -2
    },
    "2013-06-30": {
        "Diluted EPS": -24.01,
        "Total Revenue": 5,
        "Gross Profit": 5,
        "Operating Income": -5,
        "EBIT": -4,
        "Net Income": -7
    },
    "2013-03-31": {
        "Diluted EPS": -24.01,
        "Total Revenue": 3,
        "Gross Profit": 3,
        "Operating Income": -6,
        "EBIT": -5,
        "Net Income": -7
    },
    "2012-12-31": {
        "Diluted EPS": NaN,
        "Total Revenue": 3,
        "Gross Profit": 3,
        "Operating Income": -4,
        "EBIT": -4,
        "Net Income": -7
    },
    "2012-09-30": {
        "Diluted EPS": NaN,
        "Total Revenue": 3,
        "Gross Profit": 3,
        "Operating Income": -4,
        "EBIT": -3,
        "Net Income": -6
    },
    "2012-06-30": {
        "Diluted EPS": NaN,
        "Total Revenue": 3,
        "Gross Profit": 3,
        "Operating Income": -3,
        "EBIT": -2,
        "Net Income": -3
    },
    "2012-03-31": {
        "Diluted EPS": NaN,
        "Total Revenue": 3,
        "Gross Profit": 3,
        "Operating Income": -2,
        "EBIT": -2,
        "Net Income": -2
    },
    "2011-12-31": {
        "Diluted EPS": 0.0,
        "Total Revenue": NaN,
        "Gross Profit": NaN,
        "Operating Income": NaN,
        "EBIT": NaN,
        "Net Income": NaN
    },
    "2011-09-30": {
        "Diluted EPS": NaN,
        "Total Revenue": 4,
        "Gross Profit": 4,
        "Operating Income": -1,
        "EBIT": -1,
        "Net Income": -1
    },
    "2010-12-31": {
        "Diluted EPS": 0.0,
        "Total Revenue": NaN,
        "Gross Profit": NaN,
        "Operating Income": NaN,
        "EBIT": NaN,
        "Net Income": NaN
    },
    "2023-06-30": {
        "Tax Effect Of Unusual Items": NaN,
        "Tax Rate For Calcs": NaN,
        "Normalized EBITDA": NaN,
        "Net Income From Continuing Operation Net Minority Interest": NaN,
        "Reconciled Depreciation": NaN,
        "EBITDA": NaN,
        "EBIT": NaN,
        "Net Interest Income": NaN,
        "Interest Expense": NaN,
        "Interest Income": NaN,
        "Normalized Income": NaN,
        "Net Income From Continuing And Discontinued Operation": NaN,
        "Total Expenses": NaN,
        "Total Operating Income As Reported": NaN,
        "Diluted Average Shares": 19101969.0,
        "Basic Average Shares": 19101969.0,
        "Diluted EPS": -0.37,
        "Basic EPS": -0.37,
        "Diluted NI Availto Com Stockholders": NaN,
        "Net Income Common Stockholders": NaN,
        "Net Income": NaN,
        "Net Income Including Noncontrolling Interests": NaN,
        "Net Income Continuous Operations": NaN,
        "Tax Provision": 1000.0,
        "Pretax Income": NaN,
        "Net Non Operating Interest Income Expense": NaN,
        "Interest Expense Non Operating": NaN,
        "Interest Income Non Operating": NaN,
        "Operating Income": NaN,
        "Operating Expense": NaN,
        "Research And Development": NaN,
        "Selling General And Administration": NaN,
        "General And Administrative Expense": NaN,
        "Other Gand A": NaN,
        "Total Revenue": NaN,
        "Operating Revenue": NaN
    },
    "2023-09-30": {
        "Tax Effect Of Unusual Items": 0.0,
        "Tax Rate For Calcs": 0.0,
        "Normalized EBITDA": -7631000.0,
        "Net Income From Continuing Operation Net Minority Interest": -7824000.0,
        "Reconciled Depreciation": 56000.0,
        "EBITDA": -7631000.0,
        "EBIT": -7687000.0,
        "Net Interest Income": 301000.0,
        "Interest Expense": 137000.0,
        "Interest Income": 438000.0,
        "Normalized Income": -7824000.0,
        "Net Income From Continuing And Discontinued Operation": -7824000.0,
        "Total Expenses": 8125000.0,
        "Total Operating Income As Reported": -8125000.0,
        "Diluted Average Shares": 19628815.0,
        "Basic Average Shares": 19628815.0,
        "Diluted EPS": -0.4,
        "Basic EPS": -0.4,
        "Diluted NI Availto Com Stockholders": -7824000.0,
        "Net Income Common Stockholders": -7824000.0,
        "Net Income": -7824000.0,
        "Net Income Including Noncontrolling Interests": -7824000.0,
        "Net Income Continuous Operations": -7824000.0,
        "Tax Provision": 0.0,
        "Pretax Income": -7824000.0,
        "Net Non Operating Interest Income Expense": 301000.0,
        "Interest Expense Non Operating": 137000.0,
        "Interest Income Non Operating": 438000.0,
        "Operating Income": -8125000.0,
        "Operating Expense": 8125000.0,
        "Research And Development": 5488000.0,
        "Selling General And Administration": 2637000.0,
        "General And Administrative Expense": 2637000.0,
        "Other Gand A": 2637000.0,
        "Total Revenue": 0.0,
        "Operating Revenue": 0.0
    },
    "2023-12-31": {
        "Tax Effect Of Unusual Items": 0.0,
        "Tax Rate For Calcs": 0.0,
        "Normalized EBITDA": -7871000.0,
        "Net Income From Continuing Operation Net Minority Interest": -8061000.0,
        "Reconciled Depreciation": 76000.0,
        "EBITDA": -7871000.0,
        "EBIT": -7947000.0,
        "Net Interest Income": 239000.0,
        "Interest Expense": 114000.0,
        "Interest Income": 353000.0,
        "Normalized Income": -8061000.0,
        "Net Income From Continuing And Discontinued Operation": -8061000.0,
        "Total Expenses": 8300000.0,
        "Total Operating Income As Reported": -8300000.0,
        "Diluted Average Shares": NaN,
        "Basic Average Shares": NaN,
        "Diluted EPS": NaN,
        "Basic EPS": NaN,
        "Diluted NI Availto Com Stockholders": -8061000.0,
        "Net Income Common Stockholders": -8061000.0,
        "Net Income": -8061000.0,
        "Net Income Including Noncontrolling Interests": -8061000.0,
        "Net Income Continuous Operations": -8061000.0,
        "Tax Provision": 0.0,
        "Pretax Income": -8061000.0,
        "Net Non Operating Interest Income Expense": 239000.0,
        "Interest Expense Non Operating": 114000.0,
        "Interest Income Non Operating": 353000.0,
        "Operating Income": -8300000.0,
        "Operating Expense": 8300000.0,
        "Research And Development": 5763000.0,
        "Selling General And Administration": 2537000.0,
        "General And Administrative Expense": 2537000.0,
        "Other Gand A": 2537000.0,
        "Total Revenue": 0.0,
        "Operating Revenue": 0.0
    },
    "2024-03-31": {
        "Tax Effect Of Unusual Items": 0.0,
        "Tax Rate For Calcs": 0.0,
        "Normalized EBITDA": -8307000.0,
        "Net Income From Continuing Operation Net Minority Interest": -8469000.0,
        "Reconciled Depreciation": 81000.0,
        "EBITDA": -8307000.0,
        "EBIT": -8388000.0,
        "Net Interest Income": 357000.0,
        "Interest Expense": 81000.0,
        "Interest Income": 438000.0,
        "Normalized Income": -8469000.0,
        "Net Income From Continuing And Discontinued Operation": -8469000.0,
        "Total Expenses": 8826000.0,
        "Total Operating Income As Reported": -8826000.0,
        "Diluted Average Shares": 28746802.0,
        "Basic Average Shares": 28746802.0,
        "Diluted EPS": -0.29,
        "Basic EPS": -0.29,
        "Diluted NI Availto Com Stockholders": -8469000.0,
        "Net Income Common Stockholders": -8469000.0,
        "Net Income": -8469000.0,
        "Net Income Including Noncontrolling Interests": -8469000.0,
        "Net Income Continuous Operations": -8469000.0,
        "Tax Provision": NaN,
        "Pretax Income": -8469000.0,
        "Net Non Operating Interest Income Expense": 357000.0,
        "Interest Expense Non Operating": 81000.0,
        "Interest Income Non Operating": 438000.0,
        "Operating Income": -8826000.0,
        "Operating Expense": 8826000.0,
        "Research And Development": 6040000.0,
        "Selling General And Administration": 2786000.0,
        "General And Administrative Expense": 2786000.0,
        "Other Gand A": 2786000.0,
        "Total Revenue": 0.0,
        "Operating Revenue": 0.0
    },
    "2024-06-30": {
        "Tax Effect Of Unusual Items": 0.0,
        "Tax Rate For Calcs": 0.21,
        "Normalized EBITDA": -10888000.0,
        "Net Income From Continuing Operation Net Minority Interest": -11036000.0,
        "Reconciled Depreciation": 89000.0,
        "EBITDA": -10888000.0,
        "EBIT": -10977000.0,
        "Net Interest Income": 1225000.0,
        "Interest Expense": 58000.0,
        "Interest Income": 1283000.0,
        "Normalized Income": -11036000.0,
        "Net Income From Continuing And Discontinued Operation": -11036000.0,
        "Total Expenses": 12260000.0,
        "Total Operating Income As Reported": -12260000.0,
        "Diluted Average Shares": 64465185.0,
        "Basic Average Shares": 64465185.0,
        "Diluted EPS": -0.17,
        "Basic EPS": -0.17,
        "Diluted NI Availto Com Stockholders": -11036000.0,
        "Net Income Common Stockholders": -11036000.0,
        "Net Income": -11036000.0,
        "Net Income Including Noncontrolling Interests": -11036000.0,
        "Net Income Continuous Operations": -11036000.0,
        "Tax Provision": 1000.0,
        "Pretax Income": -11035000.0,
        "Net Non Operating Interest Income Expense": 1225000.0,
        "Interest Expense Non Operating": 58000.0,
        "Interest Income Non Operating": 1283000.0,
        "Operating Income": -12260000.0,
        "Operating Expense": 12260000.0,
        "Research And Development": 8309000.0,
        "Selling General And Administration": 3951000.0,
        "General And Administrative Expense": 3951000.0,
        "Other Gand A": 3951000.0,
        "Total Revenue": 0.0,
        "Operating Revenue": 0.0
    },
    "2024-09-30": {
        "Tax Effect Of Unusual Items": 0.0,
        "Tax Rate For Calcs": 0.0,
        "Normalized EBITDA": -13967000.0,
        "Net Income From Continuing Operation Net Minority Interest": -14062000.0,
        "Reconciled Depreciation": 90000.0,
        "EBITDA": -13967000.0,
        "EBIT": -14057000.0,
        "Net Interest Income": 1148000.0,
        "Interest Expense": 5000.0,
        "Interest Income": 1153000.0,
        "Normalized Income": -14062000.0,
        "Net Income From Continuing And Discontinued Operation": -14062000.0,
        "Total Expenses": 15210000.0,
        "Total Operating Income As Reported": -15210000.0,
        "Diluted Average Shares": 65471132.0,
        "Basic Average Shares": 65471132.0,
        "Diluted EPS": -0.21,
        "Basic EPS": -0.21,
        "Diluted NI Availto Com Stockholders": -14062000.0,
        "Net Income Common Stockholders": -14062000.0,
        "Net Income": -14062000.0,
        "Net Income Including Noncontrolling Interests": -14062000.0,
        "Net Income Continuous Operations": -14062000.0,
        "Tax Provision": 0.0,
        "Pretax Income": -14062000.0,
        "Net Non Operating Interest Income Expense": 1148000.0,
        "Interest Expense Non Operating": 5000.0,
        "Interest Income Non Operating": 1153000.0,
        "Operating Income": -15210000.0,
        "Operating Expense": 15210000.0,
        "Research And Development": 11347000.0,
        "Selling General And Administration": 3863000.0,
        "General And Administrative Expense": 3863000.0,
        "Other Gand A": 3863000.0,
        "Total Revenue": 0.0,
        "Operating Revenue": 0.0
    }
}