{
    "2023-04-30": {
        "Tax Effect Of Unusual Items": NaN,
        "Tax Rate For Calcs": NaN,
        "Normalized EBITDA": NaN,
        "Total Unusual Items": 0.0,
        "Total Unusual Items Excluding Goodwill": 0.0,
        "Net Income From Continuing Operation Net Minority Interest": NaN,
        "Reconciled Depreciation": NaN,
        "Reconciled Cost Of Revenue": NaN,
        "EBITDA": NaN,
        "EBIT": NaN,
        "Net Interest Income": NaN,
        "Interest Expense": NaN,
        "Interest Income": NaN,
        "Normalized Income": NaN,
        "Net Income From Continuing And Discontinued Operation": NaN,
        "Total Expenses": NaN,
        "Total Operating Income As Reported": NaN,
        "Diluted Average Shares": NaN,
        "Basic Average Shares": NaN,
        "Diluted EPS": NaN,
        "Basic EPS": NaN,
        "Diluted NI Availto Com Stockholders": NaN,
        "Net Income Common Stockholders": NaN,
        "Net Income": NaN,
        "Net Income Including Noncontrolling Interests": NaN,
        "Net Income Continuous Operations": NaN,
        "Earnings From Equity Interest Net Of Tax": NaN,
        "Tax Provision": NaN,
        "Pretax Income": NaN,
        "Other Income Expense": NaN,
        "Other Non Operating Income Expenses": NaN,
        "Special Income Charges": 0.0,
        "Gain On Sale Of Security": NaN,
        "Net Non Operating Interest Income Expense": NaN,
        "Interest Expense Non Operating": NaN,
        "Interest Income Non Operating": NaN,
        "Operating Income": NaN,
        "Operating Expense": NaN,
        "Selling General And Administration": NaN,
        "Gross Profit": NaN,
        "Cost Of Revenue": NaN,
        "Total Revenue": NaN,
        "Operating Revenue": NaN
    },
    "2023-01-31": {
        "Tax Effect Of Unusual Items": NaN,
        "Tax Rate For Calcs": NaN,
        "Normalized EBITDA": NaN,
        "Total Unusual Items": 0.0,
        "Total Unusual Items Excluding Goodwill": 0.0,
        "Net Income From Continuing Operation Net Minority Interest": NaN,
        "Reconciled Depreciation": NaN,
        "Reconciled Cost Of Revenue": NaN,
        "EBITDA": NaN,
        "EBIT": NaN,
        "Net Interest Income": NaN,
        "Interest Expense": NaN,
        "Interest Income": NaN,
        "Normalized Income": NaN,
        "Net Income From Continuing And Discontinued Operation": NaN,
        "Total Expenses": NaN,
        "Total Operating Income As Reported": NaN,
        "Diluted Average Shares": NaN,
        "Basic Average Shares": NaN,
        "Diluted EPS": NaN,
        "Basic EPS": NaN,
        "Diluted NI Availto Com Stockholders": NaN,
        "Net Income Common Stockholders": NaN,
        "Net Income": NaN,
        "Net Income Including Noncontrolling Interests": NaN,
        "Net Income Continuous Operations": NaN,
        "Earnings From Equity Interest Net Of Tax": NaN,
        "Tax Provision": NaN,
        "Pretax Income": NaN,
        "Other Income Expense": NaN,
        "Other Non Operating Income Expenses": NaN,
        "Special Income Charges": 0.0,
        "Other Special Charges": 0.0,
        "Net Non Operating Interest Income Expense": NaN,
        "Interest Expense Non Operating": NaN,
        "Interest Income Non Operating": NaN,
        "Operating Income": NaN,
        "Operating Expense": NaN,
        "Selling General And Administration": NaN,
        "Gross Profit": NaN,
        "Cost Of Revenue": NaN,
        "Total Revenue": NaN,
        "Operating Revenue": NaN
    },
    "2022-10-31": {
        "Tax Effect Of Unusual Items": 0.0,
        "Tax Rate For Calcs": 0.268,
        "Normalized EBITDA": 208833000.0,
        "Total Unusual Items": 0.0,
        "Total Unusual Items Excluding Goodwill": 0.0,
        "Net Income From Continuing Operation Net Minority Interest": 98760000.0,
        "Reconciled Depreciation": 28032000.0,
        "Reconciled Cost Of Revenue": 448288000.0,
        "EBITDA": 208833000.0,
        "EBIT": 180801000.0,
        "Net Interest Income": -31417000.0,
        "Interest Expense": 43957000.0,
        "Interest Income": 12540000.0,
        "Normalized Income": 98760000.0,
        "Net Income From Continuing And Discontinued Operation": 98760000.0,
        "Total Expenses": 698816000.0,
        "Total Operating Income As Reported": 170250000.0,
        "Diluted Average Shares": 26098265.0,
        "Basic Average Shares": 23681482.0,
        "Diluted EPS": 3.78,
        "Basic EPS": 4.17,
        "Diluted NI Availto Com Stockholders": 98760000.0,
        "Net Income Common Stockholders": 98760000.0,
        "Net Income": 98760000.0,
        "Net Income Including Noncontrolling Interests": 98760000.0,
        "Net Income Continuous Operations": 98760000.0,
        "Earnings From Equity Interest Net Of Tax": -1922000.0,
        "Tax Provision": 36162000.0,
        "Pretax Income": 136844000.0,
        "Other Income Expense": -1989000.0,
        "Other Non Operating Income Expenses": -1989000.0,
        "Special Income Charges": 0.0,
        "Other Special Charges": NaN,
        "Net Non Operating Interest Income Expense": -31417000.0,
        "Interest Expense Non Operating": 43957000.0,
        "Interest Income Non Operating": 12540000.0,
        "Operating Income": 170250000.0,
        "Operating Expense": 250528000.0,
        "Selling General And Administration": 250528000.0,
        "Gross Profit": 420778000.0,
        "Cost Of Revenue": 448288000.0,
        "Total Revenue": 869066000.0,
        "Operating Revenue": 869066000.0
    },
    "2022-07-31": {
        "Tax Effect Of Unusual Items": -7290564.451522,
        "Tax Rate For Calcs": 0.310739,
        "Normalized EBITDA": 258189000.0,
        "Total Unusual Items": -23462000.0,
        "Total Unusual Items Excluding Goodwill": -23462000.0,
        "Net Income From Continuing Operation Net Minority Interest": 122275000.0,
        "Reconciled Depreciation": 26970000.0,
        "Reconciled Cost Of Revenue": 468402000.0,
        "EBITDA": 234727000.0,
        "EBIT": 207757000.0,
        "Net Interest Income": -26264000.0,
        "Interest Expense": 26264000.0,
        "Interest Income": 6393000.0,
        "Normalized Income": 138446435.548478,
        "Net Income From Continuing And Discontinued Operation": 122275000.0,
        "Total Expenses": 757206000.0,
        "Total Operating Income As Reported": 234414000.0,
        "Diluted Average Shares": 26934914.0,
        "Basic Average Shares": 24475373.0,
        "Diluted EPS": 4.54,
        "Basic EPS": 5.0,
        "Diluted NI Availto Com Stockholders": 122275000.0,
        "Net Income Common Stockholders": 122275000.0,
        "Net Income": 122275000.0,
        "Net Income Including Noncontrolling Interests": 122275000.0,
        "Net Income Continuous Operations": 122275000.0,
        "Earnings From Equity Interest Net Of Tax": -2821000.0,
        "Tax Provision": 56397000.0,
        "Pretax Income": 181493000.0,
        "Other Income Expense": -26657000.0,
        "Other Non Operating Income Expenses": -3195000.0,
        "Special Income Charges": -23462000.0,
        "Other Special Charges": 23462000.0,
        "Net Non Operating Interest Income Expense": -26264000.0,
        "Interest Expense Non Operating": 26264000.0,
        "Interest Income Non Operating": 6393000.0,
        "Operating Income": 234414000.0,
        "Operating Expense": 288804000.0,
        "Selling General And Administration": 288804000.0,
        "Gross Profit": 523218000.0,
        "Cost Of Revenue": 468402000.0,
        "Total Revenue": 991620000.0,
        "Operating Revenue": 991620000.0
    },
    "2023-07-31": {
        "Tax Effect Of Unusual Items": NaN,
        "Tax Rate For Calcs": NaN,
        "Normalized EBITDA": NaN,
        "Total Unusual Items": 0.0,
        "Total Unusual Items Excluding Goodwill": 0.0,
        "Net Income From Continuing Operation Net Minority Interest": NaN,
        "Reconciled Depreciation": NaN,
        "Reconciled Cost Of Revenue": NaN,
        "EBITDA": NaN,
        "EBIT": NaN,
        "Net Interest Income": NaN,
        "Interest Expense": NaN,
        "Interest Income": NaN,
        "Normalized Income": NaN,
        "Net Income From Continuing And Discontinued Operation": NaN,
        "Total Expenses": NaN,
        "Total Operating Income As Reported": NaN,
        "Diluted Average Shares": NaN,
        "Basic Average Shares": NaN,
        "Diluted EPS": NaN,
        "Basic EPS": NaN,
        "Diluted NI Availto Com Stockholders": NaN,
        "Net Income Common Stockholders": NaN,
        "Net Income": NaN,
        "Net Income Including Noncontrolling Interests": NaN,
        "Net Income Continuous Operations": NaN,
        "Earnings From Equity Interest Net Of Tax": NaN,
        "Tax Provision": NaN,
        "Pretax Income": NaN,
        "Other Income Expense": NaN,
        "Other Non Operating Income Expenses": 186000.0,
        "Special Income Charges": 0.0,
        "Gain On Sale Of Security": NaN,
        "Net Non Operating Interest Income Expense": NaN,
        "Interest Expense Non Operating": NaN,
        "Interest Income Non Operating": NaN,
        "Operating Income": NaN,
        "Operating Expense": NaN,
        "Selling General And Administration": NaN,
        "Gross Profit": NaN,
        "Cost Of Revenue": NaN,
        "Total Revenue": NaN,
        "Operating Revenue": NaN
    },
    "2023-10-31": {
        "Tax Effect Of Unusual Items": -1114050.0,
        "Tax Rate For Calcs": 0.21,
        "Normalized EBITDA": 84838000.0,
        "Total Unusual Items": -5305000.0,
        "Total Unusual Items Excluding Goodwill": -5305000.0,
        "Net Income From Continuing Operation Net Minority Interest": -2187000.0,
        "Reconciled Depreciation": 28454000.0,
        "Reconciled Cost Of Revenue": 410775000.0,
        "EBITDA": 79533000.0,
        "EBIT": 51079000.0,
        "Net Interest Income": -54640000.0,
        "Interest Expense": 59788000.0,
        "Interest Income": 5148000.0,
        "Normalized Income": 2003950.0,
        "Net Income From Continuing And Discontinued Operation": -2187000.0,
        "Total Expenses": 699989000.0,
        "Total Operating Income As Reported": 51236000.0,
        "Diluted Average Shares": 18371545.0,
        "Basic Average Shares": 18371545.0,
        "Diluted EPS": -0.12,
        "Basic EPS": -0.12,
        "Diluted NI Availto Com Stockholders": -2187000.0,
        "Net Income Common Stockholders": -2187000.0,
        "Net Income": -2187000.0,
        "Net Income Including Noncontrolling Interests": -2187000.0,
        "Net Income Continuous Operations": -2187000.0,
        "Earnings From Equity Interest Net Of Tax": -2693000.0,
        "Tax Provision": -9215000.0,
        "Pretax Income": -8709000.0,
        "Other Income Expense": -5305000.0,
        "Other Non Operating Income Expenses": -5305000.0,
        "Special Income Charges": 0.0,
        "Gain On Sale Of Security": -5305000.0,
        "Net Non Operating Interest Income Expense": -54640000.0,
        "Interest Expense Non Operating": 59788000.0,
        "Interest Income Non Operating": 5148000.0,
        "Operating Income": 51236000.0,
        "Operating Expense": 289214000.0,
        "Selling General And Administration": 289214000.0,
        "Gross Profit": 340450000.0,
        "Cost Of Revenue": 410775000.0,
        "Total Revenue": 751225000.0,
        "Operating Revenue": 751225000.0
    },
    "2024-01-31": {
        "Tax Effect Of Unusual Items": 0.0,
        "Tax Rate For Calcs": 0.21,
        "Normalized EBITDA": 105362000.0,
        "Total Unusual Items": 0.0,
        "Total Unusual Items Excluding Goodwill": 0.0,
        "Net Income From Continuing Operation Net Minority Interest": 11381000.0,
        "Reconciled Depreciation": 34629000.0,
        "Reconciled Cost Of Revenue": 417309000.0,
        "EBITDA": 105362000.0,
        "EBIT": 70733000.0,
        "Net Interest Income": -59418000.0,
        "Interest Expense": 62508000.0,
        "Interest Income": 3090000.0,
        "Normalized Income": 11381000.0,
        "Net Income From Continuing And Discontinued Operation": 11381000.0,
        "Total Expenses": 674005000.0,
        "Total Operating Income As Reported": 64255000.0,
        "Diluted Average Shares": 19902470.0,
        "Basic Average Shares": 18268580.0,
        "Diluted EPS": 0.57,
        "Basic EPS": 0.62,
        "Diluted NI Availto Com Stockholders": 11381000.0,
        "Net Income Common Stockholders": 11381000.0,
        "Net Income": 11381000.0,
        "Net Income Including Noncontrolling Interests": 11381000.0,
        "Net Income Continuous Operations": 11381000.0,
        "Earnings From Equity Interest Net Of Tax": -3198000.0,
        "Tax Provision": -6354000.0,
        "Pretax Income": 8225000.0,
        "Other Income Expense": 3388000.0,
        "Other Non Operating Income Expenses": 3388000.0,
        "Special Income Charges": 0.0,
        "Gain On Sale Of Security": NaN,
        "Net Non Operating Interest Income Expense": -59418000.0,
        "Interest Expense Non Operating": 62508000.0,
        "Interest Income Non Operating": 3090000.0,
        "Operating Income": 64255000.0,
        "Operating Expense": 256696000.0,
        "Selling General And Administration": 256696000.0,
        "Gross Profit": 320951000.0,
        "Cost Of Revenue": 417309000.0,
        "Total Revenue": 738260000.0,
        "Operating Revenue": 738260000.0
    },
    "2024-04-30": {
        "Tax Effect Of Unusual Items": 0.0,
        "Tax Rate For Calcs": 0.366,
        "Normalized EBITDA": 85391000.0,
        "Total Unusual Items": NaN,
        "Total Unusual Items Excluding Goodwill": NaN,
        "Net Income From Continuing Operation Net Minority Interest": -3625000.0,
        "Reconciled Depreciation": 30827000.0,
        "Reconciled Cost Of Revenue": 410922000.0,
        "EBITDA": 85391000.0,
        "EBIT": 54564000.0,
        "Net Interest Income": -56772000.0,
        "Interest Expense": 57838000.0,
        "Interest Income": 1066000.0,
        "Normalized Income": -3625000.0,
        "Net Income From Continuing And Discontinued Operation": -3625000.0,
        "Total Expenses": 672297000.0,
        "Total Operating Income As Reported": 54663000.0,
        "Diluted Average Shares": 18324454.0,
        "Basic Average Shares": 18324454.0,
        "Diluted EPS": -0.2,
        "Basic EPS": -0.2,
        "Diluted NI Availto Com Stockholders": -3625000.0,
        "Net Income Common Stockholders": -3625000.0,
        "Net Income": -3625000.0,
        "Net Income Including Noncontrolling Interests": -3625000.0,
        "Net Income Continuous Operations": -3625000.0,
        "Earnings From Equity Interest Net Of Tax": -2442000.0,
        "Tax Provision": -2091000.0,
        "Pretax Income": -3274000.0,
        "Other Income Expense": -1165000.0,
        "Other Non Operating Income Expenses": -1165000.0,
        "Special Income Charges": NaN,
        "Gain On Sale Of Security": NaN,
        "Net Non Operating Interest Income Expense": -56772000.0,
        "Interest Expense Non Operating": 57838000.0,
        "Interest Income Non Operating": 1066000.0,
        "Operating Income": 54663000.0,
        "Operating Expense": 261375000.0,
        "Selling General And Administration": 261375000.0,
        "Gross Profit": 316038000.0,
        "Cost Of Revenue": 410922000.0,
        "Total Revenue": 726960000.0,
        "Operating Revenue": 726960000.0
    },
    "2024-07-31": {
        "Tax Effect Of Unusual Items": 0.0,
        "Tax Rate For Calcs": 0.114,
        "Normalized EBITDA": 129898000.0,
        "Total Unusual Items": NaN,
        "Total Unusual Items Excluding Goodwill": NaN,
        "Net Income From Continuing Operation Net Minority Interest": 28952000.0,
        "Reconciled Depreciation": 32257000.0,
        "Reconciled Cost Of Revenue": 454898000.0,
        "EBITDA": 129898000.0,
        "EBIT": 97641000.0,
        "Net Interest Income": -59262000.0,
        "Interest Expense": 60113000.0,
        "Interest Income": 851000.0,
        "Normalized Income": 28952000.0,
        "Net Income From Continuing And Discontinued Operation": 28952000.0,
        "Total Expenses": 733528000.0,
        "Total Operating Income As Reported": 96127000.0,
        "Diluted Average Shares": 19961610.0,
        "Basic Average Shares": 18458207.0,
        "Diluted EPS": 1.45,
        "Basic EPS": 1.57,
        "Diluted NI Availto Com Stockholders": 28952000.0,
        "Net Income Common Stockholders": 28952000.0,
        "Net Income": 28952000.0,
        "Net Income Including Noncontrolling Interests": 28952000.0,
        "Net Income Continuous Operations": 28952000.0,
        "Earnings From Equity Interest Net Of Tax": -4859000.0,
        "Tax Provision": 3717000.0,
        "Pretax Income": 37528000.0,
        "Other Income Expense": 663000.0,
        "Other Non Operating Income Expenses": 663000.0,
        "Special Income Charges": NaN,
        "Gain On Sale Of Security": NaN,
        "Net Non Operating Interest Income Expense": -59262000.0,
        "Interest Expense Non Operating": 60113000.0,
        "Interest Income Non Operating": 851000.0,
        "Operating Income": 96127000.0,
        "Operating Expense": 278630000.0,
        "Selling General And Administration": 278630000.0,
        "Gross Profit": 374757000.0,
        "Cost Of Revenue": 454898000.0,
        "Total Revenue": 829655000.0,
        "Operating Revenue": 829655000.0
    },
    "2024-10-31": {
        "Tax Effect Of Unusual Items": -5886.0,
        "Tax Rate For Calcs": 0.218,
        "Normalized EBITDA": 135518000.0,
        "Total Unusual Items": -27000.0,
        "Total Unusual Items Excluding Goodwill": -27000.0,
        "Net Income From Continuing Operation Net Minority Interest": 33168000.0,
        "Reconciled Depreciation": 32998000.0,
        "Reconciled Cost Of Revenue": 450392000.0,
        "EBITDA": 135491000.0,
        "EBIT": 102493000.0,
        "Net Interest Income": -57590000.0,
        "Interest Expense": 58642000.0,
        "Interest Income": 1052000.0,
        "Normalized Income": 33189114.0,
        "Net Income From Continuing And Discontinued Operation": 33168000.0,
        "Total Expenses": 710264000.0,
        "Total Operating Income As Reported": 101468000.0,
        "Diluted Average Shares": 19981011.0,
        "Basic Average Shares": 18534815.0,
        "Diluted EPS": 1.66,
        "Basic EPS": 1.79,
        "Diluted NI Availto Com Stockholders": 33168000.0,
        "Net Income Common Stockholders": 33168000.0,
        "Net Income": 33168000.0,
        "Net Income Including Noncontrolling Interests": 33168000.0,
        "Net Income Continuous Operations": 33168000.0,
        "Earnings From Equity Interest Net Of Tax": -1427000.0,
        "Tax Provision": 9256000.0,
        "Pretax Income": 43851000.0,
        "Other Income Expense": -27000.0,
        "Other Non Operating Income Expenses": NaN,
        "Special Income Charges": NaN,
        "Gain On Sale Of Security": -27000.0,
        "Net Non Operating Interest Income Expense": -57590000.0,
        "Interest Expense Non Operating": 58642000.0,
        "Interest Income Non Operating": 1052000.0,
        "Operating Income": 101468000.0,
        "Operating Expense": 259872000.0,
        "Selling General And Administration": 259872000.0,
        "Gross Profit": 361340000.0,
        "Cost Of Revenue": 450392000.0,
        "Total Revenue": 811732000.0,
        "Operating Revenue": 811732000.0
    }
}