{
    "2023-06-30": {
        "Tax Effect Of Unusual Items": 0.0,
        "Tax Rate For Calcs": 0.297062,
        "Normalized EBITDA": NaN,
        "Total Unusual Items": NaN,
        "Total Unusual Items Excluding Goodwill": NaN,
        "Net Income From Continuing Operation Net Minority Interest": 106292000.0,
        "Reconciled Depreciation": NaN,
        "Reconciled Cost Of Revenue": NaN,
        "EBIT": NaN,
        "Net Interest Income": NaN,
        "Interest Income": 5320000.0,
        "Normalized Income": 106292000.0,
        "Net Income From Continuing And Discontinued Operation": 106292000.0,
        "Total Expenses": NaN,
        "Diluted Average Shares": 106422000.0,
        "Basic Average Shares": 106102000.0,
        "Diluted EPS": 1.0,
        "Basic EPS": 1.001791,
        "Diluted NI Availto Com Stockholders": 106292000.0,
        "Net Income Common Stockholders": 106292000.0,
        "Net Income": 106292000.0,
        "Net Income Including Noncontrolling Interests": 106292000.0,
        "Net Income Continuous Operations": 106292000.0,
        "Tax Provision": 44919000.0,
        "Pretax Income": 151211000.0,
        "Other Income Expense": NaN,
        "Gain On Sale Of Security": NaN,
        "Net Non Operating Interest Income Expense": NaN,
        "Total Other Finance Cost": NaN,
        "Interest Income Non Operating": 5320000.0,
        "Operating Income": NaN,
        "Operating Expense": NaN,
        "Depreciation Amortization Depletion Income Statement": NaN,
        "Depreciation And Amortization In Income Statement": NaN,
        "Amortization": 721000.0,
        "Amortization Of Intangibles Income Statement": 721000.0,
        "Selling General And Administration": 541904000.0,
        "Gross Profit": NaN,
        "Cost Of Revenue": NaN,
        "Total Revenue": 1639478000.0,
        "Operating Revenue": 1639478000.0
    },
    "2023-03-31": {
        "Tax Effect Of Unusual Items": 7577098.976897,
        "Tax Rate For Calcs": 0.277641,
        "Normalized EBITDA": 110212000.0,
        "Total Unusual Items": 27291000.0,
        "Total Unusual Items Excluding Goodwill": 27291000.0,
        "Net Income From Continuing Operation Net Minority Interest": 122005000.0,
        "Reconciled Depreciation": 721000.0,
        "Reconciled Cost Of Revenue": 1026603000.0,
        "EBIT": 136782000.0,
        "Net Interest Income": 4825000.0,
        "Interest Income": 4825000.0,
        "Normalized Income": 102291098.976897,
        "Net Income From Continuing And Discontinued Operation": 122005000.0,
        "Total Expenses": 1579553000.0,
        "Diluted Average Shares": 107130000.0,
        "Basic Average Shares": 106420000.0,
        "Diluted EPS": 1.14,
        "Basic EPS": 1.146448,
        "Diluted NI Availto Com Stockholders": 122005000.0,
        "Net Income Common Stockholders": 122005000.0,
        "Net Income": 122005000.0,
        "Net Income Including Noncontrolling Interests": 122005000.0,
        "Net Income Continuous Operations": 122005000.0,
        "Tax Provision": 46893000.0,
        "Pretax Income": 168898000.0,
        "Other Income Expense": 27291000.0,
        "Gain On Sale Of Security": 27291000.0,
        "Net Non Operating Interest Income Expense": 4825000.0,
        "Total Other Finance Cost": NaN,
        "Interest Income Non Operating": 4825000.0,
        "Operating Income": 136782000.0,
        "Operating Expense": 552950000.0,
        "Depreciation Amortization Depletion Income Statement": 721000.0,
        "Depreciation And Amortization In Income Statement": 721000.0,
        "Amortization": 721000.0,
        "Amortization Of Intangibles Income Statement": 721000.0,
        "Selling General And Administration": 552229000.0,
        "Gross Profit": 689732000.0,
        "Cost Of Revenue": 1026603000.0,
        "Total Revenue": 1716335000.0,
        "Operating Revenue": 1716335000.0
    },
    "2022-12-31": {
        "Tax Effect Of Unusual Items": 6775494.859624,
        "Tax Rate For Calcs": 0.272996,
        "Normalized EBITDA": 149099000.0,
        "Total Unusual Items": 24819000.0,
        "Total Unusual Items Excluding Goodwill": 24819000.0,
        "Net Income From Continuing Operation Net Minority Interest": 147653000.0,
        "Reconciled Depreciation": 417000.0,
        "Reconciled Cost Of Revenue": 1007979000.0,
        "EBIT": 173501000.0,
        "Net Interest Income": 4778000.0,
        "Interest Income": 4778000.0,
        "Normalized Income": 129609494.859624,
        "Net Income From Continuing And Discontinued Operation": 147653000.0,
        "Total Expenses": 1553525000.0,
        "Diluted Average Shares": 107808000.0,
        "Basic Average Shares": 106980000.0,
        "Diluted EPS": 1.37,
        "Basic EPS": 1.380193,
        "Diluted NI Availto Com Stockholders": 147653000.0,
        "Net Income Common Stockholders": 147653000.0,
        "Net Income": 147653000.0,
        "Net Income Including Noncontrolling Interests": 147653000.0,
        "Net Income Continuous Operations": 147653000.0,
        "Tax Provision": 55445000.0,
        "Pretax Income": 203098000.0,
        "Other Income Expense": 24819000.0,
        "Gain On Sale Of Security": 24819000.0,
        "Net Non Operating Interest Income Expense": 4778000.0,
        "Total Other Finance Cost": NaN,
        "Interest Income Non Operating": 4778000.0,
        "Operating Income": 173501000.0,
        "Operating Expense": 545546000.0,
        "Depreciation Amortization Depletion Income Statement": 417000.0,
        "Depreciation And Amortization In Income Statement": 417000.0,
        "Amortization": 417000.0,
        "Amortization Of Intangibles Income Statement": 417000.0,
        "Selling General And Administration": 545129000.0,
        "Gross Profit": 719047000.0,
        "Cost Of Revenue": 1007979000.0,
        "Total Revenue": 1727026000.0,
        "Operating Revenue": 1727026000.0
    },
    "2022-09-30": {
        "Tax Effect Of Unusual Items": -4038466.785448,
        "Tax Rate For Calcs": 0.26335,
        "Normalized EBITDA": 254365000.0,
        "Total Unusual Items": -15335000.0,
        "Total Unusual Items Excluding Goodwill": -15335000.0,
        "Net Income From Continuing Operation Net Minority Interest": 166206000.0,
        "Reconciled Depreciation": 417000.0,
        "Reconciled Cost Of Revenue": 1045846000.0,
        "EBIT": 238613000.0,
        "Net Interest Income": 2346000.0,
        "Interest Income": 2346000.0,
        "Normalized Income": 177502533.214552,
        "Net Income From Continuing And Discontinued Operation": 166206000.0,
        "Total Expenses": 1594842000.0,
        "Diluted Average Shares": 108618000.0,
        "Basic Average Shares": 107855000.0,
        "Diluted EPS": 1.53,
        "Basic EPS": 1.54,
        "Diluted NI Availto Com Stockholders": 166206000.0,
        "Net Income Common Stockholders": 166206000.0,
        "Net Income": 166206000.0,
        "Net Income Including Noncontrolling Interests": 166206000.0,
        "Net Income Continuous Operations": 166206000.0,
        "Tax Provision": 59418000.0,
        "Pretax Income": 225624000.0,
        "Other Income Expense": -15335000.0,
        "Gain On Sale Of Security": -15335000.0,
        "Net Non Operating Interest Income Expense": 2346000.0,
        "Total Other Finance Cost": NaN,
        "Interest Income Non Operating": 2346000.0,
        "Operating Income": 238613000.0,
        "Operating Expense": 548996000.0,
        "Depreciation Amortization Depletion Income Statement": 417000.0,
        "Depreciation And Amortization In Income Statement": 417000.0,
        "Amortization": 417000.0,
        "Amortization Of Intangibles Income Statement": 417000.0,
        "Selling General And Administration": 548579000.0,
        "Gross Profit": 787609000.0,
        "Cost Of Revenue": 1045846000.0,
        "Total Revenue": 1833455000.0,
        "Operating Revenue": 1833455000.0
    },
    "2022-06-30": {
        "Tax Effect Of Unusual Items": -17714422.292626,
        "Tax Rate For Calcs": 0.269946,
        "Normalized EBITDA": 371775000.0,
        "Total Unusual Items": -65622000.0,
        "Total Unusual Items Excluding Goodwill": -65622000.0,
        "Net Income From Continuing Operation Net Minority Interest": 175821000.0,
        "Reconciled Depreciation": 416000.0,
        "Reconciled Cost Of Revenue": 1047280000.0,
        "EBIT": 305737000.0,
        "Net Interest Income": 718000.0,
        "Interest Income": NaN,
        "Normalized Income": 223728577.707374,
        "Net Income From Continuing And Discontinued Operation": 175821000.0,
        "Total Expenses": 1557090000.0,
        "Diluted Average Shares": 109696000.0,
        "Basic Average Shares": 108833000.0,
        "Diluted EPS": 1.6,
        "Basic EPS": 1.62,
        "Diluted NI Availto Com Stockholders": 175821000.0,
        "Net Income Common Stockholders": 175821000.0,
        "Net Income": 175821000.0,
        "Net Income Including Noncontrolling Interests": 175821000.0,
        "Net Income Continuous Operations": 175821000.0,
        "Tax Provision": 65012000.0,
        "Pretax Income": 240833000.0,
        "Other Income Expense": -65622000.0,
        "Gain On Sale Of Security": -65622000.0,
        "Net Non Operating Interest Income Expense": 718000.0,
        "Total Other Finance Cost": -718000.0,
        "Interest Income Non Operating": NaN,
        "Operating Income": 305737000.0,
        "Operating Expense": 509810000.0,
        "Depreciation Amortization Depletion Income Statement": 416000.0,
        "Depreciation And Amortization In Income Statement": 416000.0,
        "Amortization": 416000.0,
        "Amortization Of Intangibles Income Statement": 416000.0,
        "Selling General And Administration": 509394000.0,
        "Gross Profit": 815547000.0,
        "Cost Of Revenue": 1047280000.0,
        "Total Revenue": 1862827000.0,
        "Operating Revenue": 1862827000.0
    },
    "2022-03-31": {
        "Diluted EPS": 1.52,
        "Total Revenue": NaN,
        "Gross Profit": 772,
        "Operating Income": 227,
        "EBIT": 246,
        "Net Income": 168
    },
    "2021-12-31": {
        "Diluted EPS": 1.52,
        "Total Revenue": NaN,
        "Gross Profit": 744,
        "Operating Income": 222,
        "EBIT": 242,
        "Net Income": 168
    },
    "2021-09-30": {
        "Diluted EPS": 1.53,
        "Total Revenue": NaN,
        "Gross Profit": 725,
        "Operating Income": 227,
        "EBIT": 248,
        "Net Income": 171
    },
    "2021-06-30": {
        "Diluted EPS": 1.33,
        "Total Revenue": NaN,
        "Gross Profit": 665,
        "Operating Income": 204,
        "EBIT": 222,
        "Net Income": 149
    },
    "2021-03-31": {
        "Diluted EPS": 0.98,
        "Total Revenue": NaN,
        "Gross Profit": 562,
        "Operating Income": 150,
        "EBIT": 175,
        "Net Income": 111
    },
    "2020-12-31": {
        "Diluted EPS": 0.83,
        "Total Revenue": NaN,
        "Gross Profit": 514,
        "Operating Income": 130,
        "EBIT": 151,
        "Net Income": 94
    },
    "2020-09-30": {
        "Diluted EPS": 0.67,
        "Total Revenue": NaN,
        "Gross Profit": 467,
        "Operating Income": 102,
        "EBIT": 123,
        "Net Income": 76
    },
    "2020-06-30": {
        "Diluted EPS": 0.41,
        "Total Revenue": NaN,
        "Gross Profit": 417,
        "Operating Income": 58,
        "EBIT": 78,
        "Net Income": 46
    },
    "2020-03-31": {
        "Diluted EPS": 0.79,
        "Total Revenue": NaN,
        "Gross Profit": 614,
        "Operating Income": 131,
        "EBIT": 150,
        "Net Income": 90
    },
    "2019-12-31": {
        "Diluted EPS": 0.98,
        "Total Revenue": NaN,
        "Gross Profit": 634,
        "Operating Income": 153,
        "EBIT": 171,
        "Net Income": 113
    },
    "2019-09-30": {
        "Diluted EPS": 1.01,
        "Total Revenue": NaN,
        "Gross Profit": 646,
        "Operating Income": 163,
        "EBIT": 181,
        "Net Income": 117
    },
    "2019-06-30": {
        "Diluted EPS": 0.98,
        "Total Revenue": NaN,
        "Gross Profit": 638,
        "Operating Income": 159,
        "EBIT": 176,
        "Net Income": 115
    },
    "2019-03-31": {
        "Diluted EPS": 0.93,
        "Total Revenue": NaN,
        "Gross Profit": 608,
        "Operating Income": 146,
        "EBIT": 162,
        "Net Income": 110
    },
    "2018-12-31": {
        "Diluted EPS": 0.95,
        "Total Revenue": NaN,
        "Gross Profit": 621,
        "Operating Income": 154,
        "EBIT": 170,
        "Net Income": 114
    },
    "2018-09-30": {
        "Diluted EPS": 0.95,
        "Total Revenue": NaN,
        "Gross Profit": 610,
        "Operating Income": 151,
        "EBIT": 167,
        "Net Income": 115
    },
    "2018-06-30": {
        "Diluted EPS": 0.89,
        "Total Revenue": NaN,
        "Gross Profit": 607,
        "Operating Income": 149,
        "EBIT": 166,
        "Net Income": 109
    },
    "2018-03-31": {
        "Diluted EPS": 0.78,
        "Total Revenue": NaN,
        "Gross Profit": 572,
        "Operating Income": 134,
        "EBIT": 151,
        "Net Income": 96
    },
    "2017-12-31": {
        "Diluted EPS": 0.39,
        "Total Revenue": NaN,
        "Gross Profit": 553,
        "Operating Income": 128,
        "EBIT": 145,
        "Net Income": 47
    },
    "2017-09-30": {
        "Diluted EPS": 0.68,
        "Total Revenue": NaN,
        "Gross Profit": 546,
        "Operating Income": 132,
        "EBIT": 148,
        "Net Income": 85
    },
    "2017-06-30": {
        "Diluted EPS": 0.64,
        "Total Revenue": NaN,
        "Gross Profit": 538,
        "Operating Income": 130,
        "EBIT": 147,
        "Net Income": 80
    },
    "2017-03-31": {
        "Diluted EPS": 0.62,
        "Total Revenue": NaN,
        "Gross Profit": 526,
        "Operating Income": 125,
        "EBIT": 141,
        "Net Income": 79
    },
    "2016-12-31": {
        "Diluted EPS": 0.61,
        "Total Revenue": NaN,
        "Gross Profit": 519,
        "Operating Income": 124,
        "EBIT": 141,
        "Net Income": 78
    },
    "2016-09-30": {
        "Diluted EPS": 0.71,
        "Total Revenue": NaN,
        "Gross Profit": 553,
        "Operating Income": 146,
        "EBIT": 162,
        "Net Income": 91
    },
    "2016-06-30": {
        "Diluted EPS": 0.71,
        "Total Revenue": NaN,
        "Gross Profit": 557,
        "Operating Income": 149,
        "EBIT": 165,
        "Net Income": 92
    },
    "2016-03-31": {
        "Diluted EPS": 0.64,
        "Total Revenue": NaN,
        "Gross Profit": 532,
        "Operating Income": 134,
        "EBIT": 149,
        "Net Income": 83
    },
    "2015-12-31": {
        "Diluted EPS": 0.71,
        "Total Revenue": NaN,
        "Gross Profit": 540,
        "Operating Income": 144,
        "EBIT": 158,
        "Net Income": 93
    },
    "2015-09-30": {
        "Diluted EPS": 0.73,
        "Total Revenue": NaN,
        "Gross Profit": 550,
        "Operating Income": 159,
        "EBIT": 172,
        "Net Income": 97
    },
    "2015-06-30": {
        "Diluted EPS": 0.67,
        "Total Revenue": NaN,
        "Gross Profit": 531,
        "Operating Income": 149,
        "EBIT": 163,
        "Net Income": 90
    },
    "2015-03-31": {
        "Diluted EPS": 0.58,
        "Total Revenue": NaN,
        "Gross Profit": 494,
        "Operating Income": 128,
        "EBIT": 141,
        "Net Income": 78
    },
    "2014-12-31": {
        "Diluted EPS": 0.63,
        "Total Revenue": NaN,
        "Gross Profit": 501,
        "Operating Income": 133,
        "EBIT": 146,
        "Net Income": 84
    },
    "2014-09-30": {
        "Diluted EPS": 0.63,
        "Total Revenue": NaN,
        "Gross Profit": 505,
        "Operating Income": 138,
        "EBIT": 150,
        "Net Income": 85
    },
    "2014-06-30": {
        "Diluted EPS": 0.55,
        "Total Revenue": NaN,
        "Gross Profit": 478,
        "Operating Income": 123,
        "EBIT": 136,
        "Net Income": 75
    },
    "2014-03-31": {
        "Diluted EPS": 0.45,
        "Total Revenue": NaN,
        "Gross Profit": 438,
        "Operating Income": 102,
        "EBIT": 114,
        "Net Income": 62
    },
    "2013-12-31": {
        "Diluted EPS": 0.49,
        "Total Revenue": NaN,
        "Gross Profit": 443,
        "Operating Income": 104,
        "EBIT": 116,
        "Net Income": 67
    },
    "2013-09-30": {
        "Diluted EPS": 0.48,
        "Total Revenue": NaN,
        "Gross Profit": 437,
        "Operating Income": 103,
        "EBIT": 116,
        "Net Income": 66
    },
    "2013-06-30": {
        "Diluted EPS": 0.46,
        "Total Revenue": NaN,
        "Gross Profit": 432,
        "Operating Income": 100,
        "EBIT": 112,
        "Net Income": 63
    },
    "2013-03-31": {
        "Diluted EPS": 0.4,
        "Total Revenue": NaN,
        "Gross Profit": 410,
        "Operating Income": 89,
        "EBIT": 101,
        "Net Income": 56
    },
    "2012-12-31": {
        "Diluted EPS": 0.43,
        "Total Revenue": NaN,
        "Gross Profit": 416,
        "Operating Income": 97,
        "EBIT": 109,
        "Net Income": 58
    },
    "2012-09-30": {
        "Diluted EPS": 0.41,
        "Total Revenue": NaN,
        "Gross Profit": 415,
        "Operating Income": 94,
        "EBIT": 106,
        "Net Income": 57
    },
    "2012-06-30": {
        "Diluted EPS": 0.32,
        "Total Revenue": NaN,
        "Gross Profit": 415,
        "Operating Income": 72,
        "EBIT": 84,
        "Net Income": 45
    },
    "2012-03-31": {
        "Diluted EPS": 0.34,
        "Total Revenue": NaN,
        "Gross Profit": 402,
        "Operating Income": 80,
        "EBIT": 92,
        "Net Income": 48
    },
    "2011-12-31": {
        "Diluted EPS": 0.3,
        "Total Revenue": 973,
        "Gross Profit": 387,
        "Operating Income": 72,
        "EBIT": 85,
        "Net Income": 42
    },
    "2011-09-30": {
        "Diluted EPS": 0.31,
        "Total Revenue": 985,
        "Gross Profit": 392,
        "Operating Income": 72,
        "EBIT": 85,
        "Net Income": 44
    },
    "2011-06-30": {
        "Diluted EPS": 0.25,
        "Total Revenue": 938,
        "Gross Profit": 372,
        "Operating Income": 61,
        "EBIT": 74,
        "Net Income": 36
    },
    "2011-03-31": {
        "Diluted EPS": 0.18,
        "Total Revenue": 881,
        "Gross Profit": 338,
        "Operating Income": 44,
        "EBIT": 57,
        "Net Income": 27
    },
    "2010-12-31": {
        "Diluted EPS": 0.17,
        "Total Revenue": 852,
        "Gross Profit": 327,
        "Operating Income": 43,
        "EBIT": 56,
        "Net Income": 24
    },
    "2010-09-30": {
        "Diluted EPS": 0.14,
        "Total Revenue": 817,
        "Gross Profit": 309,
        "Operating Income": 37,
        "EBIT": 51,
        "Net Income": 20
    },
    "2010-06-30": {
        "Diluted EPS": 0.08,
        "Total Revenue": 769,
        "Gross Profit": 290,
        "Operating Income": 22,
        "EBIT": 36,
        "Net Income": 12
    },
    "2010-03-31": {
        "Diluted EPS": 0.05,
        "Total Revenue": 737,
        "Gross Profit": 268,
        "Operating Income": 12,
        "EBIT": 27,
        "Net Income": 8
    },
    "2009-12-31": {
        "Diluted EPS": 0.09,
        "Total Revenue": 737,
        "Gross Profit": 278,
        "Operating Income": 22,
        "EBIT": 38,
        "Net Income": 13
    },
    "2009-09-30": {
        "Diluted EPS": 0.06,
        "Total Revenue": 726,
        "Gross Profit": 266,
        "Operating Income": 17,
        "EBIT": 33,
        "Net Income": 9
    },
    "2009-06-30": {
        "Diluted EPS": 0.03,
        "Total Revenue": 750,
        "Gross Profit": 265,
        "Operating Income": 10,
        "EBIT": 27,
        "Net Income": 5
    },
    "2009-03-31": {
        "Diluted EPS": 0.06,
        "Total Revenue": 823,
        "Gross Profit": 294,
        "Operating Income": 16,
        "EBIT": 33,
        "Net Income": 8
    }
}