{
    "2023-03-31": {
        "Tax Effect Of Unusual Items": -11200.0,
        "Tax Rate For Calcs": 0.4,
        "Normalized EBITDA": -1252000.0,
        "Total Unusual Items": -28000.0,
        "Total Unusual Items Excluding Goodwill": -28000.0,
        "Net Income From Continuing Operation Net Minority Interest": -2028000.0,
        "Reconciled Depreciation": 546000.0,
        "Reconciled Cost Of Revenue": 9551000.0,
        "EBITDA": -1280000.0,
        "EBIT": -1826000.0,
        "Net Interest Income": -177000.0,
        "Interest Expense": 196000.0,
        "Interest Income": 19000.0,
        "Normalized Income": -2011200.0,
        "Net Income From Continuing And Discontinued Operation": -2028000.0,
        "Total Expenses": 11282000.0,
        "Total Operating Income As Reported": -2013000.0,
        "Diluted Average Shares": 6567978.0,
        "Basic Average Shares": 6567978.0,
        "Diluted EPS": -0.31,
        "Basic EPS": -0.31,
        "Diluted NI Availto Com Stockholders": -2028000.0,
        "Net Income Common Stockholders": -2028000.0,
        "Net Income": -2028000.0,
        "Net Income Including Noncontrolling Interests": -2028000.0,
        "Net Income Discontinuous Operations": NaN,
        "Net Income Continuous Operations": -2028000.0,
        "Tax Provision": 6000.0,
        "Pretax Income": -2022000.0,
        "Other Income Expense": 168000.0,
        "Other Non Operating Income Expenses": 196000.0,
        "Special Income Charges": NaN,
        "Gain On Sale Of Ppe": NaN,
        "Impairment Of Capital Assets": NaN,
        "Gain On Sale Of Security": -28000.0,
        "Net Non Operating Interest Income Expense": -177000.0,
        "Interest Expense Non Operating": 196000.0,
        "Interest Income Non Operating": 19000.0,
        "Operating Income": -2013000.0,
        "Operating Expense": 1731000.0,
        "Selling General And Administration": 1731000.0,
        "Gross Profit": -282000.0,
        "Cost Of Revenue": 9551000.0,
        "Total Revenue": 9269000.0,
        "Operating Revenue": 9269000.0
    },
    "2022-12-31": {
        "Tax Effect Of Unusual Items": 98.214286,
        "Tax Rate For Calcs": 0.000595,
        "Normalized EBITDA": -1123000.0,
        "Total Unusual Items": 165000.0,
        "Total Unusual Items Excluding Goodwill": 165000.0,
        "Net Income From Continuing Operation Net Minority Interest": -1679000.0,
        "Reconciled Depreciation": 559000.0,
        "Reconciled Cost Of Revenue": 10703000.0,
        "EBITDA": -958000.0,
        "EBIT": -1517000.0,
        "Net Interest Income": -163000.0,
        "Interest Expense": 163000.0,
        "Interest Income": 13000.0,
        "Normalized Income": -1843901.785714,
        "Net Income From Continuing And Discontinued Operation": -1679000.0,
        "Total Expenses": 12228000.0,
        "Total Operating Income As Reported": -1612000.0,
        "Diluted Average Shares": 6039000.0,
        "Basic Average Shares": 6039000.0,
        "Diluted EPS": -0.28,
        "Basic EPS": -0.28,
        "Diluted NI Availto Com Stockholders": -1679000.0,
        "Net Income Common Stockholders": -1679000.0,
        "Net Income": -1679000.0,
        "Net Income Including Noncontrolling Interests": -1679000.0,
        "Net Income Discontinuous Operations": NaN,
        "Net Income Continuous Operations": -1679000.0,
        "Tax Provision": -1000.0,
        "Pretax Income": -1680000.0,
        "Other Income Expense": 95000.0,
        "Other Non Operating Income Expenses": -70000.0,
        "Special Income Charges": 0.0,
        "Gain On Sale Of Ppe": 0.0,
        "Impairment Of Capital Assets": 0.0,
        "Gain On Sale Of Security": 165000.0,
        "Net Non Operating Interest Income Expense": -163000.0,
        "Interest Expense Non Operating": 163000.0,
        "Interest Income Non Operating": 13000.0,
        "Operating Income": -1612000.0,
        "Operating Expense": 1525000.0,
        "Selling General And Administration": 1525000.0,
        "Gross Profit": -87000.0,
        "Cost Of Revenue": 10703000.0,
        "Total Revenue": 10616000.0,
        "Operating Revenue": 10616000.0
    },
    "2022-09-30": {
        "Tax Effect Of Unusual Items": 244800.0,
        "Tax Rate For Calcs": 0.4,
        "Normalized EBITDA": -1930000.0,
        "Total Unusual Items": 612000.0,
        "Total Unusual Items Excluding Goodwill": 612000.0,
        "Net Income From Continuing Operation Net Minority Interest": -2042000.0,
        "Reconciled Depreciation": 564000.0,
        "Reconciled Cost Of Revenue": 10949000.0,
        "EBITDA": -1318000.0,
        "EBIT": -1882000.0,
        "Net Interest Income": -145000.0,
        "Interest Expense": 152000.0,
        "Interest Income": 7000.0,
        "Normalized Income": -2409200.0,
        "Net Income From Continuing And Discontinued Operation": -2042000.0,
        "Total Expenses": 12714000.0,
        "Total Operating Income As Reported": -2462000.0,
        "Diluted Average Shares": 5332308.0,
        "Basic Average Shares": 5332308.0,
        "Diluted EPS": -0.38,
        "Basic EPS": -0.38,
        "Diluted NI Availto Com Stockholders": -2042000.0,
        "Net Income Common Stockholders": -2042000.0,
        "Net Income": -2042000.0,
        "Net Income Including Noncontrolling Interests": -2042000.0,
        "Net Income Discontinuous Operations": NaN,
        "Net Income Continuous Operations": -2042000.0,
        "Tax Provision": 8000.0,
        "Pretax Income": -2034000.0,
        "Other Income Expense": 573000.0,
        "Other Non Operating Income Expenses": -39000.0,
        "Special Income Charges": 0.0,
        "Gain On Sale Of Ppe": 0.0,
        "Impairment Of Capital Assets": NaN,
        "Gain On Sale Of Security": 612000.0,
        "Net Non Operating Interest Income Expense": -145000.0,
        "Interest Expense Non Operating": 152000.0,
        "Interest Income Non Operating": 7000.0,
        "Operating Income": -2462000.0,
        "Operating Expense": 1765000.0,
        "Selling General And Administration": 1765000.0,
        "Gross Profit": -697000.0,
        "Cost Of Revenue": 10949000.0,
        "Total Revenue": 10252000.0,
        "Operating Revenue": 10252000.0
    },
    "2022-06-30": {
        "Tax Effect Of Unusual Items": -108000.0,
        "Tax Rate For Calcs": 0.4,
        "Normalized EBITDA": -1653000.0,
        "Total Unusual Items": -270000.0,
        "Total Unusual Items Excluding Goodwill": -270000.0,
        "Net Income From Continuing Operation Net Minority Interest": -2621000.0,
        "Reconciled Depreciation": 568000.0,
        "Reconciled Cost Of Revenue": 10667000.0,
        "EBITDA": -1923000.0,
        "EBIT": -2491000.0,
        "Net Interest Income": -117000.0,
        "Interest Expense": 118000.0,
        "Interest Income": 1000.0,
        "Normalized Income": -2459000.0,
        "Net Income From Continuing And Discontinued Operation": -2621000.0,
        "Total Expenses": 12375000.0,
        "Total Operating Income As Reported": -2038000.0,
        "Diluted Average Shares": 5286164.0,
        "Basic Average Shares": 5286164.0,
        "Diluted EPS": -0.5,
        "Basic EPS": -0.5,
        "Diluted NI Availto Com Stockholders": -2621000.0,
        "Net Income Common Stockholders": -2621000.0,
        "Net Income": -2621000.0,
        "Net Income Including Noncontrolling Interests": -2621000.0,
        "Net Income Discontinuous Operations": NaN,
        "Net Income Continuous Operations": -2621000.0,
        "Tax Provision": 12000.0,
        "Pretax Income": -2609000.0,
        "Other Income Expense": -307000.0,
        "Other Non Operating Income Expenses": -37000.0,
        "Special Income Charges": 147000.0,
        "Gain On Sale Of Ppe": 147000.0,
        "Impairment Of Capital Assets": NaN,
        "Gain On Sale Of Security": -417000.0,
        "Net Non Operating Interest Income Expense": -117000.0,
        "Interest Expense Non Operating": 118000.0,
        "Interest Income Non Operating": 1000.0,
        "Operating Income": -2185000.0,
        "Operating Expense": 1708000.0,
        "Selling General And Administration": 1708000.0,
        "Gross Profit": -477000.0,
        "Cost Of Revenue": 10667000.0,
        "Total Revenue": 10190000.0,
        "Operating Revenue": 10190000.0
    },
    "2022-03-31": {
        "Diluted EPS": -0.29,
        "Total Revenue": 11,
        "Gross Profit": 1,
        "Operating Income": -1,
        "EBIT": -1,
        "Net Income": -2
    },
    "2021-12-31": {
        "Diluted EPS": -1.1,
        "Total Revenue": 8,
        "Gross Profit": 0,
        "Operating Income": -6,
        "EBIT": -1,
        "Net Income": -5
    },
    "2021-09-30": {
        "Diluted EPS": -0.47,
        "Total Revenue": 7,
        "Gross Profit": 0,
        "Operating Income": -2,
        "EBIT": -1,
        "Net Income": -2
    },
    "2021-06-30": {
        "Diluted EPS": -0.4,
        "Total Revenue": 8,
        "Gross Profit": 0,
        "Operating Income": -2,
        "EBIT": -1,
        "Net Income": -2
    },
    "2021-03-31": {
        "Diluted EPS": 0.1,
        "Total Revenue": 9,
        "Gross Profit": 1,
        "Operating Income": -1,
        "EBIT": 0,
        "Net Income": 1
    },
    "2020-12-31": {
        "Diluted EPS": -0.4,
        "Total Revenue": 7,
        "Gross Profit": 0,
        "Operating Income": -2,
        "EBIT": -1,
        "Net Income": -2
    },
    "2020-09-30": {
        "Diluted EPS": -0.7,
        "Total Revenue": 5,
        "Gross Profit": -1,
        "Operating Income": -3,
        "EBIT": -2,
        "Net Income": -3
    },
    "2020-06-30": {
        "Diluted EPS": -1.0,
        "Total Revenue": 6,
        "Gross Profit": -1,
        "Operating Income": -4,
        "EBIT": -3,
        "Net Income": -4
    },
    "2020-03-31": {
        "Diluted EPS": -0.8,
        "Total Revenue": 8,
        "Gross Profit": 0,
        "Operating Income": -3,
        "EBIT": -2,
        "Net Income": -3
    },
    "2019-12-31": {
        "Diluted EPS": -1.1,
        "Total Revenue": 6,
        "Gross Profit": -1,
        "Operating Income": -4,
        "EBIT": -3,
        "Net Income": -4
    },
    "2019-09-30": {
        "Diluted EPS": -1.0,
        "Total Revenue": 5,
        "Gross Profit": 0,
        "Operating Income": -4,
        "EBIT": -4,
        "Net Income": -3
    },
    "2019-06-30": {
        "Diluted EPS": -1.1,
        "Total Revenue": 6,
        "Gross Profit": 0,
        "Operating Income": -4,
        "EBIT": -3,
        "Net Income": -4
    },
    "2019-03-31": {
        "Diluted EPS": -1.1,
        "Total Revenue": 6,
        "Gross Profit": 0,
        "Operating Income": -3,
        "EBIT": -3,
        "Net Income": -3
    },
    "2018-12-31": {
        "Diluted EPS": -0.8,
        "Total Revenue": 5,
        "Gross Profit": 1,
        "Operating Income": -2,
        "EBIT": -2,
        "Net Income": -2
    },
    "2018-09-30": {
        "Diluted EPS": -0.7,
        "Total Revenue": 3,
        "Gross Profit": 1,
        "Operating Income": -2,
        "EBIT": -1,
        "Net Income": -2
    },
    "2018-06-30": {
        "Diluted EPS": -1.1,
        "Total Revenue": 3,
        "Gross Profit": 1,
        "Operating Income": -2,
        "EBIT": -2,
        "Net Income": -2
    },
    "2018-03-31": {
        "Diluted EPS": -1.1,
        "Total Revenue": 4,
        "Gross Profit": 1,
        "Operating Income": -2,
        "EBIT": -2,
        "Net Income": -2
    },
    "2017-12-31": {
        "Diluted EPS": -3.1,
        "Total Revenue": 3,
        "Gross Profit": 1,
        "Operating Income": -2,
        "EBIT": -2,
        "Net Income": -4
    },
    "2017-09-30": {
        "Diluted EPS": 3.0,
        "Total Revenue": 3,
        "Gross Profit": 1,
        "Operating Income": -1,
        "EBIT": -1,
        "Net Income": 3
    },
    "2017-06-30": {
        "Diluted EPS": -1.2,
        "Total Revenue": 3,
        "Gross Profit": 1,
        "Operating Income": -2,
        "EBIT": -2,
        "Net Income": -1
    },
    "2017-03-31": {
        "Diluted EPS": -3.2,
        "Total Revenue": 4,
        "Gross Profit": 1,
        "Operating Income": -1,
        "EBIT": -1,
        "Net Income": -3
    },
    "2016-12-31": {
        "Diluted EPS": -1.1,
        "Total Revenue": -4,
        "Gross Profit": -1,
        "Operating Income": -3,
        "EBIT": -2,
        "Net Income": -1
    },
    "2016-09-30": {
        "Diluted EPS": -1.1,
        "Total Revenue": 3,
        "Gross Profit": 1,
        "Operating Income": -2,
        "EBIT": -2,
        "Net Income": -1
    },
    "2016-06-30": {
        "Diluted EPS": -7.2,
        "Total Revenue": 3,
        "Gross Profit": 1,
        "Operating Income": -3,
        "EBIT": -3,
        "Net Income": -7
    },
    "2016-03-31": {
        "Diluted EPS": -0.3,
        "Total Revenue": 10,
        "Gross Profit": 2,
        "Operating Income": -1,
        "EBIT": -1,
        "Net Income": 0
    },
    "2015-12-31": {
        "Diluted EPS": -1.3,
        "Total Revenue": 10,
        "Gross Profit": 3,
        "Operating Income": 0,
        "EBIT": 0,
        "Net Income": -1
    },
    "2015-09-30": {
        "Diluted EPS": -0.6,
        "Total Revenue": 9,
        "Gross Profit": 2,
        "Operating Income": -1,
        "EBIT": 0,
        "Net Income": -1
    },
    "2015-06-30": {
        "Diluted EPS": -3.8,
        "Total Revenue": 11,
        "Gross Profit": 2,
        "Operating Income": -2,
        "EBIT": 0,
        "Net Income": -4
    },
    "2015-03-31": {
        "Diluted EPS": -3.3,
        "Total Revenue": 10,
        "Gross Profit": 1,
        "Operating Income": -3,
        "EBIT": -2,
        "Net Income": -3
    },
    "2014-12-31": {
        "Diluted EPS": 6.5,
        "Total Revenue": 11,
        "Gross Profit": 1,
        "Operating Income": -3,
        "EBIT": -2,
        "Net Income": -2
    },
    "2014-09-30": {
        "Diluted EPS": -4.7,
        "Total Revenue": 10,
        "Gross Profit": 1,
        "Operating Income": -4,
        "EBIT": -2,
        "Net Income": -4
    },
    "2014-06-30": {
        "Diluted EPS": -35.2,
        "Total Revenue": 11,
        "Gross Profit": 1,
        "Operating Income": -3,
        "EBIT": -1,
        "Net Income": -15
    },
    "2014-03-31": {
        "Diluted EPS": -6.2,
        "Total Revenue": 8,
        "Gross Profit": 1,
        "Operating Income": -3,
        "EBIT": -1,
        "Net Income": -2
    },
    "2013-12-31": {
        "Diluted EPS": -37.2,
        "Total Revenue": 8,
        "Gross Profit": 1,
        "Operating Income": -3,
        "EBIT": -2,
        "Net Income": -5
    },
    "2013-09-30": {
        "Diluted EPS": -18.3,
        "Total Revenue": 9,
        "Gross Profit": 1,
        "Operating Income": -3,
        "EBIT": -2,
        "Net Income": -2
    },
    "2013-06-30": {
        "Diluted EPS": -18.3,
        "Total Revenue": 9,
        "Gross Profit": 1,
        "Operating Income": -1,
        "EBIT": 0,
        "Net Income": -2
    },
    "2013-03-31": {
        "Diluted EPS": -55.7,
        "Total Revenue": 9,
        "Gross Profit": 1,
        "Operating Income": -3,
        "EBIT": -1,
        "Net Income": -6
    },
    "2012-12-31": {
        "Diluted EPS": -12.9,
        "Total Revenue": 9,
        "Gross Profit": 1,
        "Operating Income": -2,
        "EBIT": -1,
        "Net Income": 0
    },
    "2012-09-30": {
        "Diluted EPS": 0.0,
        "Total Revenue": 9,
        "Gross Profit": 2,
        "Operating Income": -1,
        "EBIT": 0,
        "Net Income": 0
    },
    "2012-06-30": {
        "Diluted EPS": 0.0,
        "Total Revenue": 10,
        "Gross Profit": 2,
        "Operating Income": -3,
        "EBIT": -1,
        "Net Income": 0
    },
    "2012-03-31": {
        "Diluted EPS": -80.0,
        "Total Revenue": 10,
        "Gross Profit": 2,
        "Operating Income": -2,
        "EBIT": -1,
        "Net Income": -9
    },
    "2011-12-31": {
        "Diluted EPS": -40.0,
        "Total Revenue": 8,
        "Gross Profit": 1,
        "Operating Income": -4,
        "EBIT": -1,
        "Net Income": -5
    },
    "2011-09-30": {
        "Diluted EPS": -20.0,
        "Total Revenue": 9,
        "Gross Profit": 2,
        "Operating Income": -2,
        "EBIT": -1,
        "Net Income": -1
    },
    "2011-06-30": {
        "Diluted EPS": 0.0,
        "Total Revenue": 11,
        "Gross Profit": 3,
        "Operating Income": -2,
        "EBIT": -1,
        "Net Income": 0
    },
    "2011-03-31": {
        "Diluted EPS": -40.0,
        "Total Revenue": 9,
        "Gross Profit": 2,
        "Operating Income": -1,
        "EBIT": 0,
        "Net Income": -4
    },
    "2010-12-31": {
        "Diluted EPS": -40.0,
        "Total Revenue": 10,
        "Gross Profit": 2,
        "Operating Income": -4,
        "EBIT": -2,
        "Net Income": -5
    },
    "2010-09-30": {
        "Diluted EPS": -40.0,
        "Total Revenue": 8,
        "Gross Profit": 2,
        "Operating Income": -3,
        "EBIT": -2,
        "Net Income": -3
    },
    "2010-06-30": {
        "Diluted EPS": -40.0,
        "Total Revenue": 8,
        "Gross Profit": 1,
        "Operating Income": -4,
        "EBIT": -2,
        "Net Income": -5
    },
    "2010-03-31": {
        "Diluted EPS": -40.0,
        "Total Revenue": 7,
        "Gross Profit": 2,
        "Operating Income": -3,
        "EBIT": -2,
        "Net Income": -3
    },
    "2009-12-31": {
        "Diluted EPS": -60.0,
        "Total Revenue": 8,
        "Gross Profit": 1,
        "Operating Income": -4,
        "EBIT": -4,
        "Net Income": -7
    },
    "2009-09-30": {
        "Diluted EPS": -160.0,
        "Total Revenue": 8,
        "Gross Profit": 2,
        "Operating Income": -14,
        "EBIT": -11,
        "Net Income": -15
    },
    "2009-06-30": {
        "Diluted EPS": -60.0,
        "Total Revenue": 10,
        "Gross Profit": 2,
        "Operating Income": -5,
        "EBIT": -3,
        "Net Income": -6
    },
    "2009-03-31": {
        "Diluted EPS": -60.0,
        "Total Revenue": 7,
        "Gross Profit": 1,
        "Operating Income": -6,
        "EBIT": -5,
        "Net Income": -5
    },
    "2023-06-30": {
        "Tax Effect Of Unusual Items": -4400.0,
        "Tax Rate For Calcs": 0.4,
        "Normalized EBITDA": -1646000.0,
        "Total Unusual Items": -11000.0,
        "Total Unusual Items Excluding Goodwill": -11000.0,
        "Net Income From Continuing Operation Net Minority Interest": -1836000.0,
        "Reconciled Depreciation": -24000.0,
        "Reconciled Cost Of Revenue": 6245000.0,
        "EBITDA": -1657000.0,
        "EBIT": -1657000.0,
        "Net Interest Income": -166000.0,
        "Interest Expense": 174000.0,
        "Interest Income": 8000.0,
        "Normalized Income": -1829400.0,
        "Net Income From Continuing And Discontinued Operation": -10331000.0,
        "Total Expenses": 7889000.0,
        "Total Operating Income As Reported": -1620000.0,
        "Diluted Average Shares": 6722938.0,
        "Basic Average Shares": 6722938.0,
        "Diluted EPS": -1.54,
        "Basic EPS": -1.54,
        "Diluted NI Availto Com Stockholders": -10331000.0,
        "Net Income Common Stockholders": -10331000.0,
        "Net Income": -10331000.0,
        "Net Income Including Noncontrolling Interests": -10331000.0,
        "Net Income Discontinuous Operations": -8495000.0,
        "Net Income Continuous Operations": -1836000.0,
        "Tax Provision": 5000.0,
        "Pretax Income": -1831000.0,
        "Other Income Expense": -45000.0,
        "Other Non Operating Income Expenses": -34000.0,
        "Special Income Charges": NaN,
        "Gain On Sale Of Ppe": NaN,
        "Impairment Of Capital Assets": NaN,
        "Gain On Sale Of Security": -11000.0,
        "Net Non Operating Interest Income Expense": -166000.0,
        "Interest Expense Non Operating": 174000.0,
        "Interest Income Non Operating": 8000.0,
        "Operating Income": -1620000.0,
        "Operating Expense": 1644000.0,
        "Selling General And Administration": 1644000.0,
        "Gross Profit": 24000.0,
        "Cost Of Revenue": 6245000.0,
        "Total Revenue": 6269000.0,
        "Operating Revenue": 6269000.0
    }
}