{
    "2023-03-31": {
        "Tax Effect Of Unusual Items": NaN,
        "Tax Rate For Calcs": NaN,
        "Normalized EBITDA": NaN,
        "Total Unusual Items": NaN,
        "Total Unusual Items Excluding Goodwill": NaN,
        "Net Income From Continuing Operation Net Minority Interest": NaN,
        "Reconciled Depreciation": NaN,
        "Reconciled Cost Of Revenue": NaN,
        "EBITDA": NaN,
        "EBIT": NaN,
        "Net Interest Income": NaN,
        "Interest Income": NaN,
        "Normalized Income": NaN,
        "Net Income From Continuing And Discontinued Operation": NaN,
        "Total Expenses": NaN,
        "Total Operating Income As Reported": NaN,
        "Diluted Average Shares": NaN,
        "Basic Average Shares": NaN,
        "Diluted EPS": NaN,
        "Basic EPS": NaN,
        "Diluted NI Availto Com Stockholders": NaN,
        "Net Income Common Stockholders": NaN,
        "Net Income": NaN,
        "Net Income Including Noncontrolling Interests": NaN,
        "Net Income Continuous Operations": NaN,
        "Tax Provision": NaN,
        "Pretax Income": NaN,
        "Other Income Expense": NaN,
        "Other Non Operating Income Expenses": NaN,
        "Special Income Charges": NaN,
        "Gain On Sale Of Ppe": NaN,
        "Other Special Charges": 1526000.0,
        "Write Off": 4472000.0,
        "Impairment Of Capital Assets": NaN,
        "Restructuring And Mergern Acquisition": 0.0,
        "Gain On Sale Of Security": NaN,
        "Net Non Operating Interest Income Expense": NaN,
        "Total Other Finance Cost": 3830000.0,
        "Interest Income Non Operating": NaN,
        "Operating Income": NaN,
        "Operating Expense": NaN,
        "Other Operating Expenses": NaN,
        "Depreciation Amortization Depletion Income Statement": NaN,
        "Depreciation And Amortization In Income Statement": NaN,
        "Selling General And Administration": NaN,
        "Gross Profit": NaN,
        "Cost Of Revenue": NaN,
        "Total Revenue": NaN,
        "Operating Revenue": NaN
    },
    "2022-12-31": {
        "Tax Effect Of Unusual Items": NaN,
        "Tax Rate For Calcs": NaN,
        "Normalized EBITDA": NaN,
        "Total Unusual Items": NaN,
        "Total Unusual Items Excluding Goodwill": NaN,
        "Net Income From Continuing Operation Net Minority Interest": NaN,
        "Reconciled Depreciation": NaN,
        "Reconciled Cost Of Revenue": NaN,
        "EBITDA": NaN,
        "EBIT": NaN,
        "Net Interest Income": NaN,
        "Interest Income": NaN,
        "Normalized Income": NaN,
        "Net Income From Continuing And Discontinued Operation": NaN,
        "Total Expenses": NaN,
        "Total Operating Income As Reported": NaN,
        "Diluted Average Shares": NaN,
        "Basic Average Shares": NaN,
        "Diluted EPS": NaN,
        "Basic EPS": NaN,
        "Diluted NI Availto Com Stockholders": NaN,
        "Net Income Common Stockholders": NaN,
        "Net Income": NaN,
        "Net Income Including Noncontrolling Interests": NaN,
        "Net Income Continuous Operations": NaN,
        "Tax Provision": NaN,
        "Pretax Income": NaN,
        "Other Income Expense": NaN,
        "Other Non Operating Income Expenses": NaN,
        "Special Income Charges": NaN,
        "Gain On Sale Of Ppe": NaN,
        "Other Special Charges": NaN,
        "Write Off": 15288000.0,
        "Impairment Of Capital Assets": 55544000.0,
        "Restructuring And Mergern Acquisition": -335000.0,
        "Gain On Sale Of Security": NaN,
        "Net Non Operating Interest Income Expense": NaN,
        "Total Other Finance Cost": NaN,
        "Interest Income Non Operating": NaN,
        "Operating Income": NaN,
        "Operating Expense": NaN,
        "Other Operating Expenses": NaN,
        "Depreciation Amortization Depletion Income Statement": NaN,
        "Depreciation And Amortization In Income Statement": NaN,
        "Selling General And Administration": NaN,
        "Gross Profit": NaN,
        "Cost Of Revenue": NaN,
        "Total Revenue": NaN,
        "Operating Revenue": NaN
    },
    "2022-09-30": {
        "Tax Effect Of Unusual Items": NaN,
        "Tax Rate For Calcs": NaN,
        "Normalized EBITDA": NaN,
        "Total Unusual Items": NaN,
        "Total Unusual Items Excluding Goodwill": NaN,
        "Net Income From Continuing Operation Net Minority Interest": NaN,
        "Reconciled Depreciation": NaN,
        "Reconciled Cost Of Revenue": NaN,
        "EBITDA": NaN,
        "EBIT": NaN,
        "Net Interest Income": NaN,
        "Interest Income": 348000.0,
        "Normalized Income": NaN,
        "Net Income From Continuing And Discontinued Operation": NaN,
        "Total Expenses": NaN,
        "Total Operating Income As Reported": NaN,
        "Diluted Average Shares": 153895123.0,
        "Basic Average Shares": 153895123.0,
        "Diluted EPS": -0.21,
        "Basic EPS": -0.21,
        "Diluted NI Availto Com Stockholders": NaN,
        "Net Income Common Stockholders": NaN,
        "Net Income": NaN,
        "Net Income Including Noncontrolling Interests": NaN,
        "Net Income Continuous Operations": NaN,
        "Tax Provision": NaN,
        "Pretax Income": NaN,
        "Other Income Expense": NaN,
        "Other Non Operating Income Expenses": NaN,
        "Special Income Charges": NaN,
        "Gain On Sale Of Ppe": 7667000.0,
        "Other Special Charges": NaN,
        "Write Off": NaN,
        "Impairment Of Capital Assets": 0.0,
        "Restructuring And Mergern Acquisition": NaN,
        "Gain On Sale Of Security": NaN,
        "Net Non Operating Interest Income Expense": NaN,
        "Total Other Finance Cost": -348000.0,
        "Interest Income Non Operating": 348000.0,
        "Operating Income": NaN,
        "Operating Expense": NaN,
        "Other Operating Expenses": NaN,
        "Depreciation Amortization Depletion Income Statement": NaN,
        "Depreciation And Amortization In Income Statement": NaN,
        "Selling General And Administration": NaN,
        "Gross Profit": NaN,
        "Cost Of Revenue": NaN,
        "Total Revenue": NaN,
        "Operating Revenue": NaN
    },
    "2022-06-30": {
        "Tax Effect Of Unusual Items": -6181777.458641,
        "Tax Rate For Calcs": 0.01664,
        "Normalized EBITDA": 385828000.0,
        "Total Unusual Items": -371498000.0,
        "Total Unusual Items Excluding Goodwill": -371498000.0,
        "Net Income From Continuing Operation Net Minority Interest": -366334000.0,
        "Reconciled Depreciation": 21012000.0,
        "Reconciled Cost Of Revenue": 47904000.0,
        "EBITDA": 14330000.0,
        "EBIT": -6682000.0,
        "Net Interest Income": 0.0,
        "Interest Income": 0.0,
        "Normalized Income": -1017777.458641,
        "Net Income From Continuing And Discontinued Operation": -366334000.0,
        "Total Expenses": 79629000.0,
        "Total Operating Income As Reported": -366013000.0,
        "Diluted Average Shares": 130405502.0,
        "Basic Average Shares": 130405502.0,
        "Diluted EPS": -2.71,
        "Basic EPS": -2.71,
        "Diluted NI Availto Com Stockholders": -366334000.0,
        "Net Income Common Stockholders": -366334000.0,
        "Net Income": -366334000.0,
        "Net Income Including Noncontrolling Interests": -366334000.0,
        "Net Income Continuous Operations": -366334000.0,
        "Tax Provision": -6199000.0,
        "Pretax Income": -372533000.0,
        "Other Income Expense": -365851000.0,
        "Other Non Operating Income Expenses": 5647000.0,
        "Special Income Charges": -440321000.0,
        "Other Special Charges": NaN,
        "Write Off": 99787000.0,
        "Impairment Of Capital Assets": 349148000.0,
        "Restructuring And Mergern Acquisition": -8614000.0,
        "Gain On Sale Of Security": 68823000.0,
        "Net Non Operating Interest Income Expense": 0.0,
        "Total Other Finance Cost": NaN,
        "Interest Income Non Operating": 0.0,
        "Operating Income": -6682000.0,
        "Operating Expense": 31275000.0,
        "Depreciation Amortization Depletion Income Statement": 20562000.0,
        "Depreciation And Amortization In Income Statement": 20562000.0,
        "Selling General And Administration": 10713000.0,
        "Gross Profit": 24593000.0,
        "Cost Of Revenue": 48354000.0,
        "Total Revenue": 72947000.0,
        "Operating Revenue": 72923000.0
    },
    "2022-03-31": {
        "Diluted EPS": 0.31,
        "Total Revenue": 80,
        "Gross Profit": 34,
        "Operating Income": 39,
        "EBIT": 53,
        "Net Income": 37
    },
    "2021-12-31": {
        "Diluted EPS": -0.32,
        "Total Revenue": 91,
        "Gross Profit": 55,
        "Operating Income": -28,
        "EBIT": -22,
        "Net Income": -27
    },
    "2021-09-30": {
        "Diluted EPS": -0.16,
        "Total Revenue": 65,
        "Gross Profit": 39,
        "Operating Income": -4,
        "EBIT": 8,
        "Net Income": -15
    },
    "2021-06-30": {
        "Diluted EPS": 0.22,
        "Total Revenue": 34,
        "Gross Profit": 21,
        "Operating Income": -5,
        "EBIT": 1,
        "Net Income": 19
    },
    "2021-03-31": {
        "Diluted EPS": 0.09,
        "Total Revenue": 23,
        "Gross Profit": 16,
        "Operating Income": 7,
        "EBIT": 10,
        "Net Income": 8
    },
    "2020-12-31": {
        "Diluted EPS": 0.16,
        "Total Revenue": 5,
        "Gross Profit": 3,
        "Operating Income": 3,
        "EBIT": 5,
        "Net Income": 2
    },
    "2020-09-30": {
        "Diluted EPS": -0.04,
        "Total Revenue": 2,
        "Gross Profit": 1,
        "Operating Income": -2,
        "EBIT": -1,
        "Net Income": -2
    },
    "2020-06-30": {
        "Diluted EPS": -0.31,
        "Total Revenue": 2,
        "Gross Profit": 1,
        "Operating Income": -12,
        "EBIT": -11,
        "Net Income": -11
    },
    "2020-03-31": {
        "Diluted EPS": -0.15,
        "Total Revenue": 2,
        "Gross Profit": 1,
        "Operating Income": -4,
        "EBIT": -3,
        "Net Income": -4
    },
    "2019-12-31": {
        "Diluted EPS": 0.08,
        "Total Revenue": 1,
        "Gross Profit": 0,
        "Operating Income": -3,
        "EBIT": -2,
        "Net Income": -3
    },
    "2019-09-30": {
        "Diluted EPS": -0.08,
        "Total Revenue": 2,
        "Gross Profit": 0,
        "Operating Income": -2,
        "EBIT": -1,
        "Net Income": -2
    },
    "2019-06-30": {
        "Diluted EPS": -0.08,
        "Total Revenue": 2,
        "Gross Profit": 1,
        "Operating Income": -1,
        "EBIT": -1,
        "Net Income": -1
    },
    "2019-03-31": {
        "Diluted EPS": -0.94,
        "Total Revenue": 1,
        "Gross Profit": 0,
        "Operating Income": -3,
        "EBIT": -3,
        "Net Income": -14
    },
    "2018-12-31": {
        "Diluted EPS": -0.71,
        "Total Revenue": 2,
        "Gross Profit": 0,
        "Operating Income": -10,
        "EBIT": -9,
        "Net Income": -11
    },
    "2018-09-30": {
        "Diluted EPS": -0.46,
        "Total Revenue": 2,
        "Gross Profit": 0,
        "Operating Income": -6,
        "EBIT": -6,
        "Net Income": -6
    },
    "2018-06-30": {
        "Diluted EPS": -1.81,
        "Total Revenue": 3,
        "Gross Profit": 1,
        "Operating Income": -24,
        "EBIT": -21,
        "Net Income": -24
    },
    "2018-03-31": {
        "Diluted EPS": -1.35,
        "Total Revenue": 1,
        "Gross Profit": 1,
        "Operating Income": -19,
        "EBIT": -17,
        "Net Income": -16
    },
    "2017-12-31": {
        "Diluted EPS": -1.11,
        "Total Revenue": 0,
        "Gross Profit": 0,
        "Operating Income": -10,
        "EBIT": -10,
        "Net Income": -9
    },
    "2017-09-30": {
        "Diluted EPS": -0.98,
        "Total Revenue": 0,
        "Gross Profit": 0,
        "Operating Income": -1,
        "EBIT": 4,
        "Net Income": -5
    },
    "2017-06-30": {
        "Diluted EPS": -0.26,
        "Total Revenue": 0,
        "Gross Profit": 0,
        "Operating Income": -1,
        "EBIT": -1,
        "Net Income": -1
    },
    "2017-03-31": {
        "Diluted EPS": -0.95,
        "Total Revenue": 0,
        "Gross Profit": 0,
        "Operating Income": -1,
        "EBIT": -1,
        "Net Income": -4
    },
    "2016-12-31": {
        "Diluted EPS": -0.54,
        "Total Revenue": 0,
        "Gross Profit": 0,
        "Operating Income": -1,
        "EBIT": -1,
        "Net Income": -2
    },
    "2016-09-30": {
        "Diluted EPS": -0.43,
        "Total Revenue": 0,
        "Gross Profit": 0,
        "Operating Income": -2,
        "EBIT": -2,
        "Net Income": -2
    },
    "2016-06-30": {
        "Diluted EPS": -0.22,
        "Total Revenue": 0,
        "Gross Profit": 0,
        "Operating Income": -1,
        "EBIT": -1,
        "Net Income": -1
    },
    "2016-03-31": {
        "Diluted EPS": 0.14,
        "Total Revenue": 0,
        "Gross Profit": 0,
        "Operating Income": -1,
        "EBIT": -1,
        "Net Income": 1
    },
    "2015-12-31": {
        "Diluted EPS": -0.77,
        "Total Revenue": 0,
        "Gross Profit": 0,
        "Operating Income": -3,
        "EBIT": -3,
        "Net Income": -3
    },
    "2015-09-30": {
        "Diluted EPS": -0.41,
        "Total Revenue": 0,
        "Gross Profit": 0,
        "Operating Income": -2,
        "EBIT": -2,
        "Net Income": -2
    },
    "2015-06-30": {
        "Diluted EPS": -0.52,
        "Total Revenue": 0,
        "Gross Profit": 0,
        "Operating Income": -2,
        "EBIT": -2,
        "Net Income": -2
    },
    "2015-03-31": {
        "Diluted EPS": -0.56,
        "Total Revenue": 0,
        "Gross Profit": 0,
        "Operating Income": -2,
        "EBIT": -2,
        "Net Income": -2
    },
    "2014-12-31": {
        "Diluted EPS": -0.48,
        "Total Revenue": 0,
        "Gross Profit": 0,
        "Operating Income": -2,
        "EBIT": -2,
        "Net Income": -2
    },
    "2014-09-30": {
        "Diluted EPS": -0.64,
        "Total Revenue": 0,
        "Gross Profit": 0,
        "Operating Income": -3,
        "EBIT": -3,
        "Net Income": -3
    },
    "2014-06-30": {
        "Diluted EPS": -0.64,
        "Total Revenue": 0,
        "Gross Profit": 0,
        "Operating Income": -3,
        "EBIT": -3,
        "Net Income": -3
    },
    "2014-03-31": {
        "Diluted EPS": -1.12,
        "Total Revenue": 0,
        "Gross Profit": 0,
        "Operating Income": -3,
        "EBIT": -3,
        "Net Income": -3
    },
    "2013-12-31": {
        "Diluted EPS": -0.72,
        "Total Revenue": 0,
        "Gross Profit": 0,
        "Operating Income": -3,
        "EBIT": -3,
        "Net Income": -3
    },
    "2013-09-30": {
        "Diluted EPS": -1.12,
        "Total Revenue": 0,
        "Gross Profit": 0,
        "Operating Income": -3,
        "EBIT": -3,
        "Net Income": -3
    },
    "2013-06-30": {
        "Diluted EPS": -1.68,
        "Total Revenue": 0,
        "Gross Profit": 0,
        "Operating Income": -3,
        "EBIT": -3,
        "Net Income": -3
    },
    "2013-03-31": {
        "Diluted EPS": -2.24,
        "Total Revenue": 0,
        "Gross Profit": 0,
        "Operating Income": -3,
        "EBIT": -3,
        "Net Income": -3
    },
    "2012-12-31": {
        "Diluted EPS": 7.04,
        "Total Revenue": 0,
        "Gross Profit": 0,
        "Operating Income": -2,
        "EBIT": -2,
        "Net Income": -3
    },
    "2012-09-30": {
        "Diluted EPS": -2.56,
        "Total Revenue": 0,
        "Gross Profit": 0,
        "Operating Income": -2,
        "EBIT": -2,
        "Net Income": -2
    },
    "2012-06-30": {
        "Diluted EPS": -9.52,
        "Total Revenue": 0,
        "Gross Profit": 0,
        "Operating Income": -2,
        "EBIT": -2,
        "Net Income": -2
    },
    "2012-03-31": {
        "Diluted EPS": -9.68,
        "Total Revenue": 0,
        "Gross Profit": 0,
        "Operating Income": -2,
        "EBIT": -2,
        "Net Income": -2
    },
    "2011-12-31": {
        "Diluted EPS": -9.12,
        "Total Revenue": 0,
        "Gross Profit": 0,
        "Operating Income": -2,
        "EBIT": -2,
        "Net Income": -2
    },
    "2011-09-30": {
        "Diluted EPS": -18.32,
        "Total Revenue": 0,
        "Gross Profit": 0,
        "Operating Income": -3,
        "EBIT": -3,
        "Net Income": -3
    },
    "2011-06-30": {
        "Diluted EPS": -16.64,
        "Total Revenue": 0,
        "Gross Profit": 0,
        "Operating Income": -3,
        "EBIT": -3,
        "Net Income": -3
    },
    "2011-03-31": {
        "Diluted EPS": -16.8,
        "Total Revenue": 0,
        "Gross Profit": 0,
        "Operating Income": -3,
        "EBIT": -3,
        "Net Income": -3
    },
    "2010-12-31": {
        "Diluted EPS": -18.01,
        "Total Revenue": 0,
        "Gross Profit": 0,
        "Operating Income": -3,
        "EBIT": -3,
        "Net Income": -3
    },
    "2010-09-30": {
        "Diluted EPS": -18.24,
        "Total Revenue": 0,
        "Gross Profit": 0,
        "Operating Income": -3,
        "EBIT": -3,
        "Net Income": -3
    },
    "2010-06-30": {
        "Diluted EPS": -21.12,
        "Total Revenue": 0,
        "Gross Profit": 0,
        "Operating Income": -3,
        "EBIT": -3,
        "Net Income": -3
    },
    "2010-03-31": {
        "Diluted EPS": -24.0,
        "Total Revenue": 0,
        "Gross Profit": 0,
        "Operating Income": -4,
        "EBIT": -4,
        "Net Income": -4
    },
    "2009-12-31": {
        "Diluted EPS": -33.11,
        "Total Revenue": 0,
        "Gross Profit": 0,
        "Operating Income": -5,
        "EBIT": -5,
        "Net Income": -5
    },
    "2009-09-30": {
        "Diluted EPS": -28.79,
        "Total Revenue": 0,
        "Gross Profit": 0,
        "Operating Income": -4,
        "EBIT": -4,
        "Net Income": -4
    },
    "2009-06-30": {
        "Diluted EPS": -28.79,
        "Total Revenue": 0,
        "Gross Profit": 0,
        "Operating Income": -4,
        "EBIT": -4,
        "Net Income": -4
    },
    "2009-03-31": {
        "Diluted EPS": -21.6,
        "Total Revenue": 0,
        "Gross Profit": 0,
        "Operating Income": -3,
        "EBIT": -3,
        "Net Income": -3
    },
    "2023-06-30": {
        "Tax Effect Of Unusual Items": NaN,
        "Tax Rate For Calcs": NaN,
        "Normalized EBITDA": NaN,
        "Total Unusual Items": NaN,
        "Total Unusual Items Excluding Goodwill": NaN,
        "Net Income From Continuing Operation Net Minority Interest": NaN,
        "Reconciled Depreciation": NaN,
        "Reconciled Cost Of Revenue": NaN,
        "EBITDA": NaN,
        "EBIT": NaN,
        "Net Interest Income": NaN,
        "Interest Income": NaN,
        "Normalized Income": NaN,
        "Net Income From Continuing And Discontinued Operation": NaN,
        "Total Expenses": NaN,
        "Total Operating Income As Reported": NaN,
        "Diluted Average Shares": 167342813.0,
        "Basic Average Shares": 167342813.0,
        "Diluted EPS": -0.16,
        "Basic EPS": -0.16,
        "Diluted NI Availto Com Stockholders": NaN,
        "Net Income Common Stockholders": NaN,
        "Net Income": NaN,
        "Net Income Including Noncontrolling Interests": NaN,
        "Net Income Continuous Operations": NaN,
        "Tax Provision": NaN,
        "Pretax Income": NaN,
        "Other Income Expense": NaN,
        "Other Non Operating Income Expenses": NaN,
        "Special Income Charges": NaN,
        "Gain On Sale Of Ppe": -30000.0,
        "Other Special Charges": 30000.0,
        "Write Off": 5638000.0,
        "Impairment Of Capital Assets": 0.0,
        "Restructuring And Mergern Acquisition": 30000.0,
        "Gain On Sale Of Security": NaN,
        "Net Non Operating Interest Income Expense": NaN,
        "Interest Income Non Operating": NaN,
        "Operating Income": NaN,
        "Operating Expense": NaN,
        "Other Operating Expenses": NaN,
        "Depreciation Amortization Depletion Income Statement": NaN,
        "Depreciation And Amortization In Income Statement": NaN,
        "Selling General And Administration": NaN,
        "Gross Profit": NaN,
        "Cost Of Revenue": NaN,
        "Total Revenue": NaN,
        "Operating Revenue": NaN
    },
    "2023-09-30": {
        "Tax Effect Of Unusual Items": -52121.251418,
        "Tax Rate For Calcs": 0.001958,
        "Normalized EBITDA": 35271000.0,
        "Total Unusual Items": -26624000.0,
        "Total Unusual Items Excluding Goodwill": -26624000.0,
        "Net Income From Continuing Operation Net Minority Interest": -80040000.0,
        "Reconciled Depreciation": 64569000.0,
        "Reconciled Cost Of Revenue": 63778000.0,
        "EBITDA": 8647000.0,
        "EBIT": -55922000.0,
        "Net Interest Income": 2318000.0,
        "Interest Income": 2318000.0,
        "Normalized Income": -53468121.251418,
        "Net Income From Continuing And Discontinued Operation": -80040000.0,
        "Total Expenses": 107813000.0,
        "Total Operating Income As Reported": -82546000.0,
        "Diluted Average Shares": 180952689.0,
        "Basic Average Shares": 180952689.0,
        "Diluted EPS": -0.44,
        "Basic EPS": -0.44,
        "Diluted NI Availto Com Stockholders": -80040000.0,
        "Net Income Common Stockholders": -80040000.0,
        "Net Income": -80040000.0,
        "Net Income Including Noncontrolling Interests": -80040000.0,
        "Net Income Continuous Operations": -80040000.0,
        "Tax Provision": -157000.0,
        "Pretax Income": -80197000.0,
        "Other Income Expense": -26593000.0,
        "Other Non Operating Income Expenses": 31000.0,
        "Special Income Charges": -5306000.0,
        "Gain On Sale Of Ppe": -5306000.0,
        "Other Special Charges": NaN,
        "Write Off": 4041000.0,
        "Impairment Of Capital Assets": 0.0,
        "Restructuring And Mergern Acquisition": 0.0,
        "Gain On Sale Of Security": -21318000.0,
        "Net Non Operating Interest Income Expense": 2318000.0,
        "Interest Income Non Operating": 2318000.0,
        "Operating Income": -55922000.0,
        "Operating Expense": 44035000.0,
        "Other Operating Expenses": -49601000.0,
        "Depreciation Amortization Depletion Income Statement": 64569000.0,
        "Depreciation And Amortization In Income Statement": 64569000.0,
        "Selling General And Administration": 29067000.0,
        "Gross Profit": -11887000.0,
        "Cost Of Revenue": 63778000.0,
        "Total Revenue": 51891000.0,
        "Operating Revenue": 46758000.0
    },
    "2023-12-31": {
        "Tax Effect Of Unusual Items": 32494140.0,
        "Tax Rate For Calcs": 0.21,
        "Normalized EBITDA": -173091000.0,
        "Total Unusual Items": 154734000.0,
        "Total Unusual Items Excluding Goodwill": 154734000.0,
        "Net Income From Continuing Operation Net Minority Interest": 79228000.0,
        "Reconciled Depreciation": 62283000.0,
        "Reconciled Cost Of Revenue": 63470000.0,
        "EBITDA": -18357000.0,
        "EBIT": -80640000.0,
        "Net Interest Income": 4891000.0,
        "Interest Income": 4891000.0,
        "Normalized Income": -43011860.0,
        "Net Income From Continuing And Discontinued Operation": 79228000.0,
        "Total Expenses": 159452000.0,
        "Total Operating Income As Reported": 74094000.0,
        "Diluted Average Shares": NaN,
        "Basic Average Shares": NaN,
        "Diluted EPS": NaN,
        "Basic EPS": NaN,
        "Diluted NI Availto Com Stockholders": 79228000.0,
        "Net Income Common Stockholders": 79228000.0,
        "Net Income": 79228000.0,
        "Net Income Including Noncontrolling Interests": 79228000.0,
        "Net Income Continuous Operations": 79228000.0,
        "Tax Provision": -79000.0,
        "Pretax Income": 79149000.0,
        "Other Income Expense": 154898000.0,
        "Other Non Operating Income Expenses": 164000.0,
        "Special Income Charges": 21651000.0,
        "Gain On Sale Of Ppe": 0.0,
        "Other Special Charges": -7500000.0,
        "Write Off": -14151000.0,
        "Impairment Of Capital Assets": 0.0,
        "Restructuring And Mergern Acquisition": 0.0,
        "Gain On Sale Of Security": 133083000.0,
        "Net Non Operating Interest Income Expense": 4891000.0,
        "Interest Income Non Operating": 4891000.0,
        "Operating Income": -80640000.0,
        "Operating Expense": 95982000.0,
        "Other Operating Expenses": -5069000.0,
        "Depreciation Amortization Depletion Income Statement": 62283000.0,
        "Depreciation And Amortization In Income Statement": 62283000.0,
        "Selling General And Administration": 38768000.0,
        "Gross Profit": 15342000.0,
        "Cost Of Revenue": 63470000.0,
        "Total Revenue": 78812000.0,
        "Operating Revenue": 78788000.0
    },
    "2024-03-31": {
        "Tax Effect Of Unusual Items": 53888520.0,
        "Tax Rate For Calcs": 0.21,
        "Normalized EBITDA": -276939000.0,
        "Total Unusual Items": 256612000.0,
        "Total Unusual Items Excluding Goodwill": 256612000.0,
        "Net Income From Continuing Operation Net Minority Interest": 211777000.0,
        "Reconciled Depreciation": 32343000.0,
        "Reconciled Cost Of Revenue": 47102000.0,
        "EBITDA": -20327000.0,
        "EBIT": -52670000.0,
        "Net Interest Income": 7805000.0,
        "Interest Income": 7805000.0,
        "Normalized Income": 9053520.0,
        "Net Income From Continuing And Discontinued Operation": 211777000.0,
        "Total Expenses": 131966000.0,
        "Total Operating Income As Reported": 203942000.0,
        "Diluted Average Shares": 262358332.0,
        "Basic Average Shares": 259506242.0,
        "Diluted EPS": 0.81,
        "Basic EPS": 0.82,
        "Diluted NI Availto Com Stockholders": 211777000.0,
        "Net Income Common Stockholders": 211777000.0,
        "Net Income": 211777000.0,
        "Net Income Including Noncontrolling Interests": 211777000.0,
        "Net Income Continuous Operations": 211777000.0,
        "Tax Provision": -22000.0,
        "Pretax Income": 211755000.0,
        "Other Income Expense": 256620000.0,
        "Other Non Operating Income Expenses": 8000.0,
        "Special Income Charges": 2300000.0,
        "Gain On Sale Of Ppe": NaN,
        "Other Special Charges": -2300000.0,
        "Write Off": NaN,
        "Impairment Of Capital Assets": NaN,
        "Restructuring And Mergern Acquisition": NaN,
        "Gain On Sale Of Security": 254312000.0,
        "Net Non Operating Interest Income Expense": 7805000.0,
        "Interest Income Non Operating": 7805000.0,
        "Operating Income": -52670000.0,
        "Operating Expense": 84864000.0,
        "Other Operating Expenses": -5131000.0,
        "Depreciation Amortization Depletion Income Statement": 32343000.0,
        "Depreciation And Amortization In Income Statement": 32343000.0,
        "Selling General And Administration": 57652000.0,
        "Gross Profit": 32194000.0,
        "Cost Of Revenue": 47102000.0,
        "Total Revenue": 79296000.0,
        "Operating Revenue": 79272000.0
    },
    "2024-06-30": {
        "Tax Effect Of Unusual Items": -5110980.0,
        "Tax Rate For Calcs": 0.21,
        "Normalized EBITDA": -6577000.0,
        "Total Unusual Items": -24338000.0,
        "Total Unusual Items Excluding Goodwill": -24338000.0,
        "Net Income From Continuing Operation Net Minority Interest": -84449000.0,
        "Reconciled Depreciation": 37326000.0,
        "Reconciled Cost Of Revenue": 53641000.0,
        "EBITDA": -30915000.0,
        "EBIT": -68241000.0,
        "Net Interest Income": 8152000.0,
        "Interest Income": 8152000.0,
        "Normalized Income": -65221980.0,
        "Net Income From Continuing And Discontinued Operation": -84449000.0,
        "Total Expenses": 138259000.0,
        "Total Operating Income As Reported": -117041000.0,
        "Diluted Average Shares": 264625308.0,
        "Basic Average Shares": 264625308.0,
        "Diluted EPS": -0.32,
        "Basic EPS": -0.32,
        "Diluted NI Availto Com Stockholders": -84449000.0,
        "Net Income Common Stockholders": -84449000.0,
        "Net Income": -84449000.0,
        "Net Income Including Noncontrolling Interests": -84449000.0,
        "Net Income Continuous Operations": -84449000.0,
        "Tax Provision": 55000.0,
        "Pretax Income": -84394000.0,
        "Other Income Expense": -24305000.0,
        "Other Non Operating Income Expenses": 33000.0,
        "Special Income Charges": 119000.0,
        "Gain On Sale Of Ppe": -68000.0,
        "Other Special Charges": -187000.0,
        "Write Off": NaN,
        "Impairment Of Capital Assets": NaN,
        "Restructuring And Mergern Acquisition": NaN,
        "Gain On Sale Of Security": -24457000.0,
        "Net Non Operating Interest Income Expense": 8152000.0,
        "Interest Income Non Operating": 8152000.0,
        "Operating Income": -68241000.0,
        "Operating Expense": 84618000.0,
        "Other Operating Expenses": -13897000.0,
        "Depreciation Amortization Depletion Income Statement": 37326000.0,
        "Depreciation And Amortization In Income Statement": 37326000.0,
        "Selling General And Administration": 61189000.0,
        "Gross Profit": 16377000.0,
        "Cost Of Revenue": 53641000.0,
        "Total Revenue": 70018000.0,
        "Operating Revenue": 65391000.0
    },
    "2024-09-30": {
        "Tax Effect Of Unusual Items": -11954250.0,
        "Tax Rate For Calcs": 0.21,
        "Normalized EBITDA": 14255000.0,
        "Total Unusual Items": -56925000.0,
        "Total Unusual Items Excluding Goodwill": -56925000.0,
        "Net Income From Continuing Operation Net Minority Interest": -154362000.0,
        "Reconciled Depreciation": 60000000.0,
        "Reconciled Cost Of Revenue": 72937000.0,
        "EBITDA": -42670000.0,
        "EBIT": -102670000.0,
        "Net Interest Income": 5175000.0,
        "Interest Income": 5175000.0,
        "Normalized Income": -109391250.0,
        "Net Income From Continuing And Discontinued Operation": -154362000.0,
        "Total Expenses": 187456000.0,
        "Total Operating Income As Reported": -121513000.0,
        "Diluted Average Shares": 286243674.0,
        "Basic Average Shares": 286243674.0,
        "Diluted EPS": -0.54,
        "Basic EPS": -0.54,
        "Diluted NI Availto Com Stockholders": -154362000.0,
        "Net Income Common Stockholders": -154362000.0,
        "Net Income": -154362000.0,
        "Net Income Including Noncontrolling Interests": -154362000.0,
        "Net Income Continuous Operations": -154362000.0,
        "Tax Provision": 32000.0,
        "Pretax Income": -154330000.0,
        "Other Income Expense": -56835000.0,
        "Other Non Operating Income Expenses": 90000.0,
        "Special Income Charges": -3079000.0,
        "Gain On Sale Of Ppe": 0.0,
        "Other Special Charges": NaN,
        "Write Off": NaN,
        "Impairment Of Capital Assets": NaN,
        "Restructuring And Mergern Acquisition": 3079000.0,
        "Gain On Sale Of Security": -53846000.0,
        "Net Non Operating Interest Income Expense": 5175000.0,
        "Interest Income Non Operating": 5175000.0,
        "Operating Income": -102670000.0,
        "Operating Expense": 114519000.0,
        "Other Operating Expenses": -12417000.0,
        "Depreciation Amortization Depletion Income Statement": 60000000.0,
        "Depreciation And Amortization In Income Statement": 60000000.0,
        "Selling General And Administration": 66936000.0,
        "Gross Profit": 11849000.0,
        "Cost Of Revenue": 72937000.0,
        "Total Revenue": 84786000.0,
        "Operating Revenue": 80129000.0
    }
}