{
    "2023-03-31": {
        "Tax Effect Of Unusual Items": NaN,
        "Tax Rate For Calcs": NaN,
        "Normalized EBITDA": NaN,
        "Total Unusual Items": NaN,
        "Total Unusual Items Excluding Goodwill": NaN,
        "Net Income From Continuing Operation Net Minority Interest": NaN,
        "Reconciled Depreciation": NaN,
        "Reconciled Cost Of Revenue": NaN,
        "EBITDA": NaN,
        "EBIT": NaN,
        "Net Interest Income": NaN,
        "Interest Expense": NaN,
        "Interest Income": NaN,
        "Normalized Income": NaN,
        "Net Income From Continuing And Discontinued Operation": NaN,
        "Total Expenses": NaN,
        "Rent Expense Supplemental": NaN,
        "Total Operating Income As Reported": NaN,
        "Diluted Average Shares": NaN,
        "Basic Average Shares": NaN,
        "Diluted EPS": NaN,
        "Basic EPS": NaN,
        "Diluted NI Availto Com Stockholders": NaN,
        "Net Income Common Stockholders": NaN,
        "Net Income": NaN,
        "Net Income Including Noncontrolling Interests": NaN,
        "Net Income Continuous Operations": NaN,
        "Tax Provision": NaN,
        "Pretax Income": NaN,
        "Other Income Expense": NaN,
        "Other Non Operating Income Expenses": NaN,
        "Special Income Charges": NaN,
        "Impairment Of Capital Assets": 9500000.0,
        "Restructuring And Mergern Acquisition": NaN,
        "Net Non Operating Interest Income Expense": NaN,
        "Interest Expense Non Operating": NaN,
        "Interest Income Non Operating": NaN,
        "Operating Income": NaN,
        "Operating Expense": NaN,
        "Selling General And Administration": NaN,
        "General And Administrative Expense": NaN,
        "Other Gand A": NaN,
        "Rent And Landing Fees": NaN,
        "Gross Profit": NaN,
        "Cost Of Revenue": NaN,
        "Total Revenue": NaN,
        "Operating Revenue": NaN
    },
    "2022-12-31": {
        "Tax Effect Of Unusual Items": NaN,
        "Tax Rate For Calcs": NaN,
        "Normalized EBITDA": NaN,
        "Total Unusual Items": NaN,
        "Total Unusual Items Excluding Goodwill": NaN,
        "Net Income From Continuing Operation Net Minority Interest": NaN,
        "Reconciled Depreciation": NaN,
        "Reconciled Cost Of Revenue": NaN,
        "EBITDA": NaN,
        "EBIT": NaN,
        "Net Interest Income": NaN,
        "Interest Expense": NaN,
        "Interest Income": NaN,
        "Normalized Income": NaN,
        "Net Income From Continuing And Discontinued Operation": NaN,
        "Total Expenses": NaN,
        "Rent Expense Supplemental": NaN,
        "Total Operating Income As Reported": NaN,
        "Diluted Average Shares": NaN,
        "Basic Average Shares": NaN,
        "Diluted EPS": NaN,
        "Basic EPS": NaN,
        "Diluted NI Availto Com Stockholders": NaN,
        "Net Income Common Stockholders": NaN,
        "Net Income": NaN,
        "Net Income Including Noncontrolling Interests": NaN,
        "Net Income Continuous Operations": NaN,
        "Tax Provision": NaN,
        "Pretax Income": NaN,
        "Other Income Expense": NaN,
        "Other Non Operating Income Expenses": NaN,
        "Special Income Charges": NaN,
        "Impairment Of Capital Assets": 0.0,
        "Restructuring And Mergern Acquisition": NaN,
        "Net Non Operating Interest Income Expense": NaN,
        "Interest Expense Non Operating": NaN,
        "Interest Income Non Operating": NaN,
        "Operating Income": NaN,
        "Operating Expense": NaN,
        "Selling General And Administration": NaN,
        "General And Administrative Expense": NaN,
        "Other Gand A": NaN,
        "Rent And Landing Fees": NaN,
        "Gross Profit": NaN,
        "Cost Of Revenue": NaN,
        "Total Revenue": NaN,
        "Operating Revenue": NaN
    },
    "2022-09-30": {
        "Tax Effect Of Unusual Items": NaN,
        "Tax Rate For Calcs": NaN,
        "Normalized EBITDA": NaN,
        "Total Unusual Items": NaN,
        "Total Unusual Items Excluding Goodwill": NaN,
        "Net Income From Continuing Operation Net Minority Interest": NaN,
        "Reconciled Depreciation": NaN,
        "Reconciled Cost Of Revenue": NaN,
        "EBITDA": NaN,
        "EBIT": NaN,
        "Net Interest Income": NaN,
        "Interest Expense": NaN,
        "Interest Income": NaN,
        "Normalized Income": NaN,
        "Net Income From Continuing And Discontinued Operation": NaN,
        "Total Expenses": NaN,
        "Rent Expense Supplemental": 5700000.0,
        "Total Operating Income As Reported": NaN,
        "Diluted Average Shares": NaN,
        "Basic Average Shares": NaN,
        "Diluted EPS": NaN,
        "Basic EPS": NaN,
        "Diluted NI Availto Com Stockholders": NaN,
        "Net Income Common Stockholders": NaN,
        "Net Income": NaN,
        "Net Income Including Noncontrolling Interests": NaN,
        "Net Income Continuous Operations": NaN,
        "Tax Provision": NaN,
        "Pretax Income": NaN,
        "Other Income Expense": NaN,
        "Other Non Operating Income Expenses": NaN,
        "Special Income Charges": NaN,
        "Impairment Of Capital Assets": 200000.0,
        "Restructuring And Mergern Acquisition": NaN,
        "Net Non Operating Interest Income Expense": NaN,
        "Interest Expense Non Operating": NaN,
        "Interest Income Non Operating": NaN,
        "Operating Income": NaN,
        "Operating Expense": NaN,
        "Selling General And Administration": NaN,
        "General And Administrative Expense": 815200000.0,
        "Other Gand A": 809500000.0,
        "Rent And Landing Fees": 5700000.0,
        "Gross Profit": NaN,
        "Cost Of Revenue": NaN,
        "Total Revenue": NaN,
        "Operating Revenue": NaN
    },
    "2022-06-30": {
        "Tax Effect Of Unusual Items": -167300.0,
        "Tax Rate For Calcs": 0.239,
        "Normalized EBITDA": 229500000.0,
        "Total Unusual Items": -700000.0,
        "Total Unusual Items Excluding Goodwill": -700000.0,
        "Net Income From Continuing Operation Net Minority Interest": 123400000.0,
        "Reconciled Depreciation": 54800000.0,
        "Reconciled Cost Of Revenue": 489200000.0,
        "EBITDA": 228800000.0,
        "EBIT": 174000000.0,
        "Net Interest Income": -8200000.0,
        "Interest Expense": 11800000.0,
        "Interest Income": 3600000.0,
        "Normalized Income": 123932700.0,
        "Net Income From Continuing And Discontinued Operation": 123400000.0,
        "Total Expenses": 1314700000.0,
        "Rent Expense Supplemental": 4900000.0,
        "Total Operating Income As Reported": 175200000.0,
        "Diluted Average Shares": 71500000.0,
        "Basic Average Shares": 70100000.0,
        "Diluted EPS": 1.73,
        "Basic EPS": 1.76,
        "Diluted NI Availto Com Stockholders": 123400000.0,
        "Net Income Common Stockholders": 123400000.0,
        "Net Income": 123400000.0,
        "Net Income Including Noncontrolling Interests": 123400000.0,
        "Net Income Continuous Operations": 123400000.0,
        "Tax Provision": 38800000.0,
        "Pretax Income": 162200000.0,
        "Other Income Expense": -5500000.0,
        "Other Non Operating Income Expenses": -4800000.0,
        "Special Income Charges": -700000.0,
        "Impairment Of Capital Assets": 0.0,
        "Restructuring And Mergern Acquisition": 700000.0,
        "Net Non Operating Interest Income Expense": -8200000.0,
        "Interest Expense Non Operating": 11800000.0,
        "Interest Income Non Operating": 3600000.0,
        "Operating Income": 175900000.0,
        "Operating Expense": 825500000.0,
        "Selling General And Administration": 825500000.0,
        "General And Administrative Expense": 825500000.0,
        "Other Gand A": 820600000.0,
        "Rent And Landing Fees": 4900000.0,
        "Gross Profit": 1001400000.0,
        "Cost Of Revenue": 489200000.0,
        "Total Revenue": 1490600000.0,
        "Operating Revenue": 1490600000.0
    },
    "2023-06-30": {
        "Tax Effect Of Unusual Items": NaN,
        "Tax Rate For Calcs": NaN,
        "Normalized EBITDA": NaN,
        "Total Unusual Items": NaN,
        "Total Unusual Items Excluding Goodwill": NaN,
        "Net Income From Continuing Operation Net Minority Interest": NaN,
        "Reconciled Depreciation": NaN,
        "Reconciled Cost Of Revenue": NaN,
        "EBITDA": NaN,
        "EBIT": NaN,
        "Net Interest Income": NaN,
        "Interest Expense": NaN,
        "Interest Income": NaN,
        "Normalized Income": NaN,
        "Net Income From Continuing And Discontinued Operation": NaN,
        "Total Expenses": NaN,
        "Rent Expense Supplemental": 5100000.0,
        "Total Operating Income As Reported": NaN,
        "Diluted Average Shares": NaN,
        "Basic Average Shares": NaN,
        "Diluted EPS": NaN,
        "Basic EPS": NaN,
        "Diluted NI Availto Com Stockholders": NaN,
        "Net Income Common Stockholders": NaN,
        "Net Income": NaN,
        "Net Income Including Noncontrolling Interests": NaN,
        "Net Income Continuous Operations": NaN,
        "Tax Provision": NaN,
        "Pretax Income": NaN,
        "Other Income Expense": NaN,
        "Other Non Operating Income Expenses": NaN,
        "Special Income Charges": NaN,
        "Restructuring And Mergern Acquisition": NaN,
        "Net Non Operating Interest Income Expense": NaN,
        "Interest Expense Non Operating": NaN,
        "Interest Income Non Operating": NaN,
        "Operating Income": NaN,
        "Operating Expense": NaN,
        "Selling General And Administration": NaN,
        "General And Administrative Expense": 835100000.0,
        "Other Gand A": 830000000.0,
        "Rent And Landing Fees": 5100000.0,
        "Gross Profit": NaN,
        "Cost Of Revenue": NaN,
        "Total Revenue": NaN,
        "Operating Revenue": NaN
    },
    "2023-09-30": {
        "Tax Effect Of Unusual Items": NaN,
        "Tax Rate For Calcs": NaN,
        "Normalized EBITDA": NaN,
        "Total Unusual Items": NaN,
        "Total Unusual Items Excluding Goodwill": NaN,
        "Net Income From Continuing Operation Net Minority Interest": NaN,
        "Reconciled Depreciation": NaN,
        "Reconciled Cost Of Revenue": NaN,
        "EBITDA": NaN,
        "EBIT": NaN,
        "Net Interest Income": NaN,
        "Interest Expense": NaN,
        "Interest Income": NaN,
        "Normalized Income": NaN,
        "Net Income From Continuing And Discontinued Operation": NaN,
        "Total Expenses": NaN,
        "Rent Expense Supplemental": 4500000.0,
        "Total Operating Income As Reported": NaN,
        "Diluted Average Shares": NaN,
        "Basic Average Shares": NaN,
        "Diluted EPS": NaN,
        "Basic EPS": NaN,
        "Diluted NI Availto Com Stockholders": NaN,
        "Net Income Common Stockholders": NaN,
        "Net Income": NaN,
        "Net Income Including Noncontrolling Interests": NaN,
        "Net Income Continuous Operations": NaN,
        "Tax Provision": NaN,
        "Pretax Income": NaN,
        "Other Income Expense": NaN,
        "Other Non Operating Income Expenses": NaN,
        "Special Income Charges": NaN,
        "Restructuring And Mergern Acquisition": NaN,
        "Net Non Operating Interest Income Expense": NaN,
        "Interest Expense Non Operating": NaN,
        "Interest Income Non Operating": NaN,
        "Operating Income": NaN,
        "Operating Expense": NaN,
        "Selling General And Administration": NaN,
        "General And Administrative Expense": 900800000.0,
        "Other Gand A": 896300000.0,
        "Rent And Landing Fees": 4500000.0,
        "Gross Profit": NaN,
        "Cost Of Revenue": NaN,
        "Total Revenue": NaN,
        "Operating Revenue": NaN
    },
    "2023-12-31": {
        "Tax Effect Of Unusual Items": 644000.0,
        "Tax Rate For Calcs": 0.161,
        "Normalized EBITDA": 392600000.0,
        "Total Unusual Items": 4000000.0,
        "Total Unusual Items Excluding Goodwill": 4000000.0,
        "Net Income From Continuing Operation Net Minority Interest": 276600000.0,
        "Reconciled Depreciation": 56200000.0,
        "Reconciled Cost Of Revenue": 648000000.0,
        "EBITDA": 396600000.0,
        "EBIT": 340400000.0,
        "Net Interest Income": 10100000.0,
        "Interest Expense": 10600000.0,
        "Interest Income": 20700000.0,
        "Normalized Income": 273244000.0,
        "Net Income From Continuing And Discontinued Operation": 276600000.0,
        "Total Expenses": 1620300000.0,
        "Rent Expense Supplemental": 4700000.0,
        "Total Operating Income As Reported": 317700000.0,
        "Diluted Average Shares": 66000000.0,
        "Basic Average Shares": 65000000.0,
        "Diluted EPS": 4.19,
        "Basic EPS": 4.25,
        "Diluted NI Availto Com Stockholders": 276600000.0,
        "Net Income Common Stockholders": 276600000.0,
        "Net Income": 276600000.0,
        "Net Income Including Noncontrolling Interests": 276600000.0,
        "Net Income Continuous Operations": 276600000.0,
        "Tax Provision": 53200000.0,
        "Pretax Income": 329800000.0,
        "Other Income Expense": 6000000.0,
        "Other Non Operating Income Expenses": 2000000.0,
        "Special Income Charges": 4000000.0,
        "Restructuring And Mergern Acquisition": -4000000.0,
        "Net Non Operating Interest Income Expense": 10100000.0,
        "Interest Expense Non Operating": 10600000.0,
        "Interest Income Non Operating": 20700000.0,
        "Operating Income": 313700000.0,
        "Operating Expense": 972300000.0,
        "Selling General And Administration": 972300000.0,
        "General And Administrative Expense": 972300000.0,
        "Other Gand A": 967600000.0,
        "Rent And Landing Fees": 4700000.0,
        "Gross Profit": 1286000000.0,
        "Cost Of Revenue": 648000000.0,
        "Total Revenue": 1934000000.0,
        "Operating Revenue": 1934000000.0
    },
    "2024-03-31": {
        "Tax Effect Of Unusual Items": -4570403.587444,
        "Tax Rate For Calcs": 0.186547,
        "Normalized EBITDA": 203600000.0,
        "Total Unusual Items": -24500000.0,
        "Total Unusual Items Excluding Goodwill": -24500000.0,
        "Net Income From Continuing Operation Net Minority Interest": 90700000.0,
        "Reconciled Depreciation": 56000000.0,
        "Reconciled Cost Of Revenue": 524200000.0,
        "EBITDA": 179100000.0,
        "EBIT": 123100000.0,
        "Net Interest Income": 9200000.0,
        "Interest Expense": 11600000.0,
        "Interest Income": 20800000.0,
        "Normalized Income": 110629596.412556,
        "Net Income From Continuing And Discontinued Operation": 90700000.0,
        "Total Expenses": 1435600000.0,
        "Rent Expense Supplemental": 4800000.0,
        "Total Operating Income As Reported": 107800000.0,
        "Diluted Average Shares": 65500000.0,
        "Basic Average Shares": 64300000.0,
        "Diluted EPS": 1.38,
        "Basic EPS": 1.41,
        "Diluted NI Availto Com Stockholders": 90700000.0,
        "Net Income Common Stockholders": 90700000.0,
        "Net Income": 90700000.0,
        "Net Income Including Noncontrolling Interests": 90700000.0,
        "Net Income Continuous Operations": 90700000.0,
        "Tax Provision": 20800000.0,
        "Pretax Income": 111500000.0,
        "Other Income Expense": -30000000.0,
        "Other Non Operating Income Expenses": -5500000.0,
        "Special Income Charges": -24500000.0,
        "Restructuring And Mergern Acquisition": 24500000.0,
        "Net Non Operating Interest Income Expense": 9200000.0,
        "Interest Expense Non Operating": 11600000.0,
        "Interest Income Non Operating": 20800000.0,
        "Operating Income": 132300000.0,
        "Operating Expense": 911400000.0,
        "Selling General And Administration": 911400000.0,
        "General And Administrative Expense": 911400000.0,
        "Other Gand A": 906600000.0,
        "Rent And Landing Fees": 4800000.0,
        "Gross Profit": 1043700000.0,
        "Cost Of Revenue": 524200000.0,
        "Total Revenue": 1567900000.0,
        "Operating Revenue": 1567900000.0
    },
    "2024-06-30": {
        "Tax Effect Of Unusual Items": -1635400.0,
        "Tax Rate For Calcs": 0.221,
        "Normalized EBITDA": 289300000.0,
        "Total Unusual Items": -7400000.0,
        "Total Unusual Items Excluding Goodwill": -7400000.0,
        "Net Income From Continuing Operation Net Minority Interest": 168600000.0,
        "Reconciled Depreciation": 54400000.0,
        "Reconciled Cost Of Revenue": 446400000.0,
        "EBITDA": 281900000.0,
        "EBIT": 227500000.0,
        "Net Interest Income": 9200000.0,
        "Interest Expense": 10900000.0,
        "Interest Income": 20100000.0,
        "Normalized Income": 174364600.0,
        "Net Income From Continuing And Discontinued Operation": 168600000.0,
        "Total Expenses": 1296300000.0,
        "Rent Expense Supplemental": NaN,
        "Total Operating Income As Reported": 208500000.0,
        "Diluted Average Shares": 64600000.0,
        "Basic Average Shares": 63200000.0,
        "Diluted EPS": 2.61,
        "Basic EPS": 2.67,
        "Diluted NI Availto Com Stockholders": 168600000.0,
        "Net Income Common Stockholders": 168600000.0,
        "Net Income": 168600000.0,
        "Net Income Including Noncontrolling Interests": 168600000.0,
        "Net Income Continuous Operations": 168600000.0,
        "Tax Provision": 48000000.0,
        "Pretax Income": 216600000.0,
        "Other Income Expense": -8500000.0,
        "Other Non Operating Income Expenses": -1100000.0,
        "Special Income Charges": -7400000.0,
        "Restructuring And Mergern Acquisition": 7400000.0,
        "Net Non Operating Interest Income Expense": 9200000.0,
        "Interest Expense Non Operating": 10900000.0,
        "Interest Income Non Operating": 20100000.0,
        "Operating Income": 215900000.0,
        "Operating Expense": 849900000.0,
        "Selling General And Administration": 849900000.0,
        "General And Administrative Expense": NaN,
        "Other Gand A": NaN,
        "Rent And Landing Fees": NaN,
        "Gross Profit": 1065800000.0,
        "Cost Of Revenue": 446400000.0,
        "Total Revenue": 1512200000.0,
        "Operating Revenue": 1512200000.0
    },
    "2024-09-30": {
        "Tax Effect Of Unusual Items": -1840400.0,
        "Tax Rate For Calcs": 0.214,
        "Normalized EBITDA": 264000000.0,
        "Total Unusual Items": -8600000.0,
        "Total Unusual Items Excluding Goodwill": -8600000.0,
        "Net Income From Continuing Operation Net Minority Interest": 147900000.0,
        "Reconciled Depreciation": 55900000.0,
        "Reconciled Cost Of Revenue": 570300000.0,
        "EBITDA": 255400000.0,
        "EBIT": 199500000.0,
        "Net Interest Income": 6500000.0,
        "Interest Expense": 11400000.0,
        "Interest Income": 17900000.0,
        "Normalized Income": 154659600.0,
        "Net Income From Continuing And Discontinued Operation": 147900000.0,
        "Total Expenses": 1538500000.0,
        "Rent Expense Supplemental": 9800000.0,
        "Total Operating Income As Reported": 178900000.0,
        "Diluted Average Shares": 63900000.0,
        "Basic Average Shares": 62600000.0,
        "Diluted EPS": 2.31,
        "Basic EPS": 2.36,
        "Diluted NI Availto Com Stockholders": 147900000.0,
        "Net Income Common Stockholders": 147900000.0,
        "Net Income": 147900000.0,
        "Net Income Including Noncontrolling Interests": 147900000.0,
        "Net Income Continuous Operations": 147900000.0,
        "Tax Provision": 40200000.0,
        "Pretax Income": 188100000.0,
        "Other Income Expense": -5900000.0,
        "Other Non Operating Income Expenses": 2700000.0,
        "Special Income Charges": -8600000.0,
        "Restructuring And Mergern Acquisition": 8600000.0,
        "Net Non Operating Interest Income Expense": 6500000.0,
        "Interest Expense Non Operating": 11400000.0,
        "Interest Income Non Operating": 17900000.0,
        "Operating Income": 187500000.0,
        "Operating Expense": 968200000.0,
        "Selling General And Administration": 968200000.0,
        "General And Administrative Expense": 968200000.0,
        "Other Gand A": 958400000.0,
        "Rent And Landing Fees": 9800000.0,
        "Gross Profit": 1155700000.0,
        "Cost Of Revenue": 570300000.0,
        "Total Revenue": 1726000000.0,
        "Operating Revenue": 1726000000.0
    },
    "2024-12-31": {
        "Tax Effect Of Unusual Items": -202500.0,
        "Tax Rate For Calcs": 0.225,
        "Normalized EBITDA": 450500000.0,
        "Total Unusual Items": -900000.0,
        "Total Unusual Items Excluding Goodwill": -900000.0,
        "Net Income From Continuing Operation Net Minority Interest": 297400000.0,
        "Reconciled Depreciation": 54300000.0,
        "Reconciled Cost Of Revenue": 677400000.0,
        "EBITDA": 449600000.0,
        "EBIT": 395300000.0,
        "Net Interest Income": 6200000.0,
        "Interest Expense": 11600000.0,
        "Interest Income": 17800000.0,
        "Normalized Income": 298097500.0,
        "Net Income From Continuing And Discontinued Operation": 297400000.0,
        "Total Expenses": 1752900000.0,
        "Rent Expense Supplemental": 11300000.0,
        "Total Operating Income As Reported": 389700000.0,
        "Diluted Average Shares": 63800000.0,
        "Basic Average Shares": 62500000.0,
        "Diluted EPS": 4.66,
        "Basic EPS": 4.76,
        "Diluted NI Availto Com Stockholders": 297400000.0,
        "Net Income Common Stockholders": 297400000.0,
        "Net Income": 297400000.0,
        "Net Income Including Noncontrolling Interests": 297400000.0,
        "Net Income Continuous Operations": 297400000.0,
        "Tax Provision": 86300000.0,
        "Pretax Income": 383700000.0,
        "Other Income Expense": -13100000.0,
        "Other Non Operating Income Expenses": -12200000.0,
        "Special Income Charges": -900000.0,
        "Restructuring And Mergern Acquisition": 900000.0,
        "Net Non Operating Interest Income Expense": 6200000.0,
        "Interest Expense Non Operating": 11600000.0,
        "Interest Income Non Operating": 17800000.0,
        "Operating Income": 390600000.0,
        "Operating Expense": 1075500000.0,
        "Selling General And Administration": 1075500000.0,
        "General And Administrative Expense": 1075500000.0,
        "Other Gand A": 1064200000.0,
        "Rent And Landing Fees": 11300000.0,
        "Gross Profit": 1466100000.0,
        "Cost Of Revenue": 677400000.0,
        "Total Revenue": 2143500000.0,
        "Operating Revenue": 2143500000.0
    }
}