{
    "2023-03-31": {
        "Tax Effect Of Unusual Items": NaN,
        "Tax Rate For Calcs": NaN,
        "Normalized EBITDA": NaN,
        "Total Unusual Items": NaN,
        "Total Unusual Items Excluding Goodwill": NaN,
        "Net Income From Continuing Operation Net Minority Interest": NaN,
        "Reconciled Depreciation": NaN,
        "EBITDA": NaN,
        "EBIT": NaN,
        "Net Interest Income": NaN,
        "Interest Income": NaN,
        "Normalized Income": NaN,
        "Net Income From Continuing And Discontinued Operation": NaN,
        "Total Expenses": NaN,
        "Total Operating Income As Reported": NaN,
        "Diluted Average Shares": 121320865.0,
        "Basic Average Shares": 121320865.0,
        "Diluted EPS": -0.78,
        "Basic EPS": -0.78,
        "Diluted NI Availto Com Stockholders": NaN,
        "Net Income Common Stockholders": NaN,
        "Net Income": NaN,
        "Net Income Including Noncontrolling Interests": NaN,
        "Net Income Continuous Operations": NaN,
        "Pretax Income": NaN,
        "Other Income Expense": NaN,
        "Other Non Operating Income Expenses": NaN,
        "Special Income Charges": NaN,
        "Restructuring And Mergern Acquisition": NaN,
        "Net Non Operating Interest Income Expense": NaN,
        "Interest Income Non Operating": NaN,
        "Operating Income": NaN,
        "Operating Expense": NaN,
        "Research And Development": NaN,
        "Selling General And Administration": NaN,
        "General And Administrative Expense": NaN,
        "Other Gand A": NaN,
        "Total Revenue": NaN,
        "Operating Revenue": NaN
    },
    "2022-12-31": {
        "Tax Effect Of Unusual Items": NaN,
        "Tax Rate For Calcs": NaN,
        "Normalized EBITDA": NaN,
        "Total Unusual Items": NaN,
        "Total Unusual Items Excluding Goodwill": NaN,
        "Net Income From Continuing Operation Net Minority Interest": NaN,
        "Reconciled Depreciation": NaN,
        "EBITDA": NaN,
        "EBIT": NaN,
        "Net Interest Income": NaN,
        "Interest Income": NaN,
        "Normalized Income": NaN,
        "Net Income From Continuing And Discontinued Operation": NaN,
        "Total Expenses": NaN,
        "Total Operating Income As Reported": NaN,
        "Diluted Average Shares": 120966401.0,
        "Basic Average Shares": 120966401.0,
        "Diluted EPS": -0.56,
        "Basic EPS": -0.56,
        "Diluted NI Availto Com Stockholders": NaN,
        "Net Income Common Stockholders": NaN,
        "Net Income": NaN,
        "Net Income Including Noncontrolling Interests": NaN,
        "Net Income Continuous Operations": NaN,
        "Pretax Income": NaN,
        "Other Income Expense": NaN,
        "Other Non Operating Income Expenses": NaN,
        "Special Income Charges": NaN,
        "Restructuring And Mergern Acquisition": NaN,
        "Net Non Operating Interest Income Expense": NaN,
        "Interest Income Non Operating": NaN,
        "Operating Income": NaN,
        "Operating Expense": NaN,
        "Research And Development": NaN,
        "Selling General And Administration": NaN,
        "General And Administrative Expense": NaN,
        "Other Gand A": NaN,
        "Total Revenue": NaN,
        "Operating Revenue": NaN
    },
    "2022-09-30": {
        "Tax Effect Of Unusual Items": NaN,
        "Tax Rate For Calcs": NaN,
        "Normalized EBITDA": NaN,
        "Total Unusual Items": NaN,
        "Total Unusual Items Excluding Goodwill": NaN,
        "Net Income From Continuing Operation Net Minority Interest": NaN,
        "Reconciled Depreciation": NaN,
        "EBITDA": NaN,
        "EBIT": NaN,
        "Net Interest Income": NaN,
        "Interest Income": NaN,
        "Normalized Income": NaN,
        "Net Income From Continuing And Discontinued Operation": NaN,
        "Total Expenses": NaN,
        "Total Operating Income As Reported": NaN,
        "Diluted Average Shares": NaN,
        "Basic Average Shares": NaN,
        "Diluted EPS": NaN,
        "Basic EPS": NaN,
        "Diluted NI Availto Com Stockholders": NaN,
        "Net Income Common Stockholders": NaN,
        "Net Income": NaN,
        "Net Income Including Noncontrolling Interests": NaN,
        "Net Income Continuous Operations": NaN,
        "Pretax Income": NaN,
        "Other Income Expense": NaN,
        "Other Non Operating Income Expenses": NaN,
        "Special Income Charges": NaN,
        "Restructuring And Mergern Acquisition": NaN,
        "Gain On Sale Of Security": -3262000.0,
        "Net Non Operating Interest Income Expense": NaN,
        "Interest Income Non Operating": NaN,
        "Operating Income": NaN,
        "Operating Expense": NaN,
        "Research And Development": NaN,
        "Selling General And Administration": NaN,
        "General And Administrative Expense": NaN,
        "Other Gand A": NaN,
        "Total Revenue": NaN,
        "Operating Revenue": NaN
    },
    "2022-06-30": {
        "Tax Effect Of Unusual Items": 0.0,
        "Tax Rate For Calcs": 0.0,
        "Normalized EBITDA": -76455000.0,
        "Total Unusual Items": -200000.0,
        "Total Unusual Items Excluding Goodwill": -200000.0,
        "Net Income From Continuing Operation Net Minority Interest": -76788000.0,
        "Reconciled Depreciation": 956000.0,
        "EBITDA": -76655000.0,
        "EBIT": -77611000.0,
        "Net Interest Income": 1005000.0,
        "Interest Income": 1005000.0,
        "Normalized Income": -76588000.0,
        "Net Income From Continuing And Discontinued Operation": -76788000.0,
        "Total Expenses": 77976000.0,
        "Total Operating Income As Reported": -77811000.0,
        "Diluted Average Shares": 108644329.0,
        "Basic Average Shares": 108644329.0,
        "Diluted EPS": -0.71,
        "Basic EPS": -0.71,
        "Diluted NI Availto Com Stockholders": -76788000.0,
        "Net Income Common Stockholders": -76788000.0,
        "Net Income": -76788000.0,
        "Net Income Including Noncontrolling Interests": -76788000.0,
        "Net Income Continuous Operations": -76788000.0,
        "Pretax Income": -76788000.0,
        "Other Income Expense": -182000.0,
        "Other Non Operating Income Expenses": 18000.0,
        "Special Income Charges": 0.0,
        "Restructuring And Mergern Acquisition": 0.0,
        "Gain On Sale Of Security": -200000.0,
        "Net Non Operating Interest Income Expense": 1005000.0,
        "Interest Income Non Operating": 1005000.0,
        "Operating Income": -77611000.0,
        "Operating Expense": 77976000.0,
        "Research And Development": 60511000.0,
        "Selling General And Administration": 17465000.0,
        "General And Administrative Expense": 17465000.0,
        "Other Gand A": 17465000.0,
        "Total Revenue": 365000.0,
        "Operating Revenue": 365000.0
    },
    "2022-03-31": {
        "Diluted EPS": -0.57,
        "Total Revenue": 0,
        "Gross Profit": 0,
        "Operating Income": -63,
        "EBIT": -61,
        "Net Income": -62
    },
    "2021-12-31": {
        "Diluted EPS": -0.59,
        "Total Revenue": 1,
        "Gross Profit": 1,
        "Operating Income": -68,
        "EBIT": -66,
        "Net Income": -67
    },
    "2021-09-30": {
        "Diluted EPS": -0.66,
        "Total Revenue": 1,
        "Gross Profit": 1,
        "Operating Income": -61,
        "EBIT": -59,
        "Net Income": -61
    },
    "2021-06-30": {
        "Diluted EPS": -2.1,
        "Total Revenue": 1,
        "Gross Profit": 1,
        "Operating Income": -194,
        "EBIT": -192,
        "Net Income": -193
    },
    "2021-03-31": {
        "Diluted EPS": -0.47,
        "Total Revenue": 1,
        "Gross Profit": 1,
        "Operating Income": -42,
        "EBIT": -41,
        "Net Income": -42
    },
    "2020-12-31": {
        "Diluted EPS": 9.65,
        "Total Revenue": NaN,
        "Gross Profit": NaN,
        "Operating Income": -48,
        "EBIT": -47,
        "Net Income": 35
    },
    "2020-09-30": {
        "Diluted EPS": -3.0,
        "Total Revenue": NaN,
        "Gross Profit": NaN,
        "Operating Income": -37,
        "EBIT": -36,
        "Net Income": -214
    },
    "2020-06-30": {
        "Diluted EPS": -6.06,
        "Total Revenue": NaN,
        "Gross Profit": NaN,
        "Operating Income": -28,
        "EBIT": -27,
        "Net Income": -27
    },
    "2020-03-31": {
        "Diluted EPS": -5.99,
        "Total Revenue": NaN,
        "Gross Profit": NaN,
        "Operating Income": -26,
        "EBIT": -26,
        "Net Income": -25
    },
    "2019-12-31": {
        "Diluted EPS": 0.0,
        "Total Revenue": NaN,
        "Gross Profit": NaN,
        "Operating Income": NaN,
        "EBIT": NaN,
        "Net Income": NaN
    },
    "2019-09-30": {
        "Diluted EPS": -5.53,
        "Total Revenue": NaN,
        "Gross Profit": NaN,
        "Operating Income": -22,
        "EBIT": -22,
        "Net Income": -20
    },
    "2019-06-30": {
        "Diluted EPS": -5.28,
        "Total Revenue": NaN,
        "Gross Profit": NaN,
        "Operating Income": -20,
        "EBIT": -20,
        "Net Income": -18
    },
    "2023-06-30": {
        "Tax Effect Of Unusual Items": NaN,
        "Tax Rate For Calcs": NaN,
        "Normalized EBITDA": NaN,
        "Total Unusual Items": NaN,
        "Total Unusual Items Excluding Goodwill": NaN,
        "Net Income From Continuing Operation Net Minority Interest": NaN,
        "Reconciled Depreciation": NaN,
        "EBITDA": NaN,
        "EBIT": NaN,
        "Net Interest Income": NaN,
        "Interest Income": NaN,
        "Normalized Income": NaN,
        "Net Income From Continuing And Discontinued Operation": NaN,
        "Total Expenses": NaN,
        "Total Operating Income As Reported": NaN,
        "Diluted Average Shares": 121680844.0,
        "Basic Average Shares": 121680844.0,
        "Diluted EPS": -0.81,
        "Basic EPS": -0.81,
        "Diluted NI Availto Com Stockholders": NaN,
        "Net Income Common Stockholders": NaN,
        "Net Income": NaN,
        "Net Income Including Noncontrolling Interests": NaN,
        "Net Income Continuous Operations": NaN,
        "Pretax Income": NaN,
        "Other Income Expense": NaN,
        "Other Non Operating Income Expenses": NaN,
        "Special Income Charges": NaN,
        "Restructuring And Mergern Acquisition": NaN,
        "Net Non Operating Interest Income Expense": NaN,
        "Interest Income Non Operating": NaN,
        "Operating Income": NaN,
        "Operating Expense": NaN,
        "Research And Development": NaN,
        "Selling General And Administration": NaN,
        "General And Administrative Expense": NaN,
        "Other Gand A": NaN,
        "Total Revenue": NaN,
        "Operating Revenue": NaN
    },
    "2023-09-30": {
        "Tax Effect Of Unusual Items": 0.0,
        "Tax Rate For Calcs": 0.0,
        "Normalized EBITDA": -74614000.0,
        "Total Unusual Items": 1200000.0,
        "Total Unusual Items Excluding Goodwill": 1200000.0,
        "Net Income From Continuing Operation Net Minority Interest": -65734000.0,
        "Reconciled Depreciation": 1363000.0,
        "EBITDA": -73414000.0,
        "EBIT": -74777000.0,
        "Net Interest Income": 7845000.0,
        "Interest Income": 7845000.0,
        "Normalized Income": -66934000.0,
        "Net Income From Continuing And Discontinued Operation": -65734000.0,
        "Total Expenses": 99979000.0,
        "Total Operating Income As Reported": -73577000.0,
        "Diluted Average Shares": 122231255.0,
        "Basic Average Shares": 122231255.0,
        "Diluted EPS": -0.54,
        "Basic EPS": -0.54,
        "Diluted NI Availto Com Stockholders": -65734000.0,
        "Net Income Common Stockholders": -65734000.0,
        "Net Income": -65734000.0,
        "Net Income Including Noncontrolling Interests": -65734000.0,
        "Net Income Continuous Operations": -65734000.0,
        "Pretax Income": -65734000.0,
        "Other Income Expense": 1198000.0,
        "Other Non Operating Income Expenses": -2000.0,
        "Special Income Charges": 1200000.0,
        "Restructuring And Mergern Acquisition": -1200000.0,
        "Net Non Operating Interest Income Expense": 7845000.0,
        "Interest Income Non Operating": 7845000.0,
        "Operating Income": -74777000.0,
        "Operating Expense": 99979000.0,
        "Research And Development": 81494000.0,
        "Selling General And Administration": 18485000.0,
        "General And Administrative Expense": 18485000.0,
        "Other Gand A": 18485000.0,
        "Total Revenue": 25202000.0,
        "Operating Revenue": 25202000.0
    },
    "2023-12-31": {
        "Tax Effect Of Unusual Items": 0.0,
        "Tax Rate For Calcs": 0.0,
        "Normalized EBITDA": -94955000.0,
        "Total Unusual Items": 2067000.0,
        "Total Unusual Items Excluding Goodwill": 2067000.0,
        "Net Income From Continuing Operation Net Minority Interest": -83495000.0,
        "Reconciled Depreciation": 1375000.0,
        "EBITDA": -92888000.0,
        "EBIT": -94263000.0,
        "Net Interest Income": 8700000.0,
        "Interest Income": 8700000.0,
        "Normalized Income": -85562000.0,
        "Net Income From Continuing And Discontinued Operation": -83495000.0,
        "Total Expenses": 94262000.0,
        "Total Operating Income As Reported": -92196000.0,
        "Diluted Average Shares": NaN,
        "Basic Average Shares": NaN,
        "Diluted EPS": NaN,
        "Basic EPS": NaN,
        "Diluted NI Availto Com Stockholders": -83495000.0,
        "Net Income Common Stockholders": -83495000.0,
        "Net Income": -83495000.0,
        "Net Income Including Noncontrolling Interests": -83495000.0,
        "Net Income Continuous Operations": -83495000.0,
        "Pretax Income": -83495000.0,
        "Other Income Expense": 2068000.0,
        "Other Non Operating Income Expenses": 1000.0,
        "Special Income Charges": 2067000.0,
        "Restructuring And Mergern Acquisition": -2067000.0,
        "Net Non Operating Interest Income Expense": 8700000.0,
        "Interest Income Non Operating": 8700000.0,
        "Operating Income": -94263000.0,
        "Operating Expense": 94262000.0,
        "Research And Development": 77496000.0,
        "Selling General And Administration": 16766000.0,
        "General And Administrative Expense": 16766000.0,
        "Other Gand A": 16766000.0,
        "Total Revenue": -1000.0,
        "Operating Revenue": -1000.0
    },
    "2024-03-31": {
        "Tax Effect Of Unusual Items": 0.0,
        "Tax Rate For Calcs": 0.0,
        "Normalized EBITDA": -92632000.0,
        "Total Unusual Items": 1832000.0,
        "Total Unusual Items Excluding Goodwill": 1832000.0,
        "Net Income From Continuing Operation Net Minority Interest": -81387000.0,
        "Reconciled Depreciation": 1395000.0,
        "EBITDA": -90800000.0,
        "EBIT": -92195000.0,
        "Net Interest Income": 8951000.0,
        "Interest Income": 8951000.0,
        "Normalized Income": -83219000.0,
        "Net Income From Continuing And Discontinued Operation": -81387000.0,
        "Total Expenses": 102202000.0,
        "Total Operating Income As Reported": -90363000.0,
        "Diluted Average Shares": 130843013.0,
        "Basic Average Shares": 130843013.0,
        "Diluted EPS": -0.62,
        "Basic EPS": -0.62,
        "Diluted NI Availto Com Stockholders": -81387000.0,
        "Net Income Common Stockholders": -81387000.0,
        "Net Income": -81387000.0,
        "Net Income Including Noncontrolling Interests": -81387000.0,
        "Net Income Continuous Operations": -81387000.0,
        "Pretax Income": -81387000.0,
        "Other Income Expense": 1857000.0,
        "Other Non Operating Income Expenses": 25000.0,
        "Special Income Charges": 1832000.0,
        "Restructuring And Mergern Acquisition": -1832000.0,
        "Net Non Operating Interest Income Expense": 8951000.0,
        "Interest Income Non Operating": 8951000.0,
        "Operating Income": -92195000.0,
        "Operating Expense": 102202000.0,
        "Research And Development": 82403000.0,
        "Selling General And Administration": 19799000.0,
        "General And Administrative Expense": 19799000.0,
        "Other Gand A": 19799000.0,
        "Total Revenue": 10007000.0,
        "Operating Revenue": 10007000.0
    },
    "2024-06-30": {
        "Tax Effect Of Unusual Items": 0.0,
        "Tax Rate For Calcs": 0.0,
        "Normalized EBITDA": -122137000.0,
        "Total Unusual Items": 11374000.0,
        "Total Unusual Items Excluding Goodwill": 11374000.0,
        "Net Income From Continuing Operation Net Minority Interest": -92212000.0,
        "Reconciled Depreciation": 1368000.0,
        "EBITDA": -110763000.0,
        "EBIT": -112131000.0,
        "Net Interest Income": 8547000.0,
        "Interest Income": 8547000.0,
        "Normalized Income": -103586000.0,
        "Net Income From Continuing And Discontinued Operation": -92212000.0,
        "Total Expenses": 112131000.0,
        "Total Operating Income As Reported": -100757000.0,
        "Diluted Average Shares": 132821826.0,
        "Basic Average Shares": 132821826.0,
        "Diluted EPS": -0.69,
        "Basic EPS": -0.69,
        "Diluted NI Availto Com Stockholders": -92212000.0,
        "Net Income Common Stockholders": -92212000.0,
        "Net Income": -92212000.0,
        "Net Income Including Noncontrolling Interests": -92212000.0,
        "Net Income Continuous Operations": -92212000.0,
        "Pretax Income": -92212000.0,
        "Other Income Expense": 11372000.0,
        "Other Non Operating Income Expenses": -2000.0,
        "Special Income Charges": 11374000.0,
        "Restructuring And Mergern Acquisition": -11374000.0,
        "Net Non Operating Interest Income Expense": 8547000.0,
        "Interest Income Non Operating": 8547000.0,
        "Operating Income": -112131000.0,
        "Operating Expense": 112131000.0,
        "Research And Development": 91992000.0,
        "Selling General And Administration": 20139000.0,
        "General And Administrative Expense": 20139000.0,
        "Other Gand A": 20139000.0,
        "Total Revenue": 0.0,
        "Operating Revenue": 0.0
    },
    "2024-09-30": {
        "Tax Effect Of Unusual Items": 0.0,
        "Tax Rate For Calcs": 0.0,
        "Normalized EBITDA": -95002000.0,
        "Total Unusual Items": 0.0,
        "Total Unusual Items Excluding Goodwill": 0.0,
        "Net Income From Continuing Operation Net Minority Interest": -88105000.0,
        "Reconciled Depreciation": 1367000.0,
        "EBITDA": -95002000.0,
        "EBIT": -96369000.0,
        "Net Interest Income": 8274000.0,
        "Interest Income": 8274000.0,
        "Normalized Income": -88105000.0,
        "Net Income From Continuing And Discontinued Operation": -88105000.0,
        "Total Expenses": 96369000.0,
        "Total Operating Income As Reported": -96369000.0,
        "Diluted Average Shares": 140229056.0,
        "Basic Average Shares": 140229056.0,
        "Diluted EPS": -0.63,
        "Basic EPS": -0.63,
        "Diluted NI Availto Com Stockholders": -88105000.0,
        "Net Income Common Stockholders": -88105000.0,
        "Net Income": -88105000.0,
        "Net Income Including Noncontrolling Interests": -88105000.0,
        "Net Income Continuous Operations": -88105000.0,
        "Pretax Income": -88105000.0,
        "Other Income Expense": -10000.0,
        "Other Non Operating Income Expenses": -10000.0,
        "Special Income Charges": 0.0,
        "Restructuring And Mergern Acquisition": 0.0,
        "Net Non Operating Interest Income Expense": 8274000.0,
        "Interest Income Non Operating": 8274000.0,
        "Operating Income": -96369000.0,
        "Operating Expense": 96369000.0,
        "Research And Development": 76619000.0,
        "Selling General And Administration": 19750000.0,
        "General And Administrative Expense": 19750000.0,
        "Other Gand A": 19750000.0,
        "Total Revenue": 0.0,
        "Operating Revenue": 0.0
    }
}