{
    "2023-03-31": {
        "Tax Effect Of Unusual Items": NaN,
        "Tax Rate For Calcs": NaN,
        "Normalized EBITDA": NaN,
        "Net Income From Continuing Operation Net Minority Interest": NaN,
        "Reconciled Depreciation": NaN,
        "EBITDA": NaN,
        "EBIT": NaN,
        "Net Interest Income": NaN,
        "Interest Income": NaN,
        "Normalized Income": NaN,
        "Net Income From Continuing And Discontinued Operation": NaN,
        "Total Expenses": NaN,
        "Total Operating Income As Reported": NaN,
        "Diluted Average Shares": 40773615.0,
        "Basic Average Shares": 40773615.0,
        "Diluted EPS": -0.43,
        "Basic EPS": -0.43,
        "Diluted NI Availto Com Stockholders": NaN,
        "Net Income Common Stockholders": NaN,
        "Net Income": NaN,
        "Net Income Including Noncontrolling Interests": NaN,
        "Net Income Continuous Operations": NaN,
        "Earnings From Equity Interest Net Of Tax": -563000.0,
        "Pretax Income": NaN,
        "Other Income Expense": NaN,
        "Other Non Operating Income Expenses": NaN,
        "Earnings From Equity Interest": NaN,
        "Net Non Operating Interest Income Expense": NaN,
        "Interest Income Non Operating": NaN,
        "Operating Income": NaN,
        "Operating Expense": NaN,
        "Research And Development": NaN,
        "Selling General And Administration": NaN,
        "General And Administrative Expense": NaN,
        "Other Gand A": NaN,
        "Total Revenue": NaN,
        "Operating Revenue": NaN
    },
    "2022-12-31": {
        "Tax Effect Of Unusual Items": NaN,
        "Tax Rate For Calcs": NaN,
        "Normalized EBITDA": NaN,
        "Net Income From Continuing Operation Net Minority Interest": NaN,
        "Reconciled Depreciation": NaN,
        "EBITDA": NaN,
        "EBIT": NaN,
        "Net Interest Income": NaN,
        "Interest Expense": 0.0,
        "Interest Income": NaN,
        "Normalized Income": NaN,
        "Net Income From Continuing And Discontinued Operation": NaN,
        "Total Expenses": NaN,
        "Total Operating Income As Reported": NaN,
        "Diluted Average Shares": NaN,
        "Basic Average Shares": NaN,
        "Diluted EPS": NaN,
        "Basic EPS": NaN,
        "Diluted NI Availto Com Stockholders": NaN,
        "Net Income Common Stockholders": NaN,
        "Net Income": NaN,
        "Net Income Including Noncontrolling Interests": NaN,
        "Net Income Continuous Operations": NaN,
        "Earnings From Equity Interest Net Of Tax": -214000.0,
        "Pretax Income": NaN,
        "Other Income Expense": NaN,
        "Other Non Operating Income Expenses": NaN,
        "Earnings From Equity Interest": NaN,
        "Net Non Operating Interest Income Expense": NaN,
        "Interest Expense Non Operating": 0.0,
        "Interest Income Non Operating": NaN,
        "Operating Income": NaN,
        "Operating Expense": NaN,
        "Research And Development": NaN,
        "Selling General And Administration": NaN,
        "General And Administrative Expense": NaN,
        "Other Gand A": NaN,
        "Total Revenue": NaN,
        "Operating Revenue": NaN
    },
    "2022-09-30": {
        "Tax Effect Of Unusual Items": NaN,
        "Tax Rate For Calcs": NaN,
        "Normalized EBITDA": NaN,
        "Net Income From Continuing Operation Net Minority Interest": NaN,
        "Reconciled Depreciation": NaN,
        "EBITDA": NaN,
        "EBIT": NaN,
        "Net Interest Income": NaN,
        "Interest Expense": 0.0,
        "Interest Income": NaN,
        "Normalized Income": NaN,
        "Net Income From Continuing And Discontinued Operation": NaN,
        "Total Expenses": NaN,
        "Total Operating Income As Reported": NaN,
        "Diluted Average Shares": NaN,
        "Basic Average Shares": NaN,
        "Diluted EPS": NaN,
        "Basic EPS": NaN,
        "Diluted NI Availto Com Stockholders": NaN,
        "Net Income Common Stockholders": NaN,
        "Net Income": NaN,
        "Net Income Including Noncontrolling Interests": NaN,
        "Net Income Continuous Operations": NaN,
        "Earnings From Equity Interest Net Of Tax": -133000.0,
        "Pretax Income": NaN,
        "Other Income Expense": NaN,
        "Other Non Operating Income Expenses": NaN,
        "Earnings From Equity Interest": -133000.0,
        "Net Non Operating Interest Income Expense": NaN,
        "Interest Expense Non Operating": 0.0,
        "Interest Income Non Operating": NaN,
        "Operating Income": NaN,
        "Operating Expense": NaN,
        "Research And Development": NaN,
        "Selling General And Administration": NaN,
        "General And Administrative Expense": NaN,
        "Other Gand A": NaN,
        "Total Revenue": NaN,
        "Operating Revenue": NaN
    },
    "2022-06-30": {
        "Tax Effect Of Unusual Items": 0.0,
        "Tax Rate For Calcs": 0.0,
        "Normalized EBITDA": -17245000.0,
        "Net Income From Continuing Operation Net Minority Interest": -17583000.0,
        "Reconciled Depreciation": 44000.0,
        "EBITDA": -17245000.0,
        "EBIT": -17245000.0,
        "Net Interest Income": 270000.0,
        "Interest Expense": 0.0,
        "Interest Income": 270000.0,
        "Normalized Income": -17583000.0,
        "Net Income From Continuing And Discontinued Operation": -17583000.0,
        "Total Expenses": 17615000.0,
        "Total Operating Income As Reported": -17615000.0,
        "Diluted Average Shares": 30588931.0,
        "Basic Average Shares": 30588931.0,
        "Diluted EPS": -0.574816,
        "Basic EPS": -0.57,
        "Diluted NI Availto Com Stockholders": -17583000.0,
        "Net Income Common Stockholders": -17583000.0,
        "Net Income": -17583000.0,
        "Net Income Including Noncontrolling Interests": -17583000.0,
        "Net Income Continuous Operations": -17583000.0,
        "Earnings From Equity Interest Net Of Tax": -338000.0,
        "Pretax Income": -17245000.0,
        "Other Income Expense": 100000.0,
        "Other Non Operating Income Expenses": 100000.0,
        "Net Non Operating Interest Income Expense": 270000.0,
        "Interest Expense Non Operating": 0.0,
        "Interest Income Non Operating": 270000.0,
        "Operating Income": -17615000.0,
        "Operating Expense": 17615000.0,
        "Research And Development": 10138000.0,
        "Selling General And Administration": 7477000.0,
        "General And Administrative Expense": 7477000.0,
        "Other Gand A": 7477000.0,
        "Total Revenue": 0.0,
        "Operating Revenue": 0.0
    },
    "2022-03-31": {
        "Diluted EPS": -0.48,
        "Total Revenue": NaN,
        "Gross Profit": NaN,
        "Operating Income": -14,
        "EBIT": -14,
        "Net Income": -14
    },
    "2021-12-31": {
        "Diluted EPS": -0.38,
        "Total Revenue": NaN,
        "Gross Profit": NaN,
        "Operating Income": -12,
        "EBIT": -12,
        "Net Income": -12
    },
    "2021-09-30": {
        "Diluted EPS": -0.37,
        "Total Revenue": NaN,
        "Gross Profit": NaN,
        "Operating Income": -10,
        "EBIT": -10,
        "Net Income": -10
    },
    "2021-06-30": {
        "Diluted EPS": -0.49,
        "Total Revenue": NaN,
        "Gross Profit": NaN,
        "Operating Income": -11,
        "EBIT": -11,
        "Net Income": -11
    },
    "2021-03-31": {
        "Diluted EPS": -0.6,
        "Total Revenue": NaN,
        "Gross Profit": NaN,
        "Operating Income": -13,
        "EBIT": -13,
        "Net Income": -13
    },
    "2020-12-31": {
        "Diluted EPS": 0.0,
        "Total Revenue": NaN,
        "Gross Profit": NaN,
        "Operating Income": NaN,
        "EBIT": NaN,
        "Net Income": NaN
    },
    "2020-09-30": {
        "Diluted EPS": -0.32,
        "Total Revenue": NaN,
        "Gross Profit": NaN,
        "Operating Income": -7,
        "EBIT": -7,
        "Net Income": -7
    },
    "2020-06-30": {
        "Diluted EPS": -1.85,
        "Total Revenue": NaN,
        "Gross Profit": NaN,
        "Operating Income": -5,
        "EBIT": -5,
        "Net Income": -5
    },
    "2023-06-30": {
        "Tax Effect Of Unusual Items": 0.0,
        "Tax Rate For Calcs": 0.0,
        "Normalized EBITDA": -20045000.0,
        "Net Income From Continuing Operation Net Minority Interest": -18630000.0,
        "Reconciled Depreciation": 38000.0,
        "EBITDA": -20045000.0,
        "EBIT": -20083000.0,
        "Net Interest Income": 1608000.0,
        "Interest Income": 1608000.0,
        "Normalized Income": -18630000.0,
        "Net Income From Continuing And Discontinued Operation": -18630000.0,
        "Total Expenses": 20083000.0,
        "Total Operating Income As Reported": -20083000.0,
        "Diluted Average Shares": 40363902.0,
        "Basic Average Shares": 40363902.0,
        "Diluted EPS": -0.46,
        "Basic EPS": -0.46,
        "Diluted NI Availto Com Stockholders": -18630000.0,
        "Net Income Common Stockholders": -18630000.0,
        "Net Income": -18630000.0,
        "Net Income Including Noncontrolling Interests": -18630000.0,
        "Net Income Continuous Operations": -18630000.0,
        "Earnings From Equity Interest Net Of Tax": -217000.0,
        "Pretax Income": -18630000.0,
        "Other Income Expense": -155000.0,
        "Other Non Operating Income Expenses": 62000.0,
        "Earnings From Equity Interest": -217000.0,
        "Net Non Operating Interest Income Expense": 1608000.0,
        "Interest Income Non Operating": 1608000.0,
        "Operating Income": -20083000.0,
        "Operating Expense": 20083000.0,
        "Research And Development": 13130000.0,
        "Selling General And Administration": 6953000.0,
        "General And Administrative Expense": 6953000.0,
        "Other Gand A": 6953000.0,
        "Total Revenue": 0.0,
        "Operating Revenue": 0.0
    },
    "2023-09-30": {
        "Tax Effect Of Unusual Items": 0.0,
        "Tax Rate For Calcs": 0.0,
        "Normalized EBITDA": -19326000.0,
        "Net Income From Continuing Operation Net Minority Interest": -18374000.0,
        "Reconciled Depreciation": 37000.0,
        "EBITDA": -19326000.0,
        "EBIT": -19363000.0,
        "Net Interest Income": 1545000.0,
        "Interest Income": 1545000.0,
        "Normalized Income": -18374000.0,
        "Net Income From Continuing And Discontinued Operation": -18374000.0,
        "Total Expenses": 19363000.0,
        "Total Operating Income As Reported": -19363000.0,
        "Diluted Average Shares": 40531497.0,
        "Basic Average Shares": 40531497.0,
        "Diluted EPS": -0.45,
        "Basic EPS": -0.45,
        "Diluted NI Availto Com Stockholders": -18374000.0,
        "Net Income Common Stockholders": -18374000.0,
        "Net Income": -18374000.0,
        "Net Income Including Noncontrolling Interests": -18374000.0,
        "Net Income Continuous Operations": -18374000.0,
        "Earnings From Equity Interest Net Of Tax": NaN,
        "Pretax Income": -18374000.0,
        "Other Income Expense": -556000.0,
        "Other Non Operating Income Expenses": 92000.0,
        "Earnings From Equity Interest": -648000.0,
        "Net Non Operating Interest Income Expense": 1545000.0,
        "Interest Income Non Operating": 1545000.0,
        "Operating Income": -19363000.0,
        "Operating Expense": 19363000.0,
        "Research And Development": 13288000.0,
        "Selling General And Administration": 6075000.0,
        "General And Administrative Expense": 6075000.0,
        "Other Gand A": 6075000.0,
        "Total Revenue": 0.0,
        "Operating Revenue": 0.0
    },
    "2023-12-31": {
        "Tax Effect Of Unusual Items": 0.0,
        "Tax Rate For Calcs": 0.0,
        "Normalized EBITDA": -21076000.0,
        "Net Income From Continuing Operation Net Minority Interest": -20242000.0,
        "Reconciled Depreciation": 36000.0,
        "EBITDA": -21076000.0,
        "EBIT": -21112000.0,
        "Net Interest Income": 1448000.0,
        "Interest Income": 1448000.0,
        "Normalized Income": -20242000.0,
        "Net Income From Continuing And Discontinued Operation": -20242000.0,
        "Total Expenses": 21112000.0,
        "Total Operating Income As Reported": -21112000.0,
        "Diluted Average Shares": NaN,
        "Basic Average Shares": NaN,
        "Diluted EPS": NaN,
        "Basic EPS": NaN,
        "Diluted NI Availto Com Stockholders": -20242000.0,
        "Net Income Common Stockholders": -20242000.0,
        "Net Income": -20242000.0,
        "Net Income Including Noncontrolling Interests": -20242000.0,
        "Net Income Continuous Operations": -20242000.0,
        "Earnings From Equity Interest Net Of Tax": NaN,
        "Pretax Income": -20242000.0,
        "Other Income Expense": -578000.0,
        "Other Non Operating Income Expenses": 35000.0,
        "Earnings From Equity Interest": -613000.0,
        "Net Non Operating Interest Income Expense": 1448000.0,
        "Interest Income Non Operating": 1448000.0,
        "Operating Income": -21112000.0,
        "Operating Expense": 21112000.0,
        "Research And Development": 15924000.0,
        "Selling General And Administration": 5188000.0,
        "General And Administrative Expense": 5188000.0,
        "Other Gand A": 5188000.0,
        "Total Revenue": 0.0,
        "Operating Revenue": 0.0
    },
    "2024-03-31": {
        "Tax Effect Of Unusual Items": 0.0,
        "Tax Rate For Calcs": 0.0,
        "Normalized EBITDA": -19752000.0,
        "Net Income From Continuing Operation Net Minority Interest": -19029000.0,
        "Reconciled Depreciation": 35000.0,
        "EBITDA": -19752000.0,
        "EBIT": -19787000.0,
        "Net Interest Income": 1276000.0,
        "Interest Income": 1276000.0,
        "Normalized Income": -19029000.0,
        "Net Income From Continuing And Discontinued Operation": -19029000.0,
        "Total Expenses": 19787000.0,
        "Total Operating Income As Reported": -19787000.0,
        "Diluted Average Shares": 40773615.0,
        "Basic Average Shares": 40773615.0,
        "Diluted EPS": -0.47,
        "Basic EPS": -0.47,
        "Diluted NI Availto Com Stockholders": -19029000.0,
        "Net Income Common Stockholders": -19029000.0,
        "Net Income": -19029000.0,
        "Net Income Including Noncontrolling Interests": -19029000.0,
        "Net Income Continuous Operations": -19029000.0,
        "Earnings From Equity Interest Net Of Tax": NaN,
        "Pretax Income": -19029000.0,
        "Other Income Expense": -518000.0,
        "Other Non Operating Income Expenses": 167000.0,
        "Earnings From Equity Interest": -685000.0,
        "Net Non Operating Interest Income Expense": 1276000.0,
        "Interest Income Non Operating": 1276000.0,
        "Operating Income": -19787000.0,
        "Operating Expense": 19787000.0,
        "Research And Development": 12936000.0,
        "Selling General And Administration": 6851000.0,
        "General And Administrative Expense": 6851000.0,
        "Other Gand A": 6851000.0,
        "Total Revenue": 0.0,
        "Operating Revenue": 0.0
    },
    "2024-06-30": {
        "Tax Effect Of Unusual Items": 0.0,
        "Tax Rate For Calcs": 0.0,
        "Normalized EBITDA": -17001000.0,
        "Net Income From Continuing Operation Net Minority Interest": -16236000.0,
        "Reconciled Depreciation": 34000.0,
        "EBITDA": -17001000.0,
        "EBIT": -17035000.0,
        "Net Interest Income": 1143000.0,
        "Interest Income": 1143000.0,
        "Normalized Income": -16236000.0,
        "Net Income From Continuing And Discontinued Operation": -16236000.0,
        "Total Expenses": 17334000.0,
        "Total Operating Income As Reported": -17035000.0,
        "Diluted Average Shares": 44128059.0,
        "Basic Average Shares": 44128059.0,
        "Diluted EPS": -0.37,
        "Basic EPS": -0.37,
        "Diluted NI Availto Com Stockholders": -16236000.0,
        "Net Income Common Stockholders": -16236000.0,
        "Net Income": -16236000.0,
        "Net Income Including Noncontrolling Interests": -16236000.0,
        "Net Income Continuous Operations": -16236000.0,
        "Earnings From Equity Interest Net Of Tax": NaN,
        "Pretax Income": -16236000.0,
        "Other Income Expense": -344000.0,
        "Other Non Operating Income Expenses": 143000.0,
        "Earnings From Equity Interest": -487000.0,
        "Net Non Operating Interest Income Expense": 1143000.0,
        "Interest Income Non Operating": 1143000.0,
        "Operating Income": -17035000.0,
        "Operating Expense": 17334000.0,
        "Research And Development": 12946000.0,
        "Selling General And Administration": 4388000.0,
        "General And Administrative Expense": 4388000.0,
        "Other Gand A": 4388000.0,
        "Total Revenue": 299000.0,
        "Operating Revenue": 299000.0
    }
}