{
    "2023-06-30": {
        "Tax Effect Of Unusual Items": 0.0,
        "Tax Rate For Calcs": 0.0,
        "Normalized EBITDA": -18217000.0,
        "Total Unusual Items": 7758000.0,
        "Total Unusual Items Excluding Goodwill": 7758000.0,
        "Net Income From Continuing Operation Net Minority Interest": -11387000.0,
        "Reconciled Depreciation": 176000.0,
        "EBITDA": -10459000.0,
        "EBIT": -10635000.0,
        "Net Interest Income": -752000.0,
        "Interest Expense": 752000.0,
        "Normalized Income": -19145000.0,
        "Net Income From Continuing And Discontinued Operation": -11387000.0,
        "Total Expenses": 23887000.0,
        "Total Operating Income As Reported": -18638000.0,
        "Diluted Average Shares": 5114747.0,
        "Basic Average Shares": 5114747.0,
        "Diluted EPS": -2.23,
        "Basic EPS": -2.23,
        "Diluted NI Availto Com Stockholders": -11387000.0,
        "Net Income Common Stockholders": -11387000.0,
        "Otherunder Preferred Stock Dividend": 0.0,
        "Net Income": -11387000.0,
        "Net Income Including Noncontrolling Interests": -11387000.0,
        "Net Income Continuous Operations": -11387000.0,
        "Tax Provision": NaN,
        "Pretax Income": -11387000.0,
        "Other Income Expense": 8003000.0,
        "Other Non Operating Income Expenses": 245000.0,
        "Special Income Charges": 0.0,
        "Restructuring And Mergern Acquisition": 0.0,
        "Gain On Sale Of Security": 7758000.0,
        "Net Non Operating Interest Income Expense": -752000.0,
        "Interest Expense Non Operating": 752000.0,
        "Operating Income": -18638000.0,
        "Operating Expense": 23887000.0,
        "Research And Development": 17782000.0,
        "Selling General And Administration": 6105000.0,
        "General And Administrative Expense": 6105000.0,
        "Other Gand A": 6105000.0,
        "Total Revenue": 5249000.0,
        "Operating Revenue": 5249000.0
    },
    "2023-03-31": {
        "Tax Effect Of Unusual Items": NaN,
        "Tax Rate For Calcs": NaN,
        "Normalized EBITDA": NaN,
        "Total Unusual Items": NaN,
        "Total Unusual Items Excluding Goodwill": NaN,
        "Net Income From Continuing Operation Net Minority Interest": NaN,
        "Reconciled Depreciation": NaN,
        "EBITDA": NaN,
        "EBIT": NaN,
        "Net Interest Income": NaN,
        "Interest Expense": NaN,
        "Normalized Income": NaN,
        "Net Income From Continuing And Discontinued Operation": NaN,
        "Total Expenses": NaN,
        "Total Operating Income As Reported": NaN,
        "Diluted Average Shares": 5111518.0,
        "Basic Average Shares": 5111518.0,
        "Diluted EPS": -4.23999,
        "Basic EPS": -4.23999,
        "Diluted NI Availto Com Stockholders": NaN,
        "Net Income Common Stockholders": NaN,
        "Otherunder Preferred Stock Dividend": NaN,
        "Net Income": NaN,
        "Net Income Including Noncontrolling Interests": NaN,
        "Net Income Continuous Operations": NaN,
        "Tax Provision": NaN,
        "Pretax Income": NaN,
        "Other Income Expense": NaN,
        "Other Non Operating Income Expenses": NaN,
        "Special Income Charges": 0.0,
        "Restructuring And Mergern Acquisition": 0.0,
        "Gain On Sale Of Security": NaN,
        "Net Non Operating Interest Income Expense": NaN,
        "Interest Expense Non Operating": NaN,
        "Operating Income": NaN,
        "Operating Expense": NaN,
        "Research And Development": NaN,
        "Selling General And Administration": NaN,
        "General And Administrative Expense": NaN,
        "Other Gand A": NaN,
        "Total Revenue": NaN,
        "Operating Revenue": NaN
    },
    "2022-12-31": {
        "Tax Effect Of Unusual Items": NaN,
        "Tax Rate For Calcs": NaN,
        "Normalized EBITDA": NaN,
        "Total Unusual Items": NaN,
        "Total Unusual Items Excluding Goodwill": NaN,
        "Net Income From Continuing Operation Net Minority Interest": NaN,
        "Reconciled Depreciation": NaN,
        "EBITDA": NaN,
        "EBIT": NaN,
        "Net Interest Income": NaN,
        "Interest Expense": NaN,
        "Normalized Income": NaN,
        "Net Income From Continuing And Discontinued Operation": NaN,
        "Total Expenses": NaN,
        "Total Operating Income As Reported": NaN,
        "Diluted Average Shares": NaN,
        "Basic Average Shares": NaN,
        "Diluted EPS": NaN,
        "Basic EPS": NaN,
        "Diluted NI Availto Com Stockholders": NaN,
        "Net Income Common Stockholders": NaN,
        "Otherunder Preferred Stock Dividend": NaN,
        "Net Income": NaN,
        "Net Income Including Noncontrolling Interests": NaN,
        "Net Income Continuous Operations": NaN,
        "Tax Provision": -288000.0,
        "Pretax Income": NaN,
        "Other Income Expense": NaN,
        "Other Non Operating Income Expenses": NaN,
        "Special Income Charges": NaN,
        "Restructuring And Mergern Acquisition": NaN,
        "Gain On Sale Of Security": NaN,
        "Net Non Operating Interest Income Expense": NaN,
        "Interest Expense Non Operating": NaN,
        "Operating Income": NaN,
        "Operating Expense": NaN,
        "Research And Development": NaN,
        "Selling General And Administration": NaN,
        "General And Administrative Expense": NaN,
        "Other Gand A": NaN,
        "Total Revenue": NaN,
        "Operating Revenue": NaN
    },
    "2022-09-30": {
        "Tax Effect Of Unusual Items": NaN,
        "Tax Rate For Calcs": NaN,
        "Normalized EBITDA": NaN,
        "Total Unusual Items": NaN,
        "Total Unusual Items Excluding Goodwill": NaN,
        "Net Income From Continuing Operation Net Minority Interest": NaN,
        "Reconciled Depreciation": NaN,
        "EBITDA": NaN,
        "EBIT": NaN,
        "Net Interest Income": NaN,
        "Interest Expense": NaN,
        "Normalized Income": NaN,
        "Net Income From Continuing And Discontinued Operation": NaN,
        "Total Expenses": NaN,
        "Total Operating Income As Reported": NaN,
        "Diluted Average Shares": 5094999.0,
        "Basic Average Shares": 5094999.0,
        "Diluted EPS": -1.5,
        "Basic EPS": -1.5,
        "Diluted NI Availto Com Stockholders": NaN,
        "Net Income Common Stockholders": NaN,
        "Net Income": NaN,
        "Net Income Including Noncontrolling Interests": NaN,
        "Net Income Continuous Operations": NaN,
        "Tax Provision": -321000.0,
        "Pretax Income": NaN,
        "Other Income Expense": NaN,
        "Other Non Operating Income Expenses": NaN,
        "Special Income Charges": NaN,
        "Restructuring And Mergern Acquisition": NaN,
        "Gain On Sale Of Security": NaN,
        "Net Non Operating Interest Income Expense": NaN,
        "Interest Expense Non Operating": NaN,
        "Operating Income": NaN,
        "Operating Expense": NaN,
        "Research And Development": NaN,
        "Selling General And Administration": NaN,
        "General And Administrative Expense": NaN,
        "Other Gand A": NaN,
        "Total Revenue": NaN,
        "Operating Revenue": NaN
    },
    "2023-09-30": {
        "Tax Effect Of Unusual Items": 0.0,
        "Tax Rate For Calcs": 0.0,
        "Normalized EBITDA": -12623000.0,
        "Total Unusual Items": 5083000.0,
        "Total Unusual Items Excluding Goodwill": 5083000.0,
        "Net Income From Continuing Operation Net Minority Interest": -9002000.0,
        "Reconciled Depreciation": 189000.0,
        "EBITDA": -7540000.0,
        "EBIT": -7729000.0,
        "Net Interest Income": -1273000.0,
        "Interest Expense": 1273000.0,
        "Normalized Income": -14085000.0,
        "Net Income From Continuing And Discontinued Operation": -9002000.0,
        "Total Expenses": 19616000.0,
        "Total Operating Income As Reported": -13065000.0,
        "Diluted Average Shares": 5160150.0,
        "Basic Average Shares": 5160150.0,
        "Diluted EPS": -1.8,
        "Basic EPS": -1.8,
        "Diluted NI Availto Com Stockholders": -9002000.0,
        "Net Income Common Stockholders": -9002000.0,
        "Otherunder Preferred Stock Dividend": NaN,
        "Net Income": -9002000.0,
        "Net Income Including Noncontrolling Interests": -9002000.0,
        "Net Income Continuous Operations": -9002000.0,
        "Tax Provision": 0.0,
        "Pretax Income": -9002000.0,
        "Other Income Expense": 5336000.0,
        "Other Non Operating Income Expenses": 253000.0,
        "Special Income Charges": NaN,
        "Restructuring And Mergern Acquisition": NaN,
        "Gain On Sale Of Security": 5083000.0,
        "Net Non Operating Interest Income Expense": -1273000.0,
        "Interest Expense Non Operating": 1273000.0,
        "Operating Income": -13065000.0,
        "Operating Expense": 19616000.0,
        "Research And Development": 13002000.0,
        "Selling General And Administration": 6614000.0,
        "General And Administrative Expense": 6614000.0,
        "Other Gand A": 6614000.0,
        "Total Revenue": 6551000.0,
        "Operating Revenue": 6551000.0
    },
    "2023-12-31": {
        "Tax Effect Of Unusual Items": -15483814.54098,
        "Tax Rate For Calcs": 0.096614,
        "Normalized EBITDA": -36122000.0,
        "Total Unusual Items": -160264000.0,
        "Total Unusual Items Excluding Goodwill": -160264000.0,
        "Net Income From Continuing Operation Net Minority Interest": -177658000.0,
        "Reconciled Depreciation": 272000.0,
        "EBITDA": -196386000.0,
        "EBIT": -196658000.0,
        "Net Interest Income": 0.0,
        "Interest Expense": 0.0,
        "Normalized Income": -32877814.54098,
        "Net Income From Continuing And Discontinued Operation": -177658000.0,
        "Total Expenses": 44598000.0,
        "Total Operating Income As Reported": -36332000.0,
        "Diluted Average Shares": NaN,
        "Basic Average Shares": NaN,
        "Diluted EPS": NaN,
        "Basic EPS": NaN,
        "Diluted NI Availto Com Stockholders": -177658000.0,
        "Net Income Common Stockholders": -177658000.0,
        "Otherunder Preferred Stock Dividend": NaN,
        "Net Income": -177658000.0,
        "Net Income Including Noncontrolling Interests": -177658000.0,
        "Net Income Continuous Operations": -177658000.0,
        "Tax Provision": -19000000.0,
        "Pretax Income": -196658000.0,
        "Other Income Expense": -160326000.0,
        "Other Non Operating Income Expenses": -62000.0,
        "Special Income Charges": NaN,
        "Restructuring And Mergern Acquisition": NaN,
        "Gain On Sale Of Security": -141964000.0,
        "Net Non Operating Interest Income Expense": 0.0,
        "Interest Expense Non Operating": 0.0,
        "Operating Income": -36332000.0,
        "Operating Expense": 44598000.0,
        "Research And Development": 22431000.0,
        "Selling General And Administration": 22167000.0,
        "General And Administrative Expense": 22167000.0,
        "Other Gand A": 22167000.0,
        "Total Revenue": 8266000.0,
        "Operating Revenue": 8266000.0
    },
    "2024-03-31": {
        "Tax Effect Of Unusual Items": 0.0,
        "Tax Rate For Calcs": 0.0,
        "Normalized EBITDA": -12657000.0,
        "Total Unusual Items": -43984000.0,
        "Total Unusual Items Excluding Goodwill": -43984000.0,
        "Net Income From Continuing Operation Net Minority Interest": -56824000.0,
        "Reconciled Depreciation": 183000.0,
        "EBITDA": -56641000.0,
        "EBIT": -56824000.0,
        "Net Interest Income": 0.0,
        "Interest Expense": 0.0,
        "Normalized Income": -12840000.0,
        "Net Income From Continuing And Discontinued Operation": -56824000.0,
        "Total Expenses": 19188000.0,
        "Total Operating Income As Reported": -13348000.0,
        "Diluted Average Shares": 5414020.0,
        "Basic Average Shares": 5414020.0,
        "Diluted EPS": -10.5,
        "Basic EPS": -10.5,
        "Diluted NI Availto Com Stockholders": -56824000.0,
        "Net Income Common Stockholders": -56824000.0,
        "Otherunder Preferred Stock Dividend": NaN,
        "Net Income": -56824000.0,
        "Net Income Including Noncontrolling Interests": -56824000.0,
        "Net Income Continuous Operations": -56824000.0,
        "Tax Provision": NaN,
        "Pretax Income": -56824000.0,
        "Other Income Expense": -43476000.0,
        "Other Non Operating Income Expenses": 508000.0,
        "Special Income Charges": -39300000.0,
        "Restructuring And Mergern Acquisition": 39300000.0,
        "Gain On Sale Of Security": -4684000.0,
        "Net Non Operating Interest Income Expense": 0.0,
        "Interest Expense Non Operating": 0.0,
        "Operating Income": -13348000.0,
        "Operating Expense": 19188000.0,
        "Research And Development": 9738000.0,
        "Selling General And Administration": 9450000.0,
        "General And Administrative Expense": 9450000.0,
        "Other Gand A": 9450000.0,
        "Total Revenue": 5840000.0,
        "Operating Revenue": 5840000.0
    },
    "2024-06-30": {
        "Tax Effect Of Unusual Items": -44730.0,
        "Tax Rate For Calcs": 0.21,
        "Normalized EBITDA": 14245000.0,
        "Total Unusual Items": -213000.0,
        "Total Unusual Items Excluding Goodwill": -213000.0,
        "Net Income From Continuing Operation Net Minority Interest": 13836000.0,
        "Reconciled Depreciation": 196000.0,
        "EBITDA": 14032000.0,
        "EBIT": 13836000.0,
        "Net Interest Income": 0.0,
        "Interest Expense": 0.0,
        "Normalized Income": 14004270.0,
        "Net Income From Continuing And Discontinued Operation": 13836000.0,
        "Total Expenses": 19688000.0,
        "Total Operating Income As Reported": 13757000.0,
        "Diluted Average Shares": 17791143.0,
        "Basic Average Shares": 16723479.0,
        "Diluted EPS": 0.54,
        "Basic EPS": 0.58,
        "Diluted NI Availto Com Stockholders": 9628000.0,
        "Net Income Common Stockholders": 9628000.0,
        "Otherunder Preferred Stock Dividend": 4208000.0,
        "Net Income": 13836000.0,
        "Net Income Including Noncontrolling Interests": 13836000.0,
        "Net Income Continuous Operations": 13836000.0,
        "Tax Provision": NaN,
        "Pretax Income": 13836000.0,
        "Other Income Expense": 79000.0,
        "Other Non Operating Income Expenses": 292000.0,
        "Special Income Charges": 2500000.0,
        "Restructuring And Mergern Acquisition": -2500000.0,
        "Gain On Sale Of Security": -2713000.0,
        "Net Non Operating Interest Income Expense": 0.0,
        "Interest Expense Non Operating": 0.0,
        "Operating Income": 13757000.0,
        "Operating Expense": 19688000.0,
        "Research And Development": 12661000.0,
        "Selling General And Administration": 7027000.0,
        "General And Administrative Expense": 7027000.0,
        "Other Gand A": 7027000.0,
        "Total Revenue": 33445000.0,
        "Operating Revenue": 33445000.0
    }
}