{
    "2023-03-31": {
        "Tax Effect Of Unusual Items": NaN,
        "Tax Rate For Calcs": NaN,
        "Normalized EBITDA": NaN,
        "Total Unusual Items": NaN,
        "Total Unusual Items Excluding Goodwill": NaN,
        "Net Income From Continuing Operation Net Minority Interest": NaN,
        "Reconciled Depreciation": NaN,
        "EBITDA": NaN,
        "EBIT": NaN,
        "Net Interest Income": NaN,
        "Interest Expense": 13429.0,
        "Interest Income": NaN,
        "Normalized Income": NaN,
        "Net Income From Continuing And Discontinued Operation": NaN,
        "Total Expenses": NaN,
        "Total Operating Income As Reported": NaN,
        "Diluted Average Shares": 18593.0,
        "Basic Average Shares": 18593.0,
        "Diluted EPS": -259.07,
        "Basic EPS": -259.07,
        "Diluted NI Availto Com Stockholders": NaN,
        "Net Income Common Stockholders": NaN,
        "Net Income": NaN,
        "Net Income Including Noncontrolling Interests": NaN,
        "Net Income Continuous Operations": NaN,
        "Pretax Income": NaN,
        "Other Income Expense": NaN,
        "Gain On Sale Of Security": NaN,
        "Net Non Operating Interest Income Expense": NaN,
        "Interest Expense Non Operating": 13429.0,
        "Interest Income Non Operating": NaN,
        "Operating Income": NaN,
        "Operating Expense": NaN,
        "Other Operating Expenses": -79409.0,
        "Research And Development": NaN,
        "Selling General And Administration": NaN,
        "General And Administrative Expense": NaN,
        "Other Gand A": NaN,
        "Total Revenue": NaN,
        "Operating Revenue": NaN
    },
    "2022-12-31": {
        "Tax Effect Of Unusual Items": NaN,
        "Tax Rate For Calcs": NaN,
        "Normalized EBITDA": NaN,
        "Total Unusual Items": NaN,
        "Total Unusual Items Excluding Goodwill": NaN,
        "Net Income From Continuing Operation Net Minority Interest": NaN,
        "Reconciled Depreciation": NaN,
        "EBITDA": NaN,
        "EBIT": NaN,
        "Net Interest Income": NaN,
        "Interest Expense": 0.0,
        "Interest Income": NaN,
        "Normalized Income": NaN,
        "Net Income From Continuing And Discontinued Operation": NaN,
        "Total Expenses": NaN,
        "Total Operating Income As Reported": NaN,
        "Diluted Average Shares": NaN,
        "Basic Average Shares": NaN,
        "Diluted EPS": NaN,
        "Basic EPS": NaN,
        "Diluted NI Availto Com Stockholders": NaN,
        "Net Income Common Stockholders": NaN,
        "Net Income": NaN,
        "Net Income Including Noncontrolling Interests": NaN,
        "Net Income Continuous Operations": NaN,
        "Pretax Income": NaN,
        "Other Income Expense": NaN,
        "Gain On Sale Of Security": NaN,
        "Net Non Operating Interest Income Expense": NaN,
        "Interest Expense Non Operating": 0.0,
        "Interest Income Non Operating": NaN,
        "Operating Income": NaN,
        "Operating Expense": NaN,
        "Other Operating Expenses": NaN,
        "Research And Development": NaN,
        "Selling General And Administration": NaN,
        "General And Administrative Expense": NaN,
        "Other Gand A": NaN,
        "Total Revenue": NaN,
        "Operating Revenue": NaN
    },
    "2022-09-30": {
        "Tax Effect Of Unusual Items": NaN,
        "Tax Rate For Calcs": NaN,
        "Normalized EBITDA": NaN,
        "Total Unusual Items": NaN,
        "Total Unusual Items Excluding Goodwill": NaN,
        "Net Income From Continuing Operation Net Minority Interest": NaN,
        "Reconciled Depreciation": NaN,
        "EBITDA": NaN,
        "EBIT": NaN,
        "Net Interest Income": NaN,
        "Interest Expense": 0.0,
        "Interest Income": NaN,
        "Normalized Income": NaN,
        "Net Income From Continuing And Discontinued Operation": NaN,
        "Total Expenses": NaN,
        "Total Operating Income As Reported": NaN,
        "Diluted Average Shares": 16221.0,
        "Basic Average Shares": 16221.0,
        "Diluted EPS": -264.4,
        "Basic EPS": -264.4,
        "Diluted NI Availto Com Stockholders": NaN,
        "Net Income Common Stockholders": NaN,
        "Net Income": NaN,
        "Net Income Including Noncontrolling Interests": NaN,
        "Net Income Continuous Operations": NaN,
        "Pretax Income": NaN,
        "Other Income Expense": NaN,
        "Gain On Sale Of Security": NaN,
        "Net Non Operating Interest Income Expense": NaN,
        "Interest Expense Non Operating": 0.0,
        "Interest Income Non Operating": NaN,
        "Operating Income": NaN,
        "Operating Expense": NaN,
        "Other Operating Expenses": NaN,
        "Research And Development": NaN,
        "Selling General And Administration": NaN,
        "General And Administrative Expense": NaN,
        "Other Gand A": NaN,
        "Total Revenue": NaN,
        "Operating Revenue": NaN
    },
    "2022-06-30": {
        "Tax Effect Of Unusual Items": 0.0,
        "Tax Rate For Calcs": 0.0,
        "Normalized EBITDA": -4648534.0,
        "Net Income From Continuing Operation Net Minority Interest": -4671232.0,
        "Reconciled Depreciation": 22698.0,
        "EBITDA": -4648534.0,
        "EBIT": -4671232.0,
        "Net Interest Income": 1331.0,
        "Interest Expense": 0.0,
        "Interest Income": 1331.0,
        "Normalized Income": -4671232.0,
        "Net Income From Continuing And Discontinued Operation": -4671232.0,
        "Total Expenses": 4672563.0,
        "Total Operating Income As Reported": -4707293.0,
        "Diluted Average Shares": 648862.0,
        "Basic Average Shares": 648862.0,
        "Diluted EPS": -7.2,
        "Basic EPS": -7.2,
        "Diluted NI Availto Com Stockholders": -4671232.0,
        "Net Income Common Stockholders": -4671232.0,
        "Net Income": -4671232.0,
        "Net Income Including Noncontrolling Interests": -4671232.0,
        "Net Income Continuous Operations": -4671232.0,
        "Pretax Income": -4671232.0,
        "Net Non Operating Interest Income Expense": 1331.0,
        "Interest Expense Non Operating": 0.0,
        "Interest Income Non Operating": 1331.0,
        "Operating Income": -4672563.0,
        "Operating Expense": 4672563.0,
        "Other Operating Expenses": -34730.0,
        "Research And Development": 2620028.0,
        "Selling General And Administration": 2087265.0,
        "General And Administrative Expense": 2087265.0,
        "Other Gand A": 2087265.0,
        "Total Revenue": 0.0,
        "Operating Revenue": 0.0
    },
    "2022-03-31": {
        "Diluted EPS": -5.4,
        "Total Revenue": NaN,
        "Gross Profit": NaN,
        "Operating Income": -3,
        "EBIT": -3,
        "Net Income": -3
    },
    "2021-12-31": {
        "Diluted EPS": -3.0,
        "Total Revenue": NaN,
        "Gross Profit": NaN,
        "Operating Income": -3,
        "EBIT": -3,
        "Net Income": -3
    },
    "2021-09-30": {
        "Diluted EPS": -4.0,
        "Total Revenue": NaN,
        "Gross Profit": NaN,
        "Operating Income": -2,
        "EBIT": -2,
        "Net Income": -2
    },
    "2021-06-30": {
        "Diluted EPS": 10.2,
        "Total Revenue": NaN,
        "Gross Profit": NaN,
        "Operating Income": 0,
        "EBIT": 0,
        "Net Income": 3
    },
    "2021-03-31": {
        "Diluted EPS": -19.4,
        "Total Revenue": NaN,
        "Gross Profit": NaN,
        "Operating Income": 0,
        "EBIT": 0,
        "Net Income": -4
    },
    "2020-12-31": {
        "Diluted EPS": 0.0,
        "Total Revenue": NaN,
        "Gross Profit": NaN,
        "Operating Income": NaN,
        "EBIT": NaN,
        "Net Income": NaN
    },
    "2020-09-30": {
        "Diluted EPS": -6.0,
        "Total Revenue": NaN,
        "Gross Profit": NaN,
        "Operating Income": 0,
        "EBIT": 0,
        "Net Income": -1
    },
    "2020-06-30": {
        "Diluted EPS": -0.6,
        "Total Revenue": NaN,
        "Gross Profit": NaN,
        "Operating Income": 0,
        "EBIT": 0,
        "Net Income": 0
    },
    "2023-06-30": {
        "Tax Effect Of Unusual Items": NaN,
        "Tax Rate For Calcs": NaN,
        "Normalized EBITDA": NaN,
        "Total Unusual Items": NaN,
        "Total Unusual Items Excluding Goodwill": NaN,
        "Net Income From Continuing Operation Net Minority Interest": NaN,
        "Reconciled Depreciation": NaN,
        "EBITDA": NaN,
        "EBIT": NaN,
        "Net Interest Income": NaN,
        "Interest Expense": 7843.0,
        "Interest Income": NaN,
        "Normalized Income": NaN,
        "Net Income From Continuing And Discontinued Operation": NaN,
        "Total Expenses": NaN,
        "Total Operating Income As Reported": NaN,
        "Diluted Average Shares": 30494.0,
        "Basic Average Shares": 30494.0,
        "Diluted EPS": -142.38,
        "Basic EPS": -142.38,
        "Diluted NI Availto Com Stockholders": NaN,
        "Net Income Common Stockholders": NaN,
        "Net Income": NaN,
        "Net Income Including Noncontrolling Interests": NaN,
        "Net Income Continuous Operations": NaN,
        "Pretax Income": NaN,
        "Other Income Expense": NaN,
        "Gain On Sale Of Security": NaN,
        "Net Non Operating Interest Income Expense": NaN,
        "Interest Expense Non Operating": 7843.0,
        "Interest Income Non Operating": NaN,
        "Operating Income": NaN,
        "Operating Expense": NaN,
        "Other Operating Expenses": -788937.0,
        "Research And Development": NaN,
        "Selling General And Administration": NaN,
        "General And Administrative Expense": NaN,
        "Other Gand A": NaN,
        "Total Revenue": NaN,
        "Operating Revenue": NaN
    },
    "2023-09-30": {
        "Tax Effect Of Unusual Items": 0.0,
        "Tax Rate For Calcs": 0.0,
        "Normalized EBITDA": -5143897.0,
        "Total Unusual Items": NaN,
        "Total Unusual Items Excluding Goodwill": NaN,
        "Net Income From Continuing Operation Net Minority Interest": -5299962.0,
        "Reconciled Depreciation": 138783.0,
        "EBITDA": -5143897.0,
        "EBIT": -5282680.0,
        "Net Interest Income": -17151.0,
        "Interest Expense": 17282.0,
        "Interest Income": 131.0,
        "Normalized Income": -5299962.0,
        "Net Income From Continuing And Discontinued Operation": -5299962.0,
        "Total Expenses": 5282811.0,
        "Total Operating Income As Reported": -5310252.0,
        "Diluted Average Shares": 109413.0,
        "Basic Average Shares": 109413.0,
        "Diluted EPS": -48.44,
        "Basic EPS": -48.44,
        "Diluted NI Availto Com Stockholders": -5299962.0,
        "Net Income Common Stockholders": -5299962.0,
        "Net Income": -5299962.0,
        "Net Income Including Noncontrolling Interests": -5299962.0,
        "Net Income Continuous Operations": -5299962.0,
        "Pretax Income": -5299962.0,
        "Other Income Expense": NaN,
        "Gain On Sale Of Security": NaN,
        "Net Non Operating Interest Income Expense": -17151.0,
        "Interest Expense Non Operating": 17282.0,
        "Interest Income Non Operating": 131.0,
        "Operating Income": -5282811.0,
        "Operating Expense": 5282811.0,
        "Other Operating Expenses": -27441.0,
        "Research And Development": 3342644.0,
        "Selling General And Administration": 1967608.0,
        "General And Administrative Expense": 1967608.0,
        "Other Gand A": 1967608.0,
        "Total Revenue": 0.0,
        "Operating Revenue": 0.0
    },
    "2023-12-31": {
        "Tax Effect Of Unusual Items": 0.0,
        "Tax Rate For Calcs": 0.0,
        "Normalized EBITDA": -3886327.0,
        "Total Unusual Items": NaN,
        "Total Unusual Items Excluding Goodwill": NaN,
        "Net Income From Continuing Operation Net Minority Interest": -4087547.0,
        "Reconciled Depreciation": 140173.0,
        "EBITDA": -3886327.0,
        "EBIT": -4026500.0,
        "Net Interest Income": -55762.0,
        "Interest Expense": NaN,
        "Interest Income": 137.0,
        "Normalized Income": -4087547.0,
        "Net Income From Continuing And Discontinued Operation": -4087547.0,
        "Total Expenses": 4031785.0,
        "Total Operating Income As Reported": -4059034.0,
        "Diluted Average Shares": NaN,
        "Basic Average Shares": NaN,
        "Diluted EPS": NaN,
        "Basic EPS": NaN,
        "Diluted NI Availto Com Stockholders": -4087547.0,
        "Net Income Common Stockholders": -4087547.0,
        "Net Income": -4087547.0,
        "Net Income Including Noncontrolling Interests": -4087547.0,
        "Net Income Continuous Operations": -4087547.0,
        "Pretax Income": -4087547.0,
        "Other Income Expense": NaN,
        "Gain On Sale Of Security": NaN,
        "Net Non Operating Interest Income Expense": -55762.0,
        "Interest Expense Non Operating": NaN,
        "Interest Income Non Operating": 137.0,
        "Operating Income": -4031785.0,
        "Operating Expense": 4031785.0,
        "Other Operating Expenses": -27249.0,
        "Research And Development": 3363626.0,
        "Selling General And Administration": 695408.0,
        "General And Administrative Expense": 695408.0,
        "Other Gand A": 695408.0,
        "Total Revenue": 0.0,
        "Operating Revenue": 0.0
    },
    "2024-03-31": {
        "Tax Effect Of Unusual Items": 0.0,
        "Tax Rate For Calcs": 0.0,
        "Normalized EBITDA": -3120110.0,
        "Total Unusual Items": -55349.0,
        "Total Unusual Items Excluding Goodwill": -55349.0,
        "Net Income From Continuing Operation Net Minority Interest": -3326812.0,
        "Reconciled Depreciation": 141647.0,
        "EBITDA": -3175459.0,
        "EBIT": -3317106.0,
        "Net Interest Income": -9538.0,
        "Interest Expense": 9706.0,
        "Interest Income": 168.0,
        "Normalized Income": -3271463.0,
        "Net Income From Continuing And Discontinued Operation": -3326812.0,
        "Total Expenses": 3261925.0,
        "Total Operating Income As Reported": -3288982.0,
        "Diluted Average Shares": 5142398.0,
        "Basic Average Shares": 5142398.0,
        "Diluted EPS": -0.65,
        "Basic EPS": -0.65,
        "Diluted NI Availto Com Stockholders": -3326812.0,
        "Net Income Common Stockholders": -3326812.0,
        "Net Income": -3326812.0,
        "Net Income Including Noncontrolling Interests": -3326812.0,
        "Net Income Continuous Operations": -3326812.0,
        "Pretax Income": -3326812.0,
        "Other Income Expense": -55349.0,
        "Gain On Sale Of Security": -55349.0,
        "Net Non Operating Interest Income Expense": -9538.0,
        "Interest Expense Non Operating": 9706.0,
        "Interest Income Non Operating": 168.0,
        "Operating Income": -3261925.0,
        "Operating Expense": 3261925.0,
        "Other Operating Expenses": -27057.0,
        "Research And Development": 1759020.0,
        "Selling General And Administration": 1529962.0,
        "General And Administrative Expense": 1529962.0,
        "Other Gand A": 1529962.0,
        "Total Revenue": 0.0,
        "Operating Revenue": 0.0
    },
    "2024-06-30": {
        "Tax Effect Of Unusual Items": 0.0,
        "Tax Rate For Calcs": 0.0,
        "Normalized EBITDA": -4970904.0,
        "Total Unusual Items": -72594.0,
        "Total Unusual Items Excluding Goodwill": -72594.0,
        "Net Income From Continuing Operation Net Minority Interest": -5190814.0,
        "Reconciled Depreciation": 142834.0,
        "EBITDA": -5043498.0,
        "EBIT": -5186332.0,
        "Net Interest Income": -4304.0,
        "Interest Expense": 4482.0,
        "Interest Income": 178.0,
        "Normalized Income": -5118220.0,
        "Net Income From Continuing And Discontinued Operation": -5190814.0,
        "Total Expenses": 5113916.0,
        "Total Operating Income As Reported": -5113916.0,
        "Diluted Average Shares": 7051123.0,
        "Basic Average Shares": 7051123.0,
        "Diluted EPS": -0.74,
        "Basic EPS": -0.74,
        "Diluted NI Availto Com Stockholders": -5190814.0,
        "Net Income Common Stockholders": -5190814.0,
        "Net Income": -5190814.0,
        "Net Income Including Noncontrolling Interests": -5190814.0,
        "Net Income Continuous Operations": -5190814.0,
        "Pretax Income": -5190814.0,
        "Other Income Expense": -72594.0,
        "Gain On Sale Of Security": -72594.0,
        "Net Non Operating Interest Income Expense": -4304.0,
        "Interest Expense Non Operating": 4482.0,
        "Interest Income Non Operating": 178.0,
        "Operating Income": -5113916.0,
        "Operating Expense": 5113916.0,
        "Other Operating Expenses": NaN,
        "Research And Development": 3081577.0,
        "Selling General And Administration": 2032339.0,
        "General And Administrative Expense": 2032339.0,
        "Other Gand A": 2032339.0,
        "Total Revenue": 0.0,
        "Operating Revenue": 0.0
    },
    "2024-09-30": {
        "Tax Effect Of Unusual Items": 0.0,
        "Tax Rate For Calcs": 0.0,
        "Normalized EBITDA": -2025759.0,
        "Total Unusual Items": -157315.0,
        "Total Unusual Items Excluding Goodwill": -157315.0,
        "Net Income From Continuing Operation Net Minority Interest": -2321387.0,
        "Reconciled Depreciation": 127521.0,
        "EBITDA": -2183074.0,
        "EBIT": -2310595.0,
        "Net Interest Income": -10613.0,
        "Interest Expense": 10792.0,
        "Interest Income": 179.0,
        "Normalized Income": -2164072.0,
        "Net Income From Continuing And Discontinued Operation": -2321387.0,
        "Total Expenses": 2153459.0,
        "Total Operating Income As Reported": -2165412.0,
        "Diluted Average Shares": 14685013.0,
        "Basic Average Shares": 14685013.0,
        "Diluted EPS": -0.16,
        "Basic EPS": -0.16,
        "Diluted NI Availto Com Stockholders": -2321387.0,
        "Net Income Common Stockholders": -2321387.0,
        "Net Income": -2321387.0,
        "Net Income Including Noncontrolling Interests": -2321387.0,
        "Net Income Continuous Operations": -2321387.0,
        "Pretax Income": -2321387.0,
        "Other Income Expense": -157315.0,
        "Gain On Sale Of Security": -157315.0,
        "Net Non Operating Interest Income Expense": -10613.0,
        "Interest Expense Non Operating": 10792.0,
        "Interest Income Non Operating": 179.0,
        "Operating Income": -2153459.0,
        "Operating Expense": 2153459.0,
        "Other Operating Expenses": -11953.0,
        "Research And Development": 1227386.0,
        "Selling General And Administration": 938026.0,
        "General And Administrative Expense": 938026.0,
        "Other Gand A": 938026.0,
        "Total Revenue": 0.0,
        "Operating Revenue": 0.0
    }
}