{
    "2023-03-31": {
        "Tax Effect Of Unusual Items": NaN,
        "Tax Rate For Calcs": NaN,
        "Normalized EBITDA": NaN,
        "Total Unusual Items": NaN,
        "Total Unusual Items Excluding Goodwill": NaN,
        "Net Income From Continuing Operation Net Minority Interest": NaN,
        "Reconciled Depreciation": NaN,
        "Reconciled Cost Of Revenue": NaN,
        "EBITDA": NaN,
        "EBIT": NaN,
        "Normalized Income": NaN,
        "Net Income From Continuing And Discontinued Operation": NaN,
        "Total Expenses": NaN,
        "Total Operating Income As Reported": NaN,
        "Diluted Average Shares": 42780392.0,
        "Basic Average Shares": 42780392.0,
        "Diluted EPS": -0.28,
        "Basic EPS": -0.28,
        "Diluted NI Availto Com Stockholders": NaN,
        "Net Income Common Stockholders": NaN,
        "Otherunder Preferred Stock Dividend": NaN,
        "Net Income": NaN,
        "Net Income Including Noncontrolling Interests": NaN,
        "Net Income Continuous Operations": NaN,
        "Tax Provision": NaN,
        "Pretax Income": NaN,
        "Other Non Operating Income Expenses": 310000.0,
        "Special Income Charges": 0.0,
        "Impairment Of Capital Assets": 0.0,
        "Operating Income": NaN,
        "Operating Expense": NaN,
        "Research And Development": 3943000.0,
        "Selling General And Administration": NaN,
        "General And Administrative Expense": NaN,
        "Gross Profit": NaN,
        "Cost Of Revenue": NaN,
        "Total Revenue": NaN,
        "Operating Revenue": NaN
    },
    "2022-12-31": {
        "Tax Effect Of Unusual Items": NaN,
        "Tax Rate For Calcs": NaN,
        "Normalized EBITDA": NaN,
        "Total Unusual Items": NaN,
        "Total Unusual Items Excluding Goodwill": NaN,
        "Net Income From Continuing Operation Net Minority Interest": NaN,
        "Reconciled Depreciation": NaN,
        "Reconciled Cost Of Revenue": NaN,
        "EBITDA": NaN,
        "EBIT": NaN,
        "Normalized Income": NaN,
        "Net Income From Continuing And Discontinued Operation": NaN,
        "Total Expenses": NaN,
        "Total Operating Income As Reported": NaN,
        "Diluted Average Shares": 37445922.0,
        "Basic Average Shares": 37445922.0,
        "Diluted EPS": -0.28,
        "Basic EPS": -0.28,
        "Diluted NI Availto Com Stockholders": NaN,
        "Net Income Common Stockholders": NaN,
        "Otherunder Preferred Stock Dividend": NaN,
        "Net Income": NaN,
        "Net Income Including Noncontrolling Interests": NaN,
        "Net Income Continuous Operations": NaN,
        "Tax Provision": NaN,
        "Pretax Income": NaN,
        "Other Non Operating Income Expenses": 97000.0,
        "Special Income Charges": 0.0,
        "Impairment Of Capital Assets": 0.0,
        "Operating Income": NaN,
        "Operating Expense": NaN,
        "Research And Development": 3326000.0,
        "Selling General And Administration": NaN,
        "General And Administrative Expense": NaN,
        "Gross Profit": NaN,
        "Cost Of Revenue": NaN,
        "Total Revenue": NaN,
        "Operating Revenue": NaN
    },
    "2022-09-30": {
        "Tax Effect Of Unusual Items": NaN,
        "Tax Rate For Calcs": NaN,
        "Normalized EBITDA": NaN,
        "Total Unusual Items": NaN,
        "Total Unusual Items Excluding Goodwill": NaN,
        "Net Income From Continuing Operation Net Minority Interest": NaN,
        "Reconciled Depreciation": NaN,
        "Reconciled Cost Of Revenue": NaN,
        "EBITDA": NaN,
        "EBIT": NaN,
        "Normalized Income": NaN,
        "Net Income From Continuing And Discontinued Operation": NaN,
        "Total Expenses": NaN,
        "Total Operating Income As Reported": NaN,
        "Diluted Average Shares": 37402356.0,
        "Basic Average Shares": 37402356.0,
        "Diluted EPS": -0.32,
        "Basic EPS": -0.32,
        "Diluted NI Availto Com Stockholders": NaN,
        "Net Income Common Stockholders": NaN,
        "Otherunder Preferred Stock Dividend": NaN,
        "Net Income": NaN,
        "Net Income Including Noncontrolling Interests": NaN,
        "Net Income Continuous Operations": NaN,
        "Tax Provision": NaN,
        "Pretax Income": NaN,
        "Other Non Operating Income Expenses": NaN,
        "Special Income Charges": NaN,
        "Impairment Of Capital Assets": NaN,
        "Operating Income": NaN,
        "Operating Expense": NaN,
        "Research And Development": NaN,
        "Selling General And Administration": NaN,
        "General And Administrative Expense": NaN,
        "Gross Profit": NaN,
        "Cost Of Revenue": NaN,
        "Total Revenue": NaN,
        "Operating Revenue": NaN
    },
    "2022-06-30": {
        "Tax Effect Of Unusual Items": 0.0,
        "Tax Rate For Calcs": 0.0,
        "Normalized EBITDA": -9352000.0,
        "Total Unusual Items": -1467000.0,
        "Total Unusual Items Excluding Goodwill": -1467000.0,
        "Net Income From Continuing Operation Net Minority Interest": -16609000.0,
        "Reconciled Depreciation": 2259000.0,
        "Reconciled Cost Of Revenue": 648000.0,
        "EBITDA": -10819000.0,
        "EBIT": -13078000.0,
        "Normalized Income": -15142000.0,
        "Net Income From Continuing And Discontinued Operation": -16609000.0,
        "Total Expenses": 13909000.0,
        "Total Operating Income As Reported": -17239000.0,
        "Diluted Average Shares": 39262524.0,
        "Basic Average Shares": 37310034.0,
        "Diluted EPS": -0.52,
        "Basic EPS": -0.44,
        "Diluted NI Availto Com Stockholders": -16609000.0,
        "Net Income Common Stockholders": -16609000.0,
        "Otherunder Preferred Stock Dividend": 0.0,
        "Net Income": -16609000.0,
        "Minority Interests": 0.0,
        "Net Income Including Noncontrolling Interests": -16609000.0,
        "Net Income Continuous Operations": -16609000.0,
        "Tax Provision": NaN,
        "Pretax Income": -9505000.0,
        "Other Non Operating Income Expenses": 123000.0,
        "Special Income Charges": -163000.0,
        "Other Special Charges": 48000.0,
        "Operating Income": -13078000.0,
        "Operating Expense": 13261000.0,
        "Research And Development": 2629000.0,
        "Selling General And Administration": 29278000.0,
        "General And Administrative Expense": 29278000.0,
        "Gross Profit": 183000.0,
        "Cost Of Revenue": 648000.0,
        "Total Revenue": 831000.0,
        "Operating Revenue": 831000.0
    },
    "2022-03-31": {
        "Diluted EPS": -0.4,
        "Total Revenue": 1,
        "Gross Profit": 0,
        "Operating Income": -15,
        "EBIT": -14,
        "Net Income": -15
    },
    "2021-12-31": {
        "Diluted EPS": -0.42,
        "Total Revenue": 1,
        "Gross Profit": 0,
        "Operating Income": -14,
        "EBIT": -14,
        "Net Income": -15
    },
    "2021-09-30": {
        "Diluted EPS": -0.28,
        "Total Revenue": 0,
        "Gross Profit": 0,
        "Operating Income": -12,
        "EBIT": -12,
        "Net Income": -10
    },
    "2021-06-30": {
        "Diluted EPS": -0.29,
        "Total Revenue": 0,
        "Gross Profit": 0,
        "Operating Income": -10,
        "EBIT": -10,
        "Net Income": -10
    },
    "2021-03-31": {
        "Diluted EPS": -0.24,
        "Total Revenue": 1,
        "Gross Profit": 0,
        "Operating Income": -8,
        "EBIT": -8,
        "Net Income": -9
    },
    "2020-12-31": {
        "Diluted EPS": -0.24,
        "Total Revenue": 0,
        "Gross Profit": 0,
        "Operating Income": -9,
        "EBIT": -9,
        "Net Income": -9
    },
    "2020-09-30": {
        "Diluted EPS": -0.2,
        "Total Revenue": NaN,
        "Gross Profit": NaN,
        "Operating Income": -5,
        "EBIT": -5,
        "Net Income": -7
    },
    "2020-06-30": {
        "Diluted EPS": -0.09,
        "Total Revenue": NaN,
        "Gross Profit": NaN,
        "Operating Income": -3,
        "EBIT": -3,
        "Net Income": -3
    },
    "2020-03-31": {
        "Diluted EPS": -0.02,
        "Total Revenue": NaN,
        "Gross Profit": NaN,
        "Operating Income": -3,
        "EBIT": -3,
        "Net Income": -1
    },
    "2019-12-31": {
        "Diluted EPS": -0.16,
        "Total Revenue": NaN,
        "Gross Profit": NaN,
        "Operating Income": -3,
        "EBIT": -3,
        "Net Income": -5
    },
    "2019-09-30": {
        "Diluted EPS": -0.06,
        "Total Revenue": NaN,
        "Gross Profit": NaN,
        "Operating Income": -2,
        "EBIT": -2,
        "Net Income": -1
    },
    "2019-06-30": {
        "Diluted EPS": 0.0,
        "Total Revenue": NaN,
        "Gross Profit": NaN,
        "Operating Income": NaN,
        "EBIT": NaN,
        "Net Income": NaN
    },
    "2023-06-30": {
        "Tax Effect Of Unusual Items": -269990.0,
        "Tax Rate For Calcs": 0.19,
        "Normalized EBITDA": -8393000.0,
        "Total Unusual Items": -1421000.0,
        "Total Unusual Items Excluding Goodwill": -1421000.0,
        "Net Income From Continuing Operation Net Minority Interest": -11104000.0,
        "Reconciled Depreciation": 120000.0,
        "Reconciled Cost Of Revenue": 673000.0,
        "EBITDA": -9814000.0,
        "EBIT": -9934000.0,
        "Normalized Income": -9952990.0,
        "Net Income From Continuing And Discontinued Operation": -11104000.0,
        "Total Expenses": 10452000.0,
        "Total Operating Income As Reported": -9934000.0,
        "Diluted Average Shares": NaN,
        "Basic Average Shares": NaN,
        "Diluted EPS": NaN,
        "Basic EPS": NaN,
        "Diluted NI Availto Com Stockholders": -11104000.0,
        "Net Income Common Stockholders": -11104000.0,
        "Otherunder Preferred Stock Dividend": 0.0,
        "Net Income": -11104000.0,
        "Net Income Including Noncontrolling Interests": -11104000.0,
        "Net Income Continuous Operations": -11104000.0,
        "Tax Provision": 4000.0,
        "Pretax Income": -11100000.0,
        "Other Non Operating Income Expenses": 135000.0,
        "Special Income Charges": NaN,
        "Impairment Of Capital Assets": NaN,
        "Operating Income": -9934000.0,
        "Operating Expense": 9779000.0,
        "Research And Development": 3272000.0,
        "Selling General And Administration": 6507000.0,
        "General And Administrative Expense": 6507000.0,
        "Gross Profit": -155000.0,
        "Cost Of Revenue": 673000.0,
        "Total Revenue": 518000.0,
        "Operating Revenue": 518000.0
    },
    "2023-09-30": {
        "Tax Effect Of Unusual Items": 0.0,
        "Tax Rate For Calcs": 0.0,
        "Normalized EBITDA": -7108000.0,
        "Total Unusual Items": -1654000.0,
        "Total Unusual Items Excluding Goodwill": -1654000.0,
        "Net Income From Continuing Operation Net Minority Interest": -10154000.0,
        "Reconciled Depreciation": 127000.0,
        "Reconciled Cost Of Revenue": 502000.0,
        "EBITDA": -8762000.0,
        "EBIT": -8889000.0,
        "Normalized Income": -8500000.0,
        "Net Income From Continuing And Discontinued Operation": -10154000.0,
        "Total Expenses": 9348000.0,
        "Total Operating Income As Reported": -8889000.0,
        "Diluted Average Shares": 47383920.0,
        "Basic Average Shares": 47383920.0,
        "Diluted EPS": -0.22,
        "Basic EPS": -0.22,
        "Diluted NI Availto Com Stockholders": -10154000.0,
        "Net Income Common Stockholders": -10154000.0,
        "Otherunder Preferred Stock Dividend": 0.0,
        "Net Income": -10154000.0,
        "Net Income Including Noncontrolling Interests": -10154000.0,
        "Net Income Continuous Operations": -10154000.0,
        "Tax Provision": 0.0,
        "Pretax Income": -10154000.0,
        "Other Non Operating Income Expenses": 100000.0,
        "Special Income Charges": NaN,
        "Impairment Of Capital Assets": NaN,
        "Operating Income": -8889000.0,
        "Operating Expense": 8846000.0,
        "Research And Development": 2787000.0,
        "Selling General And Administration": 6059000.0,
        "General And Administrative Expense": 6059000.0,
        "Gross Profit": -43000.0,
        "Cost Of Revenue": 502000.0,
        "Total Revenue": 459000.0,
        "Operating Revenue": 459000.0
    },
    "2023-12-31": {
        "Tax Effect Of Unusual Items": 0.0,
        "Tax Rate For Calcs": 0.0,
        "Normalized EBITDA": -7643000.0,
        "Total Unusual Items": -216000.0,
        "Total Unusual Items Excluding Goodwill": -216000.0,
        "Net Income From Continuing Operation Net Minority Interest": -9132000.0,
        "Reconciled Depreciation": 1127000.0,
        "Reconciled Cost Of Revenue": 452000.0,
        "EBITDA": -7859000.0,
        "EBIT": -8986000.0,
        "Normalized Income": -8916000.0,
        "Net Income From Continuing And Discontinued Operation": -9132000.0,
        "Total Expenses": 9695000.0,
        "Total Operating Income As Reported": -9292000.0,
        "Diluted Average Shares": NaN,
        "Basic Average Shares": NaN,
        "Diluted EPS": NaN,
        "Basic EPS": NaN,
        "Diluted NI Availto Com Stockholders": -9132000.0,
        "Net Income Common Stockholders": -9132000.0,
        "Otherunder Preferred Stock Dividend": 0.0,
        "Net Income": -9132000.0,
        "Net Income Including Noncontrolling Interests": -9132000.0,
        "Net Income Continuous Operations": -9132000.0,
        "Tax Provision": 0.0,
        "Pretax Income": -9132000.0,
        "Other Non Operating Income Expenses": NaN,
        "Special Income Charges": NaN,
        "Impairment Of Capital Assets": NaN,
        "Operating Income": -8986000.0,
        "Operating Expense": 9243000.0,
        "Research And Development": NaN,
        "Selling General And Administration": 2207000.0,
        "General And Administrative Expense": 2207000.0,
        "Gross Profit": 257000.0,
        "Cost Of Revenue": 452000.0,
        "Total Revenue": 709000.0,
        "Operating Revenue": 709000.0
    },
    "2024-03-31": {
        "Tax Effect Of Unusual Items": 0.0,
        "Tax Rate For Calcs": 0.0,
        "Normalized EBITDA": -4563000.0,
        "Total Unusual Items": -1573000.0,
        "Total Unusual Items Excluding Goodwill": -1573000.0,
        "Net Income From Continuing Operation Net Minority Interest": -7743000.0,
        "Reconciled Depreciation": -950000.0,
        "Reconciled Cost Of Revenue": 601000.0,
        "EBITDA": -6136000.0,
        "EBIT": -6136000.0,
        "Normalized Income": -6170000.0,
        "Net Income From Continuing And Discontinued Operation": -7743000.0,
        "Total Expenses": 6671000.0,
        "Total Operating Income As Reported": -6553000.0,
        "Diluted Average Shares": 48827480.0,
        "Basic Average Shares": 48827480.0,
        "Diluted EPS": -0.16,
        "Basic EPS": -0.16,
        "Diluted NI Availto Com Stockholders": -7743000.0,
        "Net Income Common Stockholders": -7743000.0,
        "Otherunder Preferred Stock Dividend": 0.0,
        "Net Income": -7743000.0,
        "Net Income Including Noncontrolling Interests": -7743000.0,
        "Net Income Continuous Operations": -7743000.0,
        "Tax Provision": 0.0,
        "Pretax Income": -7743000.0,
        "Other Non Operating Income Expenses": -49000.0,
        "Special Income Charges": -417000.0,
        "Impairment Of Capital Assets": 417000.0,
        "Operating Income": -6136000.0,
        "Operating Expense": 6070000.0,
        "Research And Development": 2216000.0,
        "Selling General And Administration": 3854000.0,
        "General And Administrative Expense": 3854000.0,
        "Gross Profit": -66000.0,
        "Cost Of Revenue": 601000.0,
        "Total Revenue": 535000.0,
        "Operating Revenue": 535000.0
    },
    "2024-06-30": {
        "Tax Effect Of Unusual Items": 0.0,
        "Tax Rate For Calcs": 0.0,
        "Normalized EBITDA": -3931000.0,
        "Total Unusual Items": -1534000.0,
        "Total Unusual Items Excluding Goodwill": -1534000.0,
        "Net Income From Continuing Operation Net Minority Interest": -7074000.0,
        "Reconciled Depreciation": 60000.0,
        "Reconciled Cost Of Revenue": 550000.0,
        "EBITDA": -5465000.0,
        "EBIT": -5525000.0,
        "Normalized Income": -5540000.0,
        "Net Income From Continuing And Discontinued Operation": -7074000.0,
        "Total Expenses": 6111000.0,
        "Total Operating Income As Reported": -5525000.0,
        "Diluted Average Shares": NaN,
        "Basic Average Shares": NaN,
        "Diluted EPS": NaN,
        "Basic EPS": NaN,
        "Diluted NI Availto Com Stockholders": -7074000.0,
        "Net Income Common Stockholders": -7074000.0,
        "Otherunder Preferred Stock Dividend": 0.0,
        "Net Income": -7074000.0,
        "Net Income Including Noncontrolling Interests": -7074000.0,
        "Net Income Continuous Operations": -7074000.0,
        "Tax Provision": 0.0,
        "Pretax Income": -7074000.0,
        "Other Non Operating Income Expenses": 37000.0,
        "Special Income Charges": 0.0,
        "Impairment Of Capital Assets": 0.0,
        "Operating Income": -5525000.0,
        "Operating Expense": 5561000.0,
        "Research And Development": 1062000.0,
        "Selling General And Administration": 4499000.0,
        "General And Administrative Expense": 4499000.0,
        "Gross Profit": 36000.0,
        "Cost Of Revenue": 550000.0,
        "Total Revenue": 586000.0,
        "Operating Revenue": 586000.0
    }
}