{
    "2023-03-31": {
        "Tax Effect Of Unusual Items": -286330000.0,
        "Tax Rate For Calcs": 0.19,
        "Normalized EBITDA": 8367000000.0,
        "Total Unusual Items": -1507000000.0,
        "Total Unusual Items Excluding Goodwill": -1507000000.0,
        "Net Income From Continuing Operation Net Minority Interest": 286000000.0,
        "Reconciled Depreciation": 4042000000.0,
        "Reconciled Cost Of Revenue": 6910000000.0,
        "EBITDA": 6860000000.0,
        "EBIT": 2818000000.0,
        "Net Interest Income": -6644000000.0,
        "Interest Expense": 3539000000.0,
        "Interest Income": 171000000.0,
        "Normalized Income": 1506670000.0,
        "Net Income From Continuing And Discontinued Operation": 286000000.0,
        "Total Expenses": 14207000000.0,
        "Diluted Average Shares": 376846553.0,
        "Basic Average Shares": 376846553.0,
        "Diluted EPS": 0.3,
        "Basic EPS": 0.3,
        "Diluted NI Availto Com Stockholders": 286000000.0,
        "Net Income Common Stockholders": 286000000.0,
        "Net Income": 286000000.0,
        "Net Income Including Noncontrolling Interests": 74000000.0,
        "Net Income Continuous Operations": 74000000.0,
        "Tax Provision": -795000000.0,
        "Pretax Income": -721000000.0,
        "Other Income Expense": -3189000000.0,
        "Other Non Operating Income Expenses": -1775000000.0,
        "Earnings From Equity Interest": NaN,
        "Gain On Sale Of Security": -1646000000.0,
        "Net Non Operating Interest Income Expense": -6644000000.0,
        "Interest Expense Non Operating": 3539000000.0,
        "Interest Income Non Operating": 171000000.0,
        "Operating Income": 9112000000.0,
        "Operating Expense": 7297000000.0,
        "Other Operating Expenses": -7783000000.0,
        "Depreciation Amortization Depletion Income Statement": 4042000000.0,
        "Depreciation And Amortization In Income Statement": 4042000000.0,
        "Selling General And Administration": 5333000000.0,
        "General And Administrative Expense": 5215000000.0,
        "Salaries And Wages": 1245000000.0,
        "Gross Profit": 16409000000.0,
        "Cost Of Revenue": 6910000000.0,
        "Total Revenue": 23319000000.0,
        "Operating Revenue": 23319000000.0
    },
    "2022-12-31": {
        "Tax Effect Of Unusual Items": NaN,
        "Tax Rate For Calcs": NaN,
        "Normalized EBITDA": NaN,
        "Total Unusual Items": NaN,
        "Total Unusual Items Excluding Goodwill": NaN,
        "Net Income From Continuing Operation Net Minority Interest": NaN,
        "Reconciled Depreciation": NaN,
        "Reconciled Cost Of Revenue": NaN,
        "EBITDA": NaN,
        "EBIT": NaN,
        "Net Interest Income": NaN,
        "Interest Expense": NaN,
        "Interest Income": NaN,
        "Normalized Income": NaN,
        "Net Income From Continuing And Discontinued Operation": NaN,
        "Total Expenses": NaN,
        "Diluted Average Shares": NaN,
        "Basic Average Shares": NaN,
        "Diluted EPS": NaN,
        "Basic EPS": NaN,
        "Diluted NI Availto Com Stockholders": NaN,
        "Net Income Common Stockholders": NaN,
        "Net Income": NaN,
        "Net Income Including Noncontrolling Interests": NaN,
        "Net Income Continuous Operations": NaN,
        "Tax Provision": NaN,
        "Pretax Income": NaN,
        "Other Income Expense": NaN,
        "Other Non Operating Income Expenses": NaN,
        "Earnings From Equity Interest": 0.0,
        "Gain On Sale Of Security": NaN,
        "Net Non Operating Interest Income Expense": NaN,
        "Interest Expense Non Operating": NaN,
        "Interest Income Non Operating": NaN,
        "Operating Income": NaN,
        "Operating Expense": NaN,
        "Other Operating Expenses": NaN,
        "Depreciation Amortization Depletion Income Statement": NaN,
        "Depreciation And Amortization In Income Statement": NaN,
        "Selling General And Administration": NaN,
        "General And Administrative Expense": NaN,
        "Salaries And Wages": NaN,
        "Gross Profit": NaN,
        "Cost Of Revenue": NaN,
        "Total Revenue": NaN,
        "Operating Revenue": NaN
    },
    "2022-09-30": {
        "Tax Effect Of Unusual Items": NaN,
        "Tax Rate For Calcs": NaN,
        "Normalized EBITDA": NaN,
        "Total Unusual Items": NaN,
        "Total Unusual Items Excluding Goodwill": NaN,
        "Net Income From Continuing Operation Net Minority Interest": NaN,
        "Reconciled Depreciation": NaN,
        "Reconciled Cost Of Revenue": NaN,
        "EBITDA": NaN,
        "EBIT": NaN,
        "Net Interest Income": NaN,
        "Interest Expense": NaN,
        "Interest Income": NaN,
        "Normalized Income": NaN,
        "Net Income From Continuing And Discontinued Operation": NaN,
        "Total Expenses": NaN,
        "Diluted Average Shares": NaN,
        "Basic Average Shares": NaN,
        "Diluted EPS": NaN,
        "Basic EPS": NaN,
        "Diluted NI Availto Com Stockholders": NaN,
        "Net Income Common Stockholders": NaN,
        "Net Income": NaN,
        "Net Income Including Noncontrolling Interests": NaN,
        "Net Income Continuous Operations": NaN,
        "Tax Provision": NaN,
        "Pretax Income": NaN,
        "Other Income Expense": NaN,
        "Other Non Operating Income Expenses": NaN,
        "Earnings From Equity Interest": 0.0,
        "Gain On Sale Of Security": NaN,
        "Net Non Operating Interest Income Expense": NaN,
        "Interest Expense Non Operating": NaN,
        "Interest Income Non Operating": NaN,
        "Operating Income": NaN,
        "Operating Expense": NaN,
        "Other Operating Expenses": NaN,
        "Depreciation Amortization Depletion Income Statement": NaN,
        "Depreciation And Amortization In Income Statement": NaN,
        "Selling General And Administration": NaN,
        "General And Administrative Expense": NaN,
        "Salaries And Wages": NaN,
        "Gross Profit": NaN,
        "Cost Of Revenue": NaN,
        "Total Revenue": NaN,
        "Operating Revenue": NaN
    },
    "2022-06-30": {
        "Tax Effect Of Unusual Items": 423600000.0,
        "Tax Rate For Calcs": 0.4,
        "Normalized EBITDA": 20242000000.0,
        "Total Unusual Items": 1059000000.0,
        "Total Unusual Items Excluding Goodwill": 1059000000.0,
        "Net Income From Continuing Operation Net Minority Interest": -104000000.0,
        "Reconciled Depreciation": 3829000000.0,
        "Reconciled Cost Of Revenue": 0.0,
        "EBITDA": 21301000000.0,
        "EBIT": 17472000000.0,
        "Net Interest Income": -15595000000.0,
        "Interest Expense": 16195000000.0,
        "Interest Income": 600000000.0,
        "Normalized Income": -739400000.0,
        "Net Income From Continuing And Discontinued Operation": -104000000.0,
        "Total Expenses": 4666000000.0,
        "Diluted Average Shares": 398076011.0,
        "Basic Average Shares": 398076011.0,
        "Diluted EPS": -0.26,
        "Basic EPS": -0.26,
        "Diluted NI Availto Com Stockholders": -104000000.0,
        "Net Income Common Stockholders": -104000000.0,
        "Net Income": -104000000.0,
        "Net Income Including Noncontrolling Interests": -104000000.0,
        "Net Income Continuous Operations": -104000000.0,
        "Tax Provision": 1381000000.0,
        "Pretax Income": 1277000000.0,
        "Other Income Expense": -636000000.0,
        "Other Non Operating Income Expenses": -1695000000.0,
        "Earnings From Equity Interest": NaN,
        "Gain On Sale Of Security": 1059000000.0,
        "Net Non Operating Interest Income Expense": -15595000000.0,
        "Interest Expense Non Operating": 16195000000.0,
        "Interest Income Non Operating": 600000000.0,
        "Operating Income": 17508000000.0,
        "Operating Expense": 4666000000.0,
        "Other Operating Expenses": -254000000.0,
        "Depreciation Amortization Depletion Income Statement": 3829000000.0,
        "Depreciation And Amortization In Income Statement": 3829000000.0,
        "Selling General And Administration": 1091000000.0,
        "General And Administrative Expense": 1091000000.0,
        "Salaries And Wages": 1091000000.0,
        "Gross Profit": 22174000000.0,
        "Cost Of Revenue": 0.0,
        "Total Revenue": 22174000000.0,
        "Operating Revenue": 22174000000.0
    },
    "2022-03-31": {
        "Diluted EPS": 0.79,
        "Total Revenue": 444,
        "Gross Profit": 444,
        "Operating Income": 535,
        "EBIT": 581,
        "Net Income": 18
    },
    "2021-12-31": {
        "Diluted EPS": -0.2,
        "Total Revenue": 181,
        "Gross Profit": 181,
        "Operating Income": -67,
        "EBIT": -19,
        "Net Income": -86
    },
    "2021-09-30": {
        "Diluted EPS": -0.72,
        "Total Revenue": 287,
        "Gross Profit": 287,
        "Operating Income": 70,
        "EBIT": 70,
        "Net Income": -139
    },
    "2021-06-30": {
        "Diluted EPS": -0.41,
        "Total Revenue": NaN,
        "Gross Profit": NaN,
        "Operating Income": -1,
        "EBIT": -1,
        "Net Income": -5
    },
    "2021-03-31": {
        "Diluted EPS": 0.33,
        "Total Revenue": NaN,
        "Gross Profit": NaN,
        "Operating Income": -1,
        "EBIT": -1,
        "Net Income": 4
    },
    "2020-12-31": {
        "Diluted EPS": 0.0,
        "Total Revenue": NaN,
        "Gross Profit": NaN,
        "Operating Income": NaN,
        "EBIT": NaN,
        "Net Income": NaN
    },
    "2020-09-30": {
        "Diluted EPS": 0.0,
        "Total Revenue": NaN,
        "Gross Profit": NaN,
        "Operating Income": NaN,
        "EBIT": NaN,
        "Net Income": NaN
    },
    "2023-06-30": {
        "Tax Effect Of Unusual Items": 32963430.561602,
        "Tax Rate For Calcs": 0.350675,
        "Normalized EBITDA": 19770000000.0,
        "Total Unusual Items": 94000000.0,
        "Total Unusual Items Excluding Goodwill": 94000000.0,
        "Net Income From Continuing Operation Net Minority Interest": 2983000000.0,
        "Reconciled Depreciation": 4193000000.0,
        "Reconciled Cost Of Revenue": 564000000.0,
        "EBITDA": 19864000000.0,
        "EBIT": 15671000000.0,
        "Net Interest Income": -9556000000.0,
        "Interest Expense": 11077000000.0,
        "Interest Income": 1521000000.0,
        "Normalized Income": 2921963430.561602,
        "Net Income From Continuing And Discontinued Operation": 2983000000.0,
        "Total Expenses": 7988000000.0,
        "Diluted Average Shares": 370014900.0,
        "Basic Average Shares": 370014900.0,
        "Diluted EPS": 7.41,
        "Basic EPS": 7.41,
        "Diluted NI Availto Com Stockholders": 2983000000.0,
        "Net Income Common Stockholders": 2983000000.0,
        "Net Income": 2983000000.0,
        "Net Income Including Noncontrolling Interests": 2983000000.0,
        "Net Income Continuous Operations": 2983000000.0,
        "Tax Provision": 1611000000.0,
        "Pretax Income": 4594000000.0,
        "Other Income Expense": 888000000.0,
        "Other Non Operating Income Expenses": 830000000.0,
        "Earnings From Equity Interest": -36000000.0,
        "Gain On Sale Of Security": 94000000.0,
        "Net Non Operating Interest Income Expense": -9556000000.0,
        "Interest Expense Non Operating": 11077000000.0,
        "Interest Income Non Operating": 1521000000.0,
        "Operating Income": 13262000000.0,
        "Operating Expense": 7424000000.0,
        "Other Operating Expenses": 2084000000.0,
        "Depreciation Amortization Depletion Income Statement": 4193000000.0,
        "Depreciation And Amortization In Income Statement": 4193000000.0,
        "Selling General And Administration": 1147000000.0,
        "General And Administrative Expense": 1147000000.0,
        "Salaries And Wages": 1147000000.0,
        "Gross Profit": 20686000000.0,
        "Cost Of Revenue": 564000000.0,
        "Total Revenue": 21250000000.0,
        "Operating Revenue": 21250000000.0
    },
    "2023-09-30": {
        "Tax Effect Of Unusual Items": 14664971.392244,
        "Tax Rate For Calcs": 0.20089,
        "Normalized EBITDA": 22032000000.0,
        "Total Unusual Items": 73000000.0,
        "Total Unusual Items Excluding Goodwill": 73000000.0,
        "Net Income From Continuing Operation Net Minority Interest": 3771000000.0,
        "Reconciled Depreciation": 4433000000.0,
        "Reconciled Cost Of Revenue": 1168000000.0,
        "EBITDA": 22105000000.0,
        "EBIT": 17672000000.0,
        "Net Interest Income": -11790000000.0,
        "Interest Expense": 12953000000.0,
        "Interest Income": 1163000000.0,
        "Normalized Income": 3712664971.392244,
        "Net Income From Continuing And Discontinued Operation": 3771000000.0,
        "Total Expenses": 10716000000.0,
        "Diluted Average Shares": 366410437.0,
        "Basic Average Shares": 366410437.0,
        "Diluted EPS": 9.38,
        "Basic EPS": 9.38,
        "Diluted NI Availto Com Stockholders": 3771000000.0,
        "Net Income Common Stockholders": 3771000000.0,
        "Net Income": 3771000000.0,
        "Net Income Including Noncontrolling Interests": 3771000000.0,
        "Net Income Continuous Operations": 3771000000.0,
        "Tax Provision": 948000000.0,
        "Pretax Income": 4719000000.0,
        "Other Income Expense": 1269000000.0,
        "Other Non Operating Income Expenses": 1245000000.0,
        "Earnings From Equity Interest": -49000000.0,
        "Gain On Sale Of Security": 73000000.0,
        "Net Non Operating Interest Income Expense": -11790000000.0,
        "Interest Expense Non Operating": 12953000000.0,
        "Interest Income Non Operating": 1163000000.0,
        "Operating Income": 15240000000.0,
        "Operating Expense": 9548000000.0,
        "Other Operating Expenses": 3966000000.0,
        "Depreciation Amortization Depletion Income Statement": 4433000000.0,
        "Depreciation And Amortization In Income Statement": 4433000000.0,
        "Selling General And Administration": 1149000000.0,
        "General And Administrative Expense": 1149000000.0,
        "Salaries And Wages": 1149000000.0,
        "Gross Profit": 24788000000.0,
        "Cost Of Revenue": 1168000000.0,
        "Total Revenue": 25956000000.0,
        "Operating Revenue": 25956000000.0
    },
    "2023-12-31": {
        "Tax Effect Of Unusual Items": -6971727.105101,
        "Tax Rate For Calcs": 0.011678,
        "Normalized EBITDA": 13555000000.0,
        "Total Unusual Items": -597000000.0,
        "Total Unusual Items Excluding Goodwill": -597000000.0,
        "Net Income From Continuing Operation Net Minority Interest": -3216000000.0,
        "Reconciled Depreciation": 4425000000.0,
        "Reconciled Cost Of Revenue": 1012000000.0,
        "EBITDA": 12958000000.0,
        "EBIT": 8533000000.0,
        "Net Interest Income": -10183000000.0,
        "Interest Expense": 11787000000.0,
        "Interest Income": 1604000000.0,
        "Normalized Income": -2625971727.105101,
        "Net Income From Continuing And Discontinued Operation": -3216000000.0,
        "Total Expenses": 9058000000.0,
        "Diluted Average Shares": 362988209.0,
        "Basic Average Shares": 362988209.0,
        "Diluted EPS": -8.3,
        "Basic EPS": -8.3,
        "Diluted NI Availto Com Stockholders": -3216000000.0,
        "Net Income Common Stockholders": -3216000000.0,
        "Net Income": -3216000000.0,
        "Net Income Including Noncontrolling Interests": -3216000000.0,
        "Net Income Continuous Operations": -3216000000.0,
        "Tax Provision": -38000000.0,
        "Pretax Income": -3254000000.0,
        "Other Income Expense": -6000000.0,
        "Other Non Operating Income Expenses": 640000000.0,
        "Earnings From Equity Interest": -49000000.0,
        "Gain On Sale Of Security": -597000000.0,
        "Net Non Operating Interest Income Expense": -10183000000.0,
        "Interest Expense Non Operating": 11787000000.0,
        "Interest Income Non Operating": 1604000000.0,
        "Operating Income": 6935000000.0,
        "Operating Expense": 8046000000.0,
        "Other Operating Expenses": 2298000000.0,
        "Depreciation Amortization Depletion Income Statement": 4425000000.0,
        "Depreciation And Amortization In Income Statement": 4425000000.0,
        "Selling General And Administration": 1323000000.0,
        "General And Administrative Expense": 1323000000.0,
        "Salaries And Wages": 1323000000.0,
        "Gross Profit": 14981000000.0,
        "Cost Of Revenue": 1012000000.0,
        "Total Revenue": 15993000000.0,
        "Operating Revenue": 15993000000.0
    },
    "2024-03-31": {
        "Tax Effect Of Unusual Items": 652000000.0,
        "Tax Rate For Calcs": 0.25,
        "Normalized EBITDA": 11218000000.0,
        "Total Unusual Items": 2608000000.0,
        "Total Unusual Items Excluding Goodwill": 2608000000.0,
        "Net Income From Continuing Operation Net Minority Interest": -134000000.0,
        "Reconciled Depreciation": 4532000000.0,
        "Reconciled Cost Of Revenue": 1100000000.0,
        "EBITDA": 13826000000.0,
        "EBIT": 9294000000.0,
        "Net Interest Income": -9363000000.0,
        "Interest Expense": 7211000000.0,
        "Interest Income": -201000000.0,
        "Normalized Income": -2090000000.0,
        "Net Income From Continuing And Discontinued Operation": -134000000.0,
        "Total Expenses": 7336000000.0,
        "Diluted Average Shares": 365087667.0,
        "Basic Average Shares": 362595364.0,
        "Diluted EPS": 1.29,
        "Basic EPS": 1.3,
        "Diluted NI Availto Com Stockholders": 96000000.0,
        "Net Income Common Stockholders": 96000000.0,
        "Net Income": -134000000.0,
        "Net Income Including Noncontrolling Interests": 609000000.0,
        "Net Income Continuous Operations": 609000000.0,
        "Tax Provision": 1474000000.0,
        "Pretax Income": 2083000000.0,
        "Other Income Expense": 662000000.0,
        "Other Non Operating Income Expenses": -1925000000.0,
        "Earnings From Equity Interest": -21000000.0,
        "Gain On Sale Of Security": -271000000.0,
        "Net Non Operating Interest Income Expense": -9363000000.0,
        "Interest Expense Non Operating": 7211000000.0,
        "Interest Income Non Operating": -201000000.0,
        "Operating Income": 10784000000.0,
        "Operating Expense": 6236000000.0,
        "Other Operating Expenses": -9458000000.0,
        "Depreciation Amortization Depletion Income Statement": 4532000000.0,
        "Depreciation And Amortization In Income Statement": 4532000000.0,
        "Selling General And Administration": 4982000000.0,
        "General And Administrative Expense": 4877000000.0,
        "Salaries And Wages": 931000000.0,
        "Gross Profit": 17020000000.0,
        "Cost Of Revenue": 1100000000.0,
        "Total Revenue": 18120000000.0,
        "Operating Revenue": 17772000000.0
    },
    "2024-06-30": {
        "Tax Effect Of Unusual Items": -19250000.0,
        "Tax Rate For Calcs": 0.25,
        "Normalized EBITDA": 19625000000.0,
        "Total Unusual Items": -77000000.0,
        "Total Unusual Items Excluding Goodwill": -77000000.0,
        "Net Income From Continuing Operation Net Minority Interest": 394000000.0,
        "Reconciled Depreciation": 4843000000.0,
        "Reconciled Cost Of Revenue": 237000000.0,
        "EBITDA": 19548000000.0,
        "EBIT": 14705000000.0,
        "Net Interest Income": -11061000000.0,
        "Interest Expense": 12215000000.0,
        "Interest Income": 1154000000.0,
        "Normalized Income": 451750000.0,
        "Net Income From Continuing And Discontinued Operation": 394000000.0,
        "Total Expenses": 9892000000.0,
        "Diluted Average Shares": 363037886.0,
        "Basic Average Shares": 362632768.0,
        "Diluted EPS": 0.24,
        "Basic EPS": 0.24,
        "Diluted NI Availto Com Stockholders": 394000000.0,
        "Net Income Common Stockholders": 394000000.0,
        "Net Income": 394000000.0,
        "Net Income Including Noncontrolling Interests": 394000000.0,
        "Net Income Continuous Operations": 394000000.0,
        "Tax Provision": 2096000000.0,
        "Pretax Income": 2490000000.0,
        "Other Income Expense": 632000000.0,
        "Other Non Operating Income Expenses": 754000000.0,
        "Earnings From Equity Interest": -45000000.0,
        "Gain On Sale Of Security": -77000000.0,
        "Net Non Operating Interest Income Expense": -11061000000.0,
        "Interest Expense Non Operating": 12215000000.0,
        "Interest Income Non Operating": 1154000000.0,
        "Operating Income": 12919000000.0,
        "Operating Expense": 9655000000.0,
        "Other Operating Expenses": 3375000000.0,
        "Depreciation Amortization Depletion Income Statement": 4843000000.0,
        "Depreciation And Amortization In Income Statement": 4843000000.0,
        "Selling General And Administration": 1437000000.0,
        "General And Administrative Expense": 1437000000.0,
        "Salaries And Wages": 1437000000.0,
        "Gross Profit": 22574000000.0,
        "Cost Of Revenue": 237000000.0,
        "Total Revenue": 22811000000.0,
        "Operating Revenue": 22811000000.0
    },
    "2024-09-30": {
        "Tax Effect Of Unusual Items": 113992775.919732,
        "Tax Rate For Calcs": 0.339264,
        "Normalized EBITDA": 24956000000.0,
        "Total Unusual Items": 336000000.0,
        "Total Unusual Items Excluding Goodwill": 336000000.0,
        "Net Income From Continuing Operation Net Minority Interest": 4939000000.0,
        "Reconciled Depreciation": 5220000000.0,
        "Reconciled Cost Of Revenue": 413000000.0,
        "EBITDA": 25292000000.0,
        "EBIT": 20072000000.0,
        "Net Interest Income": -11427000000.0,
        "Interest Expense": 12597000000.0,
        "Interest Income": 1170000000.0,
        "Normalized Income": 4716992775.919732,
        "Net Income From Continuing And Discontinued Operation": 4939000000.0,
        "Total Expenses": 9457000000.0,
        "Diluted Average Shares": 365025281.0,
        "Basic Average Shares": 362647876.0,
        "Diluted EPS": 11.87,
        "Basic EPS": 11.94,
        "Diluted NI Availto Com Stockholders": 4939000000.0,
        "Net Income Common Stockholders": 4939000000.0,
        "Net Income": 4939000000.0,
        "Net Income Including Noncontrolling Interests": 4939000000.0,
        "Net Income Continuous Operations": 4939000000.0,
        "Tax Provision": 2536000000.0,
        "Pretax Income": 7475000000.0,
        "Other Income Expense": 1624000000.0,
        "Other Non Operating Income Expenses": 1366000000.0,
        "Earnings From Equity Interest": -78000000.0,
        "Gain On Sale Of Security": 336000000.0,
        "Net Non Operating Interest Income Expense": -11427000000.0,
        "Interest Expense Non Operating": 12597000000.0,
        "Interest Income Non Operating": 1170000000.0,
        "Operating Income": 17278000000.0,
        "Operating Expense": 9044000000.0,
        "Other Operating Expenses": 2668000000.0,
        "Depreciation Amortization Depletion Income Statement": 5220000000.0,
        "Depreciation And Amortization In Income Statement": 5220000000.0,
        "Selling General And Administration": 1156000000.0,
        "General And Administrative Expense": 1156000000.0,
        "Salaries And Wages": 1156000000.0,
        "Gross Profit": 26322000000.0,
        "Cost Of Revenue": 413000000.0,
        "Total Revenue": 26735000000.0,
        "Operating Revenue": 26735000000.0
    }
}