{
    "2023-03-31": {
        "Tax Effect Of Unusual Items": 0.0,
        "Tax Rate For Calcs": 0.0,
        "Normalized EBITDA": -3261000.0,
        "Total Unusual Items": NaN,
        "Total Unusual Items Excluding Goodwill": NaN,
        "Net Income From Continuing Operation Net Minority Interest": -3257000.0,
        "Reconciled Depreciation": 0.0,
        "EBITDA": -3261000.0,
        "EBIT": -3261000.0,
        "Net Interest Income": 4000.0,
        "Interest Income": 4000.0,
        "Normalized Income": -3257000.0,
        "Net Income From Continuing And Discontinued Operation": -3257000.0,
        "Total Expenses": 3261000.0,
        "Total Operating Income As Reported": -3261000.0,
        "Diluted Average Shares": 9089989.0,
        "Basic Average Shares": 9089989.0,
        "Diluted EPS": -0.36,
        "Basic EPS": -0.36,
        "Diluted NI Availto Com Stockholders": -3257000.0,
        "Net Income Common Stockholders": -3257000.0,
        "Net Income": -3257000.0,
        "Net Income Including Noncontrolling Interests": -3257000.0,
        "Net Income Continuous Operations": -3257000.0,
        "Pretax Income": -3257000.0,
        "Other Income Expense": NaN,
        "Other Non Operating Income Expenses": NaN,
        "Special Income Charges": NaN,
        "Restructuring And Mergern Acquisition": NaN,
        "Gain On Sale Of Security": NaN,
        "Net Non Operating Interest Income Expense": 4000.0,
        "Interest Income Non Operating": 4000.0,
        "Operating Income": -3261000.0,
        "Operating Expense": 3261000.0,
        "Research And Development": 1338000.0,
        "Selling General And Administration": 1923000.0,
        "General And Administrative Expense": 1923000.0,
        "Other Gand A": 1923000.0,
        "Total Revenue": 0.0,
        "Operating Revenue": 0.0
    },
    "2022-12-31": {
        "Tax Effect Of Unusual Items": NaN,
        "Tax Rate For Calcs": NaN,
        "Normalized EBITDA": NaN,
        "Total Unusual Items": 0.0,
        "Total Unusual Items Excluding Goodwill": 0.0,
        "Net Income From Continuing Operation Net Minority Interest": NaN,
        "Reconciled Depreciation": 0.0,
        "EBITDA": NaN,
        "EBIT": NaN,
        "Net Interest Income": NaN,
        "Interest Income": NaN,
        "Normalized Income": NaN,
        "Net Income From Continuing And Discontinued Operation": NaN,
        "Total Expenses": NaN,
        "Total Operating Income As Reported": NaN,
        "Diluted Average Shares": NaN,
        "Basic Average Shares": NaN,
        "Diluted EPS": NaN,
        "Basic EPS": NaN,
        "Diluted NI Availto Com Stockholders": NaN,
        "Net Income Common Stockholders": NaN,
        "Net Income": NaN,
        "Net Income Including Noncontrolling Interests": NaN,
        "Net Income Continuous Operations": NaN,
        "Pretax Income": NaN,
        "Other Income Expense": 0.0,
        "Other Non Operating Income Expenses": 0.0,
        "Special Income Charges": 0.0,
        "Restructuring And Mergern Acquisition": NaN,
        "Gain On Sale Of Security": NaN,
        "Net Non Operating Interest Income Expense": NaN,
        "Interest Income Non Operating": NaN,
        "Operating Income": NaN,
        "Operating Expense": NaN,
        "Research And Development": NaN,
        "Selling General And Administration": NaN,
        "General And Administrative Expense": NaN,
        "Other Gand A": NaN,
        "Total Revenue": NaN,
        "Operating Revenue": NaN
    },
    "2022-09-30": {
        "Tax Effect Of Unusual Items": NaN,
        "Tax Rate For Calcs": NaN,
        "Normalized EBITDA": NaN,
        "Total Unusual Items": NaN,
        "Total Unusual Items Excluding Goodwill": NaN,
        "Net Income From Continuing Operation Net Minority Interest": NaN,
        "Reconciled Depreciation": NaN,
        "EBITDA": NaN,
        "EBIT": NaN,
        "Net Interest Income": NaN,
        "Interest Income": 22000.0,
        "Normalized Income": NaN,
        "Net Income From Continuing And Discontinued Operation": NaN,
        "Total Expenses": NaN,
        "Total Operating Income As Reported": NaN,
        "Diluted Average Shares": 9067509.0,
        "Basic Average Shares": 9067509.0,
        "Diluted EPS": -0.24,
        "Basic EPS": -0.24,
        "Diluted NI Availto Com Stockholders": NaN,
        "Net Income Common Stockholders": NaN,
        "Net Income": NaN,
        "Net Income Including Noncontrolling Interests": NaN,
        "Net Income Continuous Operations": NaN,
        "Pretax Income": NaN,
        "Other Income Expense": NaN,
        "Other Non Operating Income Expenses": 3000.0,
        "Special Income Charges": 0.0,
        "Restructuring And Mergern Acquisition": 0.0,
        "Gain On Sale Of Security": NaN,
        "Net Non Operating Interest Income Expense": NaN,
        "Total Other Finance Cost": -22000.0,
        "Interest Income Non Operating": 22000.0,
        "Operating Income": NaN,
        "Operating Expense": NaN,
        "Research And Development": NaN,
        "Selling General And Administration": NaN,
        "General And Administrative Expense": NaN,
        "Other Gand A": NaN,
        "Total Revenue": NaN,
        "Operating Revenue": NaN
    },
    "2022-06-30": {
        "Tax Effect Of Unusual Items": 0.0,
        "Tax Rate For Calcs": 0.0,
        "Normalized EBITDA": -2611000.0,
        "Total Unusual Items": 0.0,
        "Total Unusual Items Excluding Goodwill": 0.0,
        "Net Income From Continuing Operation Net Minority Interest": -2594000.0,
        "Reconciled Depreciation": 3000.0,
        "EBITDA": -2611000.0,
        "EBIT": -2614000.0,
        "Net Interest Income": 20000.0,
        "Interest Income": NaN,
        "Normalized Income": -2594000.0,
        "Net Income From Continuing And Discontinued Operation": -2594000.0,
        "Total Expenses": 2614000.0,
        "Total Operating Income As Reported": -2614000.0,
        "Diluted Average Shares": 9057185.0,
        "Basic Average Shares": 9057185.0,
        "Diluted EPS": -0.29,
        "Basic EPS": -0.29,
        "Diluted NI Availto Com Stockholders": -2594000.0,
        "Net Income Common Stockholders": -2594000.0,
        "Net Income": -2594000.0,
        "Net Income Including Noncontrolling Interests": -2594000.0,
        "Net Income Continuous Operations": -2594000.0,
        "Pretax Income": -2594000.0,
        "Other Income Expense": NaN,
        "Other Non Operating Income Expenses": NaN,
        "Special Income Charges": 0.0,
        "Restructuring And Mergern Acquisition": NaN,
        "Gain On Sale Of Security": NaN,
        "Net Non Operating Interest Income Expense": 20000.0,
        "Total Other Finance Cost": -20000.0,
        "Interest Income Non Operating": NaN,
        "Operating Income": -2614000.0,
        "Operating Expense": 2614000.0,
        "Research And Development": 1390000.0,
        "Selling General And Administration": 1224000.0,
        "General And Administrative Expense": 1224000.0,
        "Other Gand A": 1224000.0,
        "Total Revenue": 0.0,
        "Operating Revenue": 0.0
    },
    "2022-03-31": {
        "Diluted EPS": -0.33,
        "Total Revenue": NaN,
        "Gross Profit": NaN,
        "Operating Income": -3,
        "EBIT": -3,
        "Net Income": -3
    },
    "2021-12-31": {
        "Diluted EPS": 0.14,
        "Total Revenue": NaN,
        "Gross Profit": NaN,
        "Operating Income": -2,
        "EBIT": -2,
        "Net Income": -2
    },
    "2021-09-30": {
        "Diluted EPS": -0.27,
        "Total Revenue": NaN,
        "Gross Profit": NaN,
        "Operating Income": -1,
        "EBIT": -1,
        "Net Income": -2
    },
    "2021-06-30": {
        "Diluted EPS": -0.57,
        "Total Revenue": NaN,
        "Gross Profit": NaN,
        "Operating Income": -1,
        "EBIT": -1,
        "Net Income": -1
    },
    "2021-03-31": {
        "Diluted EPS": -0.51,
        "Total Revenue": NaN,
        "Gross Profit": NaN,
        "Operating Income": -1,
        "EBIT": -1,
        "Net Income": -1
    },
    "2020-12-31": {
        "Diluted EPS": 0.0,
        "Total Revenue": NaN,
        "Gross Profit": NaN,
        "Operating Income": NaN,
        "EBIT": NaN,
        "Net Income": NaN
    },
    "2020-09-30": {
        "Diluted EPS": -0.48,
        "Total Revenue": NaN,
        "Gross Profit": NaN,
        "Operating Income": -1,
        "EBIT": -1,
        "Net Income": -1
    },
    "2020-06-30": {
        "Diluted EPS": -0.35,
        "Total Revenue": NaN,
        "Gross Profit": NaN,
        "Operating Income": -1,
        "EBIT": -1,
        "Net Income": -1
    },
    "2019-12-31": {
        "Diluted EPS": 0.0,
        "Total Revenue": NaN,
        "Gross Profit": NaN,
        "Operating Income": NaN,
        "EBIT": NaN,
        "Net Income": NaN
    },
    "2023-06-30": {
        "Tax Effect Of Unusual Items": 0.0,
        "Tax Rate For Calcs": 0.0,
        "Normalized EBITDA": -4373000.0,
        "Total Unusual Items": 998000.0,
        "Total Unusual Items Excluding Goodwill": 998000.0,
        "Net Income From Continuing Operation Net Minority Interest": -2327000.0,
        "Reconciled Depreciation": 0.0,
        "EBITDA": -3375000.0,
        "EBIT": -3375000.0,
        "Net Interest Income": 50000.0,
        "Interest Income": 50000.0,
        "Normalized Income": -3325000.0,
        "Net Income From Continuing And Discontinued Operation": -2327000.0,
        "Total Expenses": 3375000.0,
        "Total Operating Income As Reported": -3375000.0,
        "Diluted Average Shares": 10655155.0,
        "Basic Average Shares": 10655155.0,
        "Diluted EPS": -0.22,
        "Basic EPS": -0.22,
        "Diluted NI Availto Com Stockholders": -2327000.0,
        "Net Income Common Stockholders": -2327000.0,
        "Net Income": -2327000.0,
        "Net Income Including Noncontrolling Interests": -2327000.0,
        "Net Income Continuous Operations": -2327000.0,
        "Pretax Income": -2327000.0,
        "Other Income Expense": 998000.0,
        "Other Non Operating Income Expenses": NaN,
        "Special Income Charges": -575000.0,
        "Restructuring And Mergern Acquisition": 575000.0,
        "Gain On Sale Of Security": 1573000.0,
        "Net Non Operating Interest Income Expense": 50000.0,
        "Interest Income Non Operating": 50000.0,
        "Operating Income": -3375000.0,
        "Operating Expense": 3375000.0,
        "Research And Development": 1925000.0,
        "Selling General And Administration": 1450000.0,
        "General And Administrative Expense": 1450000.0,
        "Other Gand A": 1450000.0,
        "Total Revenue": 0.0,
        "Operating Revenue": 0.0
    },
    "2023-09-30": {
        "Tax Effect Of Unusual Items": 0.0,
        "Tax Rate For Calcs": 0.0,
        "Normalized EBITDA": -4502000.0,
        "Total Unusual Items": 1519000.0,
        "Total Unusual Items Excluding Goodwill": 1519000.0,
        "Net Income From Continuing Operation Net Minority Interest": -1421000.0,
        "Reconciled Depreciation": 0.0,
        "EBITDA": -2983000.0,
        "EBIT": -2983000.0,
        "Net Interest Income": 43000.0,
        "Interest Income": 43000.0,
        "Normalized Income": -2940000.0,
        "Net Income From Continuing And Discontinued Operation": -1421000.0,
        "Total Expenses": 2983000.0,
        "Total Operating Income As Reported": -2983000.0,
        "Diluted Average Shares": 10693080.0,
        "Basic Average Shares": 10693080.0,
        "Diluted EPS": -0.13,
        "Basic EPS": -0.13,
        "Diluted NI Availto Com Stockholders": -1421000.0,
        "Net Income Common Stockholders": -1421000.0,
        "Net Income": -1421000.0,
        "Net Income Including Noncontrolling Interests": -1421000.0,
        "Net Income Continuous Operations": -1421000.0,
        "Pretax Income": -1421000.0,
        "Other Income Expense": 1519000.0,
        "Other Non Operating Income Expenses": NaN,
        "Special Income Charges": 0.0,
        "Restructuring And Mergern Acquisition": 0.0,
        "Gain On Sale Of Security": 1519000.0,
        "Net Non Operating Interest Income Expense": 43000.0,
        "Interest Income Non Operating": 43000.0,
        "Operating Income": -2983000.0,
        "Operating Expense": 2983000.0,
        "Research And Development": 1629000.0,
        "Selling General And Administration": 1354000.0,
        "General And Administrative Expense": 1354000.0,
        "Other Gand A": 1354000.0,
        "Total Revenue": 0.0,
        "Operating Revenue": 0.0
    },
    "2023-12-31": {
        "Tax Effect Of Unusual Items": 0.0,
        "Tax Rate For Calcs": 0.0,
        "Normalized EBITDA": -969000.0,
        "Total Unusual Items": -808000.0,
        "Total Unusual Items Excluding Goodwill": -808000.0,
        "Net Income From Continuing Operation Net Minority Interest": -3227000.0,
        "Reconciled Depreciation": 0.0,
        "EBITDA": -1777000.0,
        "EBIT": -1777000.0,
        "Net Interest Income": -642000.0,
        "Interest Income": NaN,
        "Normalized Income": -2419000.0,
        "Net Income From Continuing And Discontinued Operation": -3227000.0,
        "Total Expenses": 1777000.0,
        "Total Operating Income As Reported": -1777000.0,
        "Diluted Average Shares": NaN,
        "Basic Average Shares": NaN,
        "Diluted EPS": NaN,
        "Basic EPS": NaN,
        "Diluted NI Availto Com Stockholders": -3227000.0,
        "Net Income Common Stockholders": -3227000.0,
        "Net Income": -3227000.0,
        "Net Income Including Noncontrolling Interests": -3227000.0,
        "Net Income Continuous Operations": -3227000.0,
        "Pretax Income": -3227000.0,
        "Other Income Expense": -808000.0,
        "Other Non Operating Income Expenses": NaN,
        "Special Income Charges": NaN,
        "Restructuring And Mergern Acquisition": NaN,
        "Gain On Sale Of Security": -1383000.0,
        "Net Non Operating Interest Income Expense": -642000.0,
        "Interest Income Non Operating": NaN,
        "Operating Income": -1777000.0,
        "Operating Expense": 1777000.0,
        "Research And Development": 775000.0,
        "Selling General And Administration": 1002000.0,
        "General And Administrative Expense": 1002000.0,
        "Other Gand A": -1466000.0,
        "Total Revenue": 0.0,
        "Operating Revenue": 0.0
    },
    "2024-03-31": {
        "Tax Effect Of Unusual Items": 0.0,
        "Tax Rate For Calcs": 0.0,
        "Normalized EBITDA": -3839000.0,
        "Total Unusual Items": 1363000.0,
        "Total Unusual Items Excluding Goodwill": 1363000.0,
        "Net Income From Continuing Operation Net Minority Interest": -1076000.0,
        "Reconciled Depreciation": NaN,
        "EBITDA": -2476000.0,
        "EBIT": -2476000.0,
        "Net Interest Income": 37000.0,
        "Interest Income": 37000.0,
        "Normalized Income": -2439000.0,
        "Net Income From Continuing And Discontinued Operation": -1076000.0,
        "Total Expenses": 2476000.0,
        "Total Operating Income As Reported": -2476000.0,
        "Diluted Average Shares": 14947500.0,
        "Basic Average Shares": 14947500.0,
        "Diluted EPS": -0.07,
        "Basic EPS": -0.07,
        "Diluted NI Availto Com Stockholders": -1076000.0,
        "Net Income Common Stockholders": -1076000.0,
        "Net Income": -1076000.0,
        "Net Income Including Noncontrolling Interests": -1076000.0,
        "Net Income Continuous Operations": -1076000.0,
        "Pretax Income": -1076000.0,
        "Other Income Expense": 1363000.0,
        "Other Non Operating Income Expenses": NaN,
        "Special Income Charges": NaN,
        "Restructuring And Mergern Acquisition": NaN,
        "Gain On Sale Of Security": 1363000.0,
        "Net Non Operating Interest Income Expense": 37000.0,
        "Interest Income Non Operating": 37000.0,
        "Operating Income": -2476000.0,
        "Operating Expense": 2476000.0,
        "Research And Development": 1257000.0,
        "Selling General And Administration": 1219000.0,
        "General And Administrative Expense": 1219000.0,
        "Other Gand A": 1219000.0,
        "Total Revenue": 0.0,
        "Operating Revenue": 0.0
    }
}