{
    "2023-03-31": {
        "Tax Effect Of Unusual Items": NaN,
        "Tax Rate For Calcs": NaN,
        "Normalized EBITDA": NaN,
        "Total Unusual Items": NaN,
        "Total Unusual Items Excluding Goodwill": NaN,
        "Net Income From Continuing Operation Net Minority Interest": NaN,
        "Reconciled Depreciation": NaN,
        "Reconciled Cost Of Revenue": NaN,
        "EBITDA": NaN,
        "EBIT": NaN,
        "Net Interest Income": NaN,
        "Interest Expense": NaN,
        "Interest Income": NaN,
        "Normalized Income": NaN,
        "Net Income From Continuing And Discontinued Operation": NaN,
        "Total Expenses": NaN,
        "Total Operating Income As Reported": NaN,
        "Diluted Average Shares": NaN,
        "Basic Average Shares": NaN,
        "Diluted EPS": NaN,
        "Basic EPS": NaN,
        "Diluted NI Availto Com Stockholders": NaN,
        "Net Income Common Stockholders": NaN,
        "Net Income": NaN,
        "Minority Interests": NaN,
        "Net Income Including Noncontrolling Interests": NaN,
        "Net Income Discontinuous Operations": NaN,
        "Net Income Continuous Operations": NaN,
        "Tax Provision": NaN,
        "Pretax Income": NaN,
        "Other Income Expense": NaN,
        "Other Non Operating Income Expenses": NaN,
        "Special Income Charges": NaN,
        "Gain On Sale Of Business": NaN,
        "Other Special Charges": 0.0,
        "Restructuring And Mergern Acquisition": NaN,
        "Gain On Sale Of Security": NaN,
        "Net Non Operating Interest Income Expense": NaN,
        "Interest Expense Non Operating": NaN,
        "Interest Income Non Operating": NaN,
        "Operating Income": NaN,
        "Operating Expense": NaN,
        "Research And Development": NaN,
        "Selling General And Administration": NaN,
        "Selling And Marketing Expense": NaN,
        "General And Administrative Expense": NaN,
        "Other Gand A": NaN,
        "Salaries And Wages": NaN,
        "Gross Profit": NaN,
        "Cost Of Revenue": NaN,
        "Total Revenue": NaN,
        "Operating Revenue": NaN
    },
    "2022-12-31": {
        "Tax Effect Of Unusual Items": NaN,
        "Tax Rate For Calcs": NaN,
        "Normalized EBITDA": NaN,
        "Total Unusual Items": NaN,
        "Total Unusual Items Excluding Goodwill": NaN,
        "Net Income From Continuing Operation Net Minority Interest": NaN,
        "Reconciled Depreciation": NaN,
        "Reconciled Cost Of Revenue": NaN,
        "EBITDA": NaN,
        "EBIT": NaN,
        "Net Interest Income": NaN,
        "Interest Expense": NaN,
        "Interest Income": NaN,
        "Normalized Income": NaN,
        "Net Income From Continuing And Discontinued Operation": NaN,
        "Total Expenses": NaN,
        "Total Operating Income As Reported": NaN,
        "Diluted Average Shares": NaN,
        "Basic Average Shares": NaN,
        "Diluted EPS": NaN,
        "Basic EPS": NaN,
        "Diluted NI Availto Com Stockholders": NaN,
        "Net Income Common Stockholders": NaN,
        "Net Income": NaN,
        "Minority Interests": NaN,
        "Net Income Including Noncontrolling Interests": NaN,
        "Net Income Continuous Operations": NaN,
        "Tax Provision": NaN,
        "Pretax Income": NaN,
        "Other Income Expense": NaN,
        "Other Non Operating Income Expenses": NaN,
        "Special Income Charges": NaN,
        "Gain On Sale Of Business": NaN,
        "Other Special Charges": 97749000.0,
        "Restructuring And Mergern Acquisition": NaN,
        "Gain On Sale Of Security": NaN,
        "Net Non Operating Interest Income Expense": NaN,
        "Interest Expense Non Operating": NaN,
        "Interest Income Non Operating": NaN,
        "Operating Income": NaN,
        "Operating Expense": NaN,
        "Research And Development": NaN,
        "Selling General And Administration": NaN,
        "Selling And Marketing Expense": NaN,
        "General And Administrative Expense": 168261000.0,
        "Other Gand A": 117520000.0,
        "Salaries And Wages": 50741000.0,
        "Gross Profit": NaN,
        "Cost Of Revenue": NaN,
        "Total Revenue": NaN,
        "Operating Revenue": NaN
    },
    "2022-09-30": {
        "Tax Effect Of Unusual Items": NaN,
        "Tax Rate For Calcs": NaN,
        "Normalized EBITDA": NaN,
        "Total Unusual Items": NaN,
        "Total Unusual Items Excluding Goodwill": NaN,
        "Net Income From Continuing Operation Net Minority Interest": NaN,
        "Reconciled Depreciation": NaN,
        "Reconciled Cost Of Revenue": NaN,
        "EBITDA": NaN,
        "EBIT": NaN,
        "Net Interest Income": NaN,
        "Interest Expense": NaN,
        "Interest Income": NaN,
        "Normalized Income": NaN,
        "Net Income From Continuing And Discontinued Operation": NaN,
        "Total Expenses": NaN,
        "Total Operating Income As Reported": NaN,
        "Diluted Average Shares": NaN,
        "Basic Average Shares": NaN,
        "Diluted EPS": NaN,
        "Basic EPS": NaN,
        "Diluted NI Availto Com Stockholders": NaN,
        "Net Income Common Stockholders": NaN,
        "Net Income": NaN,
        "Minority Interests": NaN,
        "Net Income Including Noncontrolling Interests": NaN,
        "Net Income Continuous Operations": NaN,
        "Tax Provision": NaN,
        "Pretax Income": NaN,
        "Other Income Expense": NaN,
        "Other Non Operating Income Expenses": NaN,
        "Special Income Charges": NaN,
        "Gain On Sale Of Business": NaN,
        "Other Special Charges": NaN,
        "Restructuring And Mergern Acquisition": NaN,
        "Gain On Sale Of Security": NaN,
        "Net Non Operating Interest Income Expense": NaN,
        "Interest Expense Non Operating": NaN,
        "Interest Income Non Operating": NaN,
        "Operating Income": NaN,
        "Operating Expense": NaN,
        "Research And Development": NaN,
        "Selling General And Administration": NaN,
        "Selling And Marketing Expense": NaN,
        "General And Administrative Expense": 157663000.0,
        "Other Gand A": 157663000.0,
        "Salaries And Wages": NaN,
        "Gross Profit": NaN,
        "Cost Of Revenue": NaN,
        "Total Revenue": NaN,
        "Operating Revenue": NaN
    },
    "2022-06-30": {
        "Tax Effect Of Unusual Items": -9818800.0,
        "Tax Rate For Calcs": 0.4,
        "Normalized EBITDA": -322626000.0,
        "Total Unusual Items": -24547000.0,
        "Total Unusual Items Excluding Goodwill": -24547000.0,
        "Net Income From Continuing Operation Net Minority Interest": -331809000.0,
        "Reconciled Depreciation": NaN,
        "Reconciled Cost Of Revenue": 1726000.0,
        "EBITDA": -347173000.0,
        "EBIT": -347173000.0,
        "Net Interest Income": -631000.0,
        "Interest Expense": 2612000.0,
        "Interest Income": 1981000.0,
        "Normalized Income": -317080800.0,
        "Net Income From Continuing And Discontinued Operation": -331809000.0,
        "Total Expenses": 286628000.0,
        "Total Operating Income As Reported": -282309000.0,
        "Diluted Average Shares": 695878859.0,
        "Basic Average Shares": 695878859.0,
        "Diluted EPS": -0.48,
        "Basic EPS": -0.48,
        "Diluted NI Availto Com Stockholders": -331809000.0,
        "Net Income Common Stockholders": -331809000.0,
        "Net Income": -331809000.0,
        "Minority Interests": 21975000.0,
        "Net Income Including Noncontrolling Interests": -353784000.0,
        "Net Income Discontinuous Operations": NaN,
        "Net Income Continuous Operations": -353784000.0,
        "Tax Provision": 3999000.0,
        "Pretax Income": -349785000.0,
        "Other Income Expense": -66845000.0,
        "Other Non Operating Income Expenses": -42298000.0,
        "Special Income Charges": 0.0,
        "Gain On Sale Of Business": NaN,
        "Restructuring And Mergern Acquisition": 0.0,
        "Gain On Sale Of Security": -24547000.0,
        "Net Non Operating Interest Income Expense": -631000.0,
        "Interest Expense Non Operating": 2612000.0,
        "Interest Income Non Operating": 1981000.0,
        "Operating Income": -282309000.0,
        "Operating Expense": 284902000.0,
        "Research And Development": 135830000.0,
        "Selling General And Administration": 149072000.0,
        "Selling And Marketing Expense": NaN,
        "General And Administrative Expense": 149072000.0,
        "Other Gand A": 149072000.0,
        "Gross Profit": 2593000.0,
        "Cost Of Revenue": 1726000.0,
        "Total Revenue": 4319000.0,
        "Operating Revenue": 4319000.0
    },
    "2022-03-31": {
        "Diluted EPS": -0.4,
        "Total Revenue": 9,
        "Gross Profit": 9,
        "Operating Income": -267,
        "EBIT": -265,
        "Net Income": -270
    },
    "2021-12-31": {
        "Diluted EPS": -0.41,
        "Total Revenue": 24,
        "Gross Profit": 23,
        "Operating Income": -246,
        "EBIT": -245,
        "Net Income": -285
    },
    "2021-09-30": {
        "Diluted EPS": -0.32,
        "Total Revenue": 14,
        "Gross Profit": 8,
        "Operating Income": -684,
        "EBIT": -684,
        "Net Income": -208
    },
    "2021-06-30": {
        "Diluted EPS": -0.13,
        "Total Revenue": 8,
        "Gross Profit": 7,
        "Operating Income": -154,
        "EBIT": -154,
        "Net Income": -82
    },
    "2021-03-31": {
        "Diluted EPS": -0.79,
        "Total Revenue": 15,
        "Gross Profit": 15,
        "Operating Income": -541,
        "EBIT": -541,
        "Net Income": -510
    },
    "2020-12-31": {
        "Diluted EPS": -0.41,
        "Total Revenue": 6,
        "Gross Profit": 5,
        "Operating Income": -259,
        "EBIT": -259,
        "Net Income": -261
    },
    "2020-09-30": {
        "Diluted EPS": -0.06,
        "Total Revenue": 1,
        "Gross Profit": 1,
        "Operating Income": -157,
        "EBIT": -157,
        "Net Income": -35
    },
    "2020-06-30": {
        "Diluted EPS": -0.02,
        "Total Revenue": 2,
        "Gross Profit": 1,
        "Operating Income": -114,
        "EBIT": -114,
        "Net Income": -3
    },
    "2023-06-30": {
        "Tax Effect Of Unusual Items": NaN,
        "Tax Rate For Calcs": NaN,
        "Normalized EBITDA": NaN,
        "Total Unusual Items": NaN,
        "Total Unusual Items Excluding Goodwill": NaN,
        "Net Income From Continuing Operation Net Minority Interest": NaN,
        "Reconciled Depreciation": NaN,
        "Reconciled Cost Of Revenue": NaN,
        "EBITDA": NaN,
        "EBIT": NaN,
        "Net Interest Income": NaN,
        "Interest Expense": 8912000.0,
        "Interest Income": NaN,
        "Normalized Income": NaN,
        "Net Income From Continuing And Discontinued Operation": NaN,
        "Total Expenses": NaN,
        "Total Operating Income As Reported": NaN,
        "Diluted Average Shares": 759273550.0,
        "Basic Average Shares": 759273550.0,
        "Diluted EPS": -0.38,
        "Basic EPS": -0.38,
        "Diluted NI Availto Com Stockholders": NaN,
        "Net Income Common Stockholders": NaN,
        "Net Income": NaN,
        "Minority Interests": NaN,
        "Net Income Including Noncontrolling Interests": NaN,
        "Net Income Discontinuous Operations": NaN,
        "Net Income Continuous Operations": NaN,
        "Tax Provision": NaN,
        "Pretax Income": NaN,
        "Other Income Expense": NaN,
        "Other Non Operating Income Expenses": NaN,
        "Special Income Charges": NaN,
        "Gain On Sale Of Business": NaN,
        "Other Special Charges": 12500000.0,
        "Restructuring And Mergern Acquisition": NaN,
        "Gain On Sale Of Security": NaN,
        "Net Non Operating Interest Income Expense": NaN,
        "Interest Expense Non Operating": 8912000.0,
        "Interest Income Non Operating": NaN,
        "Operating Income": NaN,
        "Operating Expense": NaN,
        "Research And Development": NaN,
        "Selling General And Administration": NaN,
        "Selling And Marketing Expense": 156190000.0,
        "General And Administrative Expense": 156190000.0,
        "Other Gand A": 114998000.0,
        "Salaries And Wages": 41192000.0,
        "Gross Profit": NaN,
        "Cost Of Revenue": NaN,
        "Total Revenue": NaN,
        "Operating Revenue": NaN
    },
    "2023-09-30": {
        "Tax Effect Of Unusual Items": -8064550.0,
        "Tax Rate For Calcs": 0.19,
        "Normalized EBITDA": -151909000.0,
        "Total Unusual Items": -42445000.0,
        "Total Unusual Items Excluding Goodwill": -42445000.0,
        "Net Income From Continuing Operation Net Minority Interest": -217851000.0,
        "Reconciled Depreciation": 5587000.0,
        "Reconciled Cost Of Revenue": 223000.0,
        "EBITDA": -194354000.0,
        "EBIT": -199941000.0,
        "Net Interest Income": 14299000.0,
        "Interest Expense": 9247000.0,
        "Interest Income": 14299000.0,
        "Normalized Income": -183470550.0,
        "Net Income From Continuing And Discontinued Operation": -304327000.0,
        "Total Expenses": 203589000.0,
        "Total Operating Income As Reported": -213891000.0,
        "Diluted Average Shares": 770227849.0,
        "Basic Average Shares": 770227849.0,
        "Diluted EPS": -0.4,
        "Basic EPS": -0.4,
        "Diluted NI Availto Com Stockholders": -304327000.0,
        "Net Income Common Stockholders": -304327000.0,
        "Net Income": -304327000.0,
        "Minority Interests": 26791000.0,
        "Net Income Including Noncontrolling Interests": -331118000.0,
        "Net Income Discontinuous Operations": -86476000.0,
        "Net Income Continuous Operations": -244642000.0,
        "Tax Provision": 3236000.0,
        "Pretax Income": -241406000.0,
        "Other Income Expense": -55764000.0,
        "Other Non Operating Income Expenses": -13319000.0,
        "Special Income Charges": 3404000.0,
        "Gain On Sale Of Business": 17354000.0,
        "Other Special Charges": 13950000.0,
        "Restructuring And Mergern Acquisition": 13950000.0,
        "Gain On Sale Of Security": -45849000.0,
        "Net Non Operating Interest Income Expense": 14299000.0,
        "Interest Expense Non Operating": 9247000.0,
        "Interest Income Non Operating": 14299000.0,
        "Operating Income": -199941000.0,
        "Operating Expense": 203366000.0,
        "Research And Development": 114790000.0,
        "Selling General And Administration": 88576000.0,
        "Selling And Marketing Expense": NaN,
        "General And Administrative Expense": 88576000.0,
        "Other Gand A": 50821000.0,
        "Salaries And Wages": 37755000.0,
        "Gross Profit": 3425000.0,
        "Cost Of Revenue": 223000.0,
        "Total Revenue": 3648000.0,
        "Operating Revenue": 3648000.0
    },
    "2023-12-31": {
        "Tax Effect Of Unusual Items": 26689715.0,
        "Tax Rate For Calcs": 0.005,
        "Normalized EBITDA": -224777000.0,
        "Total Unusual Items": 5337943000.0,
        "Total Unusual Items Excluding Goodwill": 5337943000.0,
        "Net Income From Continuing Operation Net Minority Interest": 5096184000.0,
        "Reconciled Depreciation": 5385000.0,
        "Reconciled Cost Of Revenue": 3668000.0,
        "EBITDA": 5113166000.0,
        "EBIT": 5107781000.0,
        "Net Interest Income": 22509000.0,
        "Interest Expense": 9444000.0,
        "Interest Income": 31953000.0,
        "Normalized Income": -215069285.0,
        "Net Income From Continuing And Discontinued Operation": 5096184000.0,
        "Total Expenses": 324667000.0,
        "Total Operating Income As Reported": 5060883000.0,
        "Diluted Average Shares": 844461685.0,
        "Basic Average Shares": 800587716.0,
        "Diluted EPS": 6.03,
        "Basic EPS": 6.37,
        "Diluted NI Availto Com Stockholders": 5096184000.0,
        "Net Income Common Stockholders": 5096184000.0,
        "Net Income": 5096184000.0,
        "Minority Interests": 23519000.0,
        "Net Income Including Noncontrolling Interests": 5072665000.0,
        "Net Income Discontinuous Operations": NaN,
        "Net Income Continuous Operations": 5072665000.0,
        "Tax Provision": 25672000.0,
        "Pretax Income": 5098337000.0,
        "Other Income Expense": 5363355000.0,
        "Other Non Operating Income Expenses": 25412000.0,
        "Special Income Charges": 5348410000.0,
        "Gain On Sale Of Business": 5348410000.0,
        "Other Special Charges": NaN,
        "Restructuring And Mergern Acquisition": 0.0,
        "Gain On Sale Of Security": -10467000.0,
        "Net Non Operating Interest Income Expense": 22509000.0,
        "Interest Expense Non Operating": 9444000.0,
        "Interest Income Non Operating": 31953000.0,
        "Operating Income": -287527000.0,
        "Operating Expense": 320999000.0,
        "Research And Development": 123717000.0,
        "Selling General And Administration": 197282000.0,
        "Selling And Marketing Expense": NaN,
        "General And Administrative Expense": 197282000.0,
        "Other Gand A": 150338000.0,
        "Salaries And Wages": 46944000.0,
        "Gross Profit": 33472000.0,
        "Cost Of Revenue": 3668000.0,
        "Total Revenue": 37140000.0,
        "Operating Revenue": 37140000.0
    },
    "2024-03-31": {
        "Tax Effect Of Unusual Items": 1465519.083013,
        "Tax Rate For Calcs": 0.046784,
        "Normalized EBITDA": -210378000.0,
        "Total Unusual Items": 31325000.0,
        "Total Unusual Items Excluding Goodwill": 31325000.0,
        "Net Income From Continuing Operation Net Minority Interest": -151115000.0,
        "Reconciled Depreciation": 5225000.0,
        "Reconciled Cost Of Revenue": 4412000.0,
        "EBITDA": -179053000.0,
        "EBIT": -184278000.0,
        "Net Interest Income": 76283000.0,
        "Interest Expense": 7175000.0,
        "Interest Income": 83458000.0,
        "Normalized Income": -180974480.916987,
        "Net Income From Continuing And Discontinued Operation": -151115000.0,
        "Total Expenses": 294930000.0,
        "Total Operating Income As Reported": -266000000.0,
        "Diluted Average Shares": NaN,
        "Basic Average Shares": NaN,
        "Diluted EPS": NaN,
        "Basic EPS": NaN,
        "Diluted NI Availto Com Stockholders": -151115000.0,
        "Net Income Common Stockholders": -151115000.0,
        "Net Income": -151115000.0,
        "Minority Interests": 31381000.0,
        "Net Income Including Noncontrolling Interests": -182496000.0,
        "Net Income Discontinuous Operations": NaN,
        "Net Income Continuous Operations": -182496000.0,
        "Tax Provision": -8957000.0,
        "Pretax Income": -191453000.0,
        "Other Income Expense": -1736000.0,
        "Other Non Operating Income Expenses": -33061000.0,
        "Special Income Charges": 15418000.0,
        "Gain On Sale Of Business": 15418000.0,
        "Other Special Charges": NaN,
        "Restructuring And Mergern Acquisition": 0.0,
        "Gain On Sale Of Security": 15907000.0,
        "Net Non Operating Interest Income Expense": 76283000.0,
        "Interest Expense Non Operating": 7175000.0,
        "Interest Income Non Operating": 83458000.0,
        "Operating Income": -266000000.0,
        "Operating Expense": 290518000.0,
        "Research And Development": 120902000.0,
        "Selling General And Administration": 169616000.0,
        "Selling And Marketing Expense": NaN,
        "General And Administrative Expense": NaN,
        "Other Gand A": NaN,
        "Salaries And Wages": NaN,
        "Gross Profit": 24518000.0,
        "Cost Of Revenue": 4412000.0,
        "Total Revenue": 28930000.0,
        "Operating Revenue": 28930000.0
    },
    "2024-06-30": {
        "Tax Effect Of Unusual Items": 22610340.0,
        "Tax Rate For Calcs": 0.18,
        "Normalized EBITDA": -37186000.0,
        "Total Unusual Items": 125613000.0,
        "Total Unusual Items Excluding Goodwill": 125613000.0,
        "Net Income From Continuing Operation Net Minority Interest": 95297000.0,
        "Reconciled Depreciation": 4883000.0,
        "Reconciled Cost Of Revenue": 3978000.0,
        "EBITDA": 88427000.0,
        "EBIT": 83544000.0,
        "Net Interest Income": 58728000.0,
        "Interest Expense": 13399000.0,
        "Interest Income": 72127000.0,
        "Normalized Income": -7705660.0,
        "Net Income From Continuing And Discontinued Operation": 95297000.0,
        "Total Expenses": 285705000.0,
        "Total Operating Income As Reported": -120186000.0,
        "Diluted Average Shares": 781627601.0,
        "Basic Average Shares": 735816536.0,
        "Diluted EPS": 0.12,
        "Basic EPS": 0.13,
        "Diluted NI Availto Com Stockholders": 95297000.0,
        "Net Income Common Stockholders": 95297000.0,
        "Net Income": 95297000.0,
        "Minority Interests": 37807000.0,
        "Net Income Including Noncontrolling Interests": 57490000.0,
        "Net Income Discontinuous Operations": NaN,
        "Net Income Continuous Operations": 57490000.0,
        "Tax Provision": 12655000.0,
        "Pretax Income": 70145000.0,
        "Other Income Expense": 241990000.0,
        "Other Non Operating Income Expenses": 116377000.0,
        "Special Income Charges": 110387000.0,
        "Gain On Sale Of Business": 110387000.0,
        "Other Special Charges": NaN,
        "Restructuring And Mergern Acquisition": 0.0,
        "Gain On Sale Of Security": 15226000.0,
        "Net Non Operating Interest Income Expense": 58728000.0,
        "Interest Expense Non Operating": 13399000.0,
        "Interest Income Non Operating": 72127000.0,
        "Operating Income": -230573000.0,
        "Operating Expense": 281727000.0,
        "Research And Development": 133208000.0,
        "Selling General And Administration": 148519000.0,
        "Selling And Marketing Expense": NaN,
        "General And Administrative Expense": 148519000.0,
        "Other Gand A": 109375000.0,
        "Salaries And Wages": 39144000.0,
        "Gross Profit": 51154000.0,
        "Cost Of Revenue": 3978000.0,
        "Total Revenue": 55132000.0,
        "Operating Revenue": 55132000.0
    },
    "2024-09-30": {
        "Tax Effect Of Unusual Items": 12093750.0,
        "Tax Rate For Calcs": 0.25,
        "Normalized EBITDA": -385246000.0,
        "Total Unusual Items": 48375000.0,
        "Total Unusual Items Excluding Goodwill": 48375000.0,
        "Net Income From Continuing Operation Net Minority Interest": -187101000.0,
        "Reconciled Depreciation": 4842000.0,
        "Reconciled Cost Of Revenue": 234000.0,
        "EBITDA": -336871000.0,
        "EBIT": -341713000.0,
        "Net Interest Income": 69773000.0,
        "Interest Expense": NaN,
        "Interest Income": 69773000.0,
        "Normalized Income": -223382250.0,
        "Net Income From Continuing And Discontinued Operation": -230184000.0,
        "Total Expenses": 346188000.0,
        "Total Operating Income As Reported": -341713000.0,
        "Diluted Average Shares": 735470796.0,
        "Basic Average Shares": 735470796.0,
        "Diluted EPS": -0.31,
        "Basic EPS": -0.31,
        "Diluted NI Availto Com Stockholders": -230184000.0,
        "Net Income Common Stockholders": -230184000.0,
        "Net Income": -230184000.0,
        "Minority Interests": 49740000.0,
        "Net Income Including Noncontrolling Interests": -279924000.0,
        "Net Income Discontinuous Operations": -43083000.0,
        "Net Income Continuous Operations": -236841000.0,
        "Tax Provision": 12458000.0,
        "Pretax Income": -224383000.0,
        "Other Income Expense": 47557000.0,
        "Other Non Operating Income Expenses": -818000.0,
        "Special Income Charges": 0.0,
        "Gain On Sale Of Business": 0.0,
        "Other Special Charges": NaN,
        "Restructuring And Mergern Acquisition": 0.0,
        "Gain On Sale Of Security": 48375000.0,
        "Net Non Operating Interest Income Expense": 69773000.0,
        "Interest Expense Non Operating": NaN,
        "Interest Income Non Operating": 69773000.0,
        "Operating Income": -341713000.0,
        "Operating Expense": 345954000.0,
        "Research And Development": 143073000.0,
        "Selling General And Administration": 202881000.0,
        "Selling And Marketing Expense": NaN,
        "General And Administrative Expense": 202881000.0,
        "Other Gand A": 143438000.0,
        "Salaries And Wages": 59443000.0,
        "Gross Profit": 4241000.0,
        "Cost Of Revenue": 234000.0,
        "Total Revenue": 4475000.0,
        "Operating Revenue": 4475000.0
    }
}