{
    "2023-03-31": {
        "Tax Effect Of Unusual Items": 10143000.0,
        "Tax Rate For Calcs": 0.161,
        "Normalized EBITDA": 386300000.0,
        "Total Unusual Items": 63000000.0,
        "Total Unusual Items Excluding Goodwill": 63000000.0,
        "Net Income From Continuing Operation Net Minority Interest": 300300000.0,
        "Reconciled Depreciation": 62100000.0,
        "Reconciled Cost Of Revenue": 1342900000.0,
        "EBITDA": 449300000.0,
        "EBIT": 387200000.0,
        "Net Interest Income": -34500000.0,
        "Interest Expense": 35800000.0,
        "Interest Income": 1300000.0,
        "Normalized Income": 247443000.0,
        "Net Income From Continuing And Discontinued Operation": 300300000.0,
        "Total Expenses": 1949500000.0,
        "Diluted Average Shares": 115600000.0,
        "Basic Average Shares": 114800000.0,
        "Diluted EPS": 2.59,
        "Basic EPS": 2.6,
        "Diluted NI Availto Com Stockholders": 299000000.0,
        "Net Income Common Stockholders": 299000000.0,
        "Otherunder Preferred Stock Dividend": 1300000.0,
        "Net Income": 300300000.0,
        "Minority Interests": 5400000.0,
        "Net Income Including Noncontrolling Interests": 294900000.0,
        "Net Income Continuous Operations": 294900000.0,
        "Tax Provision": 56500000.0,
        "Pretax Income": 351400000.0,
        "Other Income Expense": 60000000.0,
        "Other Non Operating Income Expenses": -3000000.0,
        "Gain On Sale Of Security": 63000000.0,
        "Net Non Operating Interest Income Expense": -34500000.0,
        "Interest Expense Non Operating": 35800000.0,
        "Interest Income Non Operating": 1300000.0,
        "Operating Income": 325900000.0,
        "Operating Expense": 606600000.0,
        "Selling General And Administration": 606600000.0,
        "General And Administrative Expense": 606600000.0,
        "Other Gand A": 501200000.0,
        "Salaries And Wages": 105400000.0,
        "Gross Profit": 932500000.0,
        "Cost Of Revenue": 1342900000.0,
        "Total Revenue": 2275400000.0,
        "Operating Revenue": 2275400000.0
    },
    "2022-12-31": {
        "Tax Effect Of Unusual Items": NaN,
        "Tax Rate For Calcs": NaN,
        "Normalized EBITDA": NaN,
        "Total Unusual Items": NaN,
        "Total Unusual Items Excluding Goodwill": NaN,
        "Net Income From Continuing Operation Net Minority Interest": NaN,
        "Reconciled Depreciation": NaN,
        "Reconciled Cost Of Revenue": NaN,
        "EBITDA": NaN,
        "EBIT": NaN,
        "Net Interest Income": NaN,
        "Interest Expense": NaN,
        "Interest Income": NaN,
        "Normalized Income": NaN,
        "Net Income From Continuing And Discontinued Operation": NaN,
        "Total Expenses": NaN,
        "Diluted Average Shares": NaN,
        "Basic Average Shares": NaN,
        "Diluted EPS": NaN,
        "Basic EPS": NaN,
        "Diluted NI Availto Com Stockholders": NaN,
        "Net Income Common Stockholders": NaN,
        "Otherunder Preferred Stock Dividend": 1500000.0,
        "Net Income": NaN,
        "Minority Interests": 5300000.0,
        "Net Income Including Noncontrolling Interests": NaN,
        "Net Income Continuous Operations": NaN,
        "Tax Provision": NaN,
        "Pretax Income": NaN,
        "Other Income Expense": NaN,
        "Other Non Operating Income Expenses": NaN,
        "Gain On Sale Of Security": NaN,
        "Net Non Operating Interest Income Expense": NaN,
        "Interest Expense Non Operating": NaN,
        "Interest Income Non Operating": NaN,
        "Operating Income": NaN,
        "Operating Expense": NaN,
        "Selling General And Administration": NaN,
        "General And Administrative Expense": NaN,
        "Other Gand A": NaN,
        "Salaries And Wages": NaN,
        "Gross Profit": NaN,
        "Cost Of Revenue": NaN,
        "Total Revenue": NaN,
        "Operating Revenue": NaN
    },
    "2022-09-30": {
        "Tax Effect Of Unusual Items": NaN,
        "Tax Rate For Calcs": NaN,
        "Normalized EBITDA": NaN,
        "Total Unusual Items": NaN,
        "Total Unusual Items Excluding Goodwill": NaN,
        "Net Income From Continuing Operation Net Minority Interest": NaN,
        "Reconciled Depreciation": NaN,
        "Reconciled Cost Of Revenue": NaN,
        "EBITDA": NaN,
        "EBIT": NaN,
        "Net Interest Income": NaN,
        "Interest Expense": NaN,
        "Interest Income": NaN,
        "Normalized Income": NaN,
        "Net Income From Continuing And Discontinued Operation": NaN,
        "Total Expenses": NaN,
        "Diluted Average Shares": NaN,
        "Basic Average Shares": NaN,
        "Diluted EPS": NaN,
        "Basic EPS": NaN,
        "Diluted NI Availto Com Stockholders": NaN,
        "Net Income Common Stockholders": NaN,
        "Otherunder Preferred Stock Dividend": NaN,
        "Net Income": NaN,
        "Minority Interests": NaN,
        "Net Income Including Noncontrolling Interests": NaN,
        "Net Income Continuous Operations": NaN,
        "Tax Provision": NaN,
        "Pretax Income": NaN,
        "Other Income Expense": NaN,
        "Other Non Operating Income Expenses": NaN,
        "Special Income Charges": 0.0,
        "Gain On Sale Of Security": NaN,
        "Net Non Operating Interest Income Expense": NaN,
        "Interest Expense Non Operating": NaN,
        "Interest Income Non Operating": NaN,
        "Operating Income": NaN,
        "Operating Expense": NaN,
        "Selling General And Administration": NaN,
        "General And Administrative Expense": NaN,
        "Other Gand A": NaN,
        "Salaries And Wages": NaN,
        "Gross Profit": NaN,
        "Cost Of Revenue": NaN,
        "Total Revenue": NaN,
        "Operating Revenue": NaN
    },
    "2022-06-30": {
        "Tax Effect Of Unusual Items": -754000.0,
        "Tax Rate For Calcs": 0.145,
        "Normalized EBITDA": 437000000.0,
        "Total Unusual Items": -5200000.0,
        "Total Unusual Items Excluding Goodwill": -5200000.0,
        "Net Income From Continuing Operation Net Minority Interest": 297900000.0,
        "Reconciled Depreciation": 56800000.0,
        "Reconciled Cost Of Revenue": 1166300000.0,
        "EBITDA": 431800000.0,
        "EBIT": 375000000.0,
        "Net Interest Income": -30200000.0,
        "Interest Expense": 30800000.0,
        "Interest Income": 600000.0,
        "Normalized Income": 302346000.0,
        "Net Income From Continuing And Discontinued Operation": 297900000.0,
        "Total Expenses": 1608300000.0,
        "Diluted Average Shares": 116500000.0,
        "Basic Average Shares": 116000000.0,
        "Diluted EPS": 2.55,
        "Basic EPS": 2.56,
        "Diluted NI Availto Com Stockholders": 296900000.0,
        "Net Income Common Stockholders": 296900000.0,
        "Otherunder Preferred Stock Dividend": 1000000.0,
        "Net Income": 297900000.0,
        "Minority Interests": 3100000.0,
        "Net Income Including Noncontrolling Interests": 294800000.0,
        "Net Income Continuous Operations": 294800000.0,
        "Tax Provision": 49400000.0,
        "Pretax Income": 344200000.0,
        "Other Income Expense": 14000000.0,
        "Other Non Operating Income Expenses": 19200000.0,
        "Special Income Charges": 0.0,
        "Gain On Sale Of Security": -5200000.0,
        "Net Non Operating Interest Income Expense": -30200000.0,
        "Interest Expense Non Operating": 30800000.0,
        "Interest Income Non Operating": 600000.0,
        "Operating Income": 360400000.0,
        "Operating Expense": 442000000.0,
        "Selling General And Administration": 442000000.0,
        "Gross Profit": 802400000.0,
        "Cost Of Revenue": 1166300000.0,
        "Total Revenue": 1968700000.0,
        "Operating Revenue": 1968700000.0
    },
    "2023-06-30": {
        "Tax Effect Of Unusual Items": 13283500.0,
        "Tax Rate For Calcs": 0.155,
        "Normalized EBITDA": 482600000.0,
        "Total Unusual Items": 85700000.0,
        "Total Unusual Items Excluding Goodwill": 85700000.0,
        "Net Income From Continuing Operation Net Minority Interest": 400200000.0,
        "Reconciled Depreciation": 62100000.0,
        "Reconciled Cost Of Revenue": 1323300000.0,
        "EBITDA": 568300000.0,
        "EBIT": 506200000.0,
        "Net Interest Income": -32900000.0,
        "Interest Expense": 34400000.0,
        "Interest Income": 1500000.0,
        "Normalized Income": 327783500.0,
        "Net Income From Continuing And Discontinued Operation": 400200000.0,
        "Total Expenses": 1824700000.0,
        "Diluted Average Shares": 115600000.0,
        "Basic Average Shares": 114800000.0,
        "Diluted EPS": 3.45,
        "Basic EPS": 3.47,
        "Diluted NI Availto Com Stockholders": 398500000.0,
        "Net Income Common Stockholders": 398500000.0,
        "Otherunder Preferred Stock Dividend": 1700000.0,
        "Net Income": 400200000.0,
        "Minority Interests": 1500000.0,
        "Net Income Including Noncontrolling Interests": 398700000.0,
        "Net Income Continuous Operations": 398700000.0,
        "Tax Provision": 73100000.0,
        "Pretax Income": 471800000.0,
        "Other Income Expense": 90700000.0,
        "Other Non Operating Income Expenses": 5000000.0,
        "Gain On Sale Of Security": 85700000.0,
        "Net Non Operating Interest Income Expense": -32900000.0,
        "Interest Expense Non Operating": 34400000.0,
        "Interest Income Non Operating": 1500000.0,
        "Operating Income": 414000000.0,
        "Operating Expense": 501400000.0,
        "Selling General And Administration": 501400000.0,
        "General And Administrative Expense": NaN,
        "Other Gand A": NaN,
        "Salaries And Wages": NaN,
        "Gross Profit": 915400000.0,
        "Cost Of Revenue": 1323300000.0,
        "Total Revenue": 2238700000.0,
        "Operating Revenue": 2238700000.0
    },
    "2022-03-31": {
        "Diluted EPS": 0.46,
        "Total Revenue": NaN,
        "Gross Profit": 664,
        "Operating Income": 41,
        "EBIT": 134,
        "Net Income": 54
    },
    "2021-12-31": {
        "Diluted EPS": 2.05,
        "Total Revenue": NaN,
        "Gross Profit": 749,
        "Operating Income": 283,
        "EBIT": 371,
        "Net Income": 242
    },
    "2021-09-30": {
        "Diluted EPS": 0.66,
        "Total Revenue": NaN,
        "Gross Profit": 719,
        "Operating Income": 4,
        "EBIT": 85,
        "Net Income": 79
    },
    "2021-06-30": {
        "Diluted EPS": 2.32,
        "Total Revenue": NaN,
        "Gross Profit": 764,
        "Operating Income": 314,
        "EBIT": 382,
        "Net Income": 271
    },
    "2021-03-31": {
        "Diluted EPS": 3.54,
        "Total Revenue": NaN,
        "Gross Profit": 767,
        "Operating Income": 508,
        "EBIT": 577,
        "Net Income": 415
    },
    "2020-12-31": {
        "Diluted EPS": 5.06,
        "Total Revenue": NaN,
        "Gross Profit": 647,
        "Operating Income": 701,
        "EBIT": 767,
        "Net Income": 593
    },
    "2020-09-30": {
        "Diluted EPS": 2.25,
        "Total Revenue": NaN,
        "Gross Profit": 639,
        "Operating Income": 300,
        "EBIT": 371,
        "Net Income": 263
    },
    "2020-06-30": {
        "Diluted EPS": 2.73,
        "Total Revenue": NaN,
        "Gross Profit": 554,
        "Operating Income": 335,
        "EBIT": 403,
        "Net Income": 318
    },
    "2020-03-31": {
        "Diluted EPS": 1.13,
        "Total Revenue": NaN,
        "Gross Profit": 699,
        "Operating Income": 167,
        "EBIT": 235,
        "Net Income": 132
    },
    "2019-12-31": {
        "Diluted EPS": 2.66,
        "Total Revenue": NaN,
        "Gross Profit": 703,
        "Operating Income": 335,
        "EBIT": 403,
        "Net Income": 311
    },
    "2019-09-30": {
        "Diluted EPS": 0.09,
        "Total Revenue": NaN,
        "Gross Profit": 723,
        "Operating Income": 56,
        "EBIT": 123,
        "Net Income": 8
    },
    "2019-06-30": {
        "Diluted EPS": 2.2,
        "Total Revenue": NaN,
        "Gross Profit": 730,
        "Operating Income": 321,
        "EBIT": 385,
        "Net Income": 261
    },
    "2019-03-31": {
        "Diluted EPS": 2.88,
        "Total Revenue": NaN,
        "Gross Profit": 708,
        "Operating Income": 402,
        "EBIT": 466,
        "Net Income": 346
    },
    "2018-12-31": {
        "Diluted EPS": 0.66,
        "Total Revenue": NaN,
        "Gross Profit": 739,
        "Operating Income": 121,
        "EBIT": 177,
        "Net Income": 80
    },
    "2018-09-30": {
        "Diluted EPS": 2.7,
        "Total Revenue": NaN,
        "Gross Profit": 736,
        "Operating Income": 482,
        "EBIT": 541,
        "Net Income": 346
    },
    "2018-06-30": {
        "Diluted EPS": 1.58,
        "Total Revenue": NaN,
        "Gross Profit": 745,
        "Operating Income": 252,
        "EBIT": 310,
        "Net Income": 199
    },
    "2018-03-31": {
        "Diluted EPS": 1.77,
        "Total Revenue": NaN,
        "Gross Profit": 704,
        "Operating Income": 300,
        "EBIT": 360,
        "Net Income": 227
    },
    "2017-12-31": {
        "Diluted EPS": -1.84,
        "Total Revenue": NaN,
        "Gross Profit": 700,
        "Operating Income": 298,
        "EBIT": 357,
        "Net Income": -236
    },
    "2017-09-30": {
        "Diluted EPS": 1.58,
        "Total Revenue": NaN,
        "Gross Profit": 691,
        "Operating Income": 274,
        "EBIT": 338,
        "Net Income": 205
    },
    "2017-06-30": {
        "Diluted EPS": 1.67,
        "Total Revenue": NaN,
        "Gross Profit": 678,
        "Operating Income": 276,
        "EBIT": 338,
        "Net Income": 217
    },
    "2017-03-31": {
        "Diluted EPS": 1.45,
        "Total Revenue": NaN,
        "Gross Profit": 657,
        "Operating Income": 230,
        "EBIT": 290,
        "Net Income": 189
    },
    "2016-12-31": {
        "Diluted EPS": 1.65,
        "Total Revenue": NaN,
        "Gross Profit": 642,
        "Operating Income": 258,
        "EBIT": 317,
        "Net Income": 215
    },
    "2016-09-30": {
        "Diluted EPS": 1.42,
        "Total Revenue": NaN,
        "Gross Profit": 652,
        "Operating Income": 237,
        "EBIT": 298,
        "Net Income": 186
    },
    "2016-06-30": {
        "Diluted EPS": 1.46,
        "Total Revenue": NaN,
        "Gross Profit": 617,
        "Operating Income": 252,
        "EBIT": 313,
        "Net Income": 191
    },
    "2016-03-31": {
        "Diluted EPS": 1.28,
        "Total Revenue": NaN,
        "Gross Profit": 594,
        "Operating Income": 217,
        "EBIT": 280,
        "Net Income": 168
    },
    "2015-12-31": {
        "Diluted EPS": 1.4,
        "Total Revenue": NaN,
        "Gross Profit": 613,
        "Operating Income": 237,
        "EBIT": 296,
        "Net Income": 185
    },
    "2015-09-30": {
        "Diluted EPS": 1.5,
        "Total Revenue": NaN,
        "Gross Profit": 664,
        "Operating Income": 279,
        "EBIT": 337,
        "Net Income": 202
    },
    "2015-06-30": {
        "Diluted EPS": 1.52,
        "Total Revenue": NaN,
        "Gross Profit": 678,
        "Operating Income": 285,
        "EBIT": 342,
        "Net Income": 206
    },
    "2015-03-31": {
        "Diluted EPS": 1.51,
        "Total Revenue": NaN,
        "Gross Profit": 673,
        "Operating Income": 277,
        "EBIT": 331,
        "Net Income": 206
    },
    "2014-12-31": {
        "Diluted EPS": 1.56,
        "Total Revenue": NaN,
        "Gross Profit": 688,
        "Operating Income": 288,
        "EBIT": 343,
        "Net Income": 214
    },
    "2014-09-30": {
        "Diluted EPS": 1.79,
        "Total Revenue": NaN,
        "Gross Profit": 753,
        "Operating Income": 339,
        "EBIT": 392,
        "Net Income": 249
    },
    "2014-06-30": {
        "Diluted EPS": 1.43,
        "Total Revenue": NaN,
        "Gross Profit": 682,
        "Operating Income": 274,
        "EBIT": 329,
        "Net Income": 199
    },
    "2014-03-31": {
        "Diluted EPS": 1.28,
        "Total Revenue": NaN,
        "Gross Profit": 656,
        "Operating Income": 248,
        "EBIT": 302,
        "Net Income": 180
    },
    "2013-12-31": {
        "Diluted EPS": 1.41,
        "Total Revenue": NaN,
        "Gross Profit": 664,
        "Operating Income": 273,
        "EBIT": 324,
        "Net Income": 198
    },
    "2013-09-30": {
        "Diluted EPS": 1.53,
        "Total Revenue": NaN,
        "Gross Profit": 697,
        "Operating Income": 279,
        "EBIT": 330,
        "Net Income": 215
    },
    "2013-06-30": {
        "Diluted EPS": 1.45,
        "Total Revenue": NaN,
        "Gross Profit": 653,
        "Operating Income": 257,
        "EBIT": 310,
        "Net Income": 204
    },
    "2013-03-31": {
        "Diluted EPS": 1.24,
        "Total Revenue": NaN,
        "Gross Profit": 616,
        "Operating Income": 227,
        "EBIT": 279,
        "Net Income": 176
    },
    "2012-12-31": {
        "Diluted EPS": 1.14,
        "Total Revenue": NaN,
        "Gross Profit": 607,
        "Operating Income": 217,
        "EBIT": 268,
        "Net Income": 161
    },
    "2012-09-30": {
        "Diluted EPS": 1.37,
        "Total Revenue": NaN,
        "Gross Profit": 654,
        "Operating Income": 255,
        "EBIT": 306,
        "Net Income": 196
    },
    "2012-06-30": {
        "Diluted EPS": 1.33,
        "Total Revenue": NaN,
        "Gross Profit": 632,
        "Operating Income": 245,
        "EBIT": 295,
        "Net Income": 190
    },
    "2012-03-31": {
        "Diluted EPS": 1.16,
        "Total Revenue": NaN,
        "Gross Profit": 618,
        "Operating Income": 223,
        "EBIT": 274,
        "Net Income": 168
    },
    "2011-12-31": {
        "Diluted EPS": 1.27,
        "Total Revenue": NaN,
        "Gross Profit": 619,
        "Operating Income": 243,
        "EBIT": 291,
        "Net Income": 183
    },
    "2011-09-30": {
        "Diluted EPS": 1.39,
        "Total Revenue": NaN,
        "Gross Profit": 663,
        "Operating Income": 256,
        "EBIT": 305,
        "Net Income": 202
    },
    "2011-06-30": {
        "Diluted EPS": 1.23,
        "Total Revenue": NaN,
        "Gross Profit": 607,
        "Operating Income": 221,
        "EBIT": 269,
        "Net Income": 179
    },
    "2011-03-31": {
        "Diluted EPS": 1.14,
        "Total Revenue": NaN,
        "Gross Profit": 577,
        "Operating Income": 204,
        "EBIT": 251,
        "Net Income": 166
    },
    "2010-12-31": {
        "Diluted EPS": 1.04,
        "Total Revenue": NaN,
        "Gross Profit": 544,
        "Operating Income": 187,
        "EBIT": 233,
        "Net Income": 150
    },
    "2010-09-30": {
        "Diluted EPS": 0.91,
        "Total Revenue": NaN,
        "Gross Profit": 529,
        "Operating Income": 158,
        "EBIT": 206,
        "Net Income": 130
    },
    "2010-06-30": {
        "Diluted EPS": 0.83,
        "Total Revenue": NaN,
        "Gross Profit": 507,
        "Operating Income": 156,
        "EBIT": 201,
        "Net Income": 119
    },
    "2010-03-31": {
        "Diluted EPS": 0.95,
        "Total Revenue": NaN,
        "Gross Profit": 473,
        "Operating Income": 134,
        "EBIT": 181,
        "Net Income": 137
    },
    "2009-12-31": {
        "Diluted EPS": 0.53,
        "Total Revenue": NaN,
        "Gross Profit": 427,
        "Operating Income": 97,
        "EBIT": 144,
        "Net Income": 77
    },
    "2009-09-30": {
        "Diluted EPS": 0.2,
        "Total Revenue": NaN,
        "Gross Profit": 365,
        "Operating Income": 29,
        "EBIT": 79,
        "Net Income": 29
    },
    "2009-06-30": {
        "Diluted EPS": 0.23,
        "Total Revenue": NaN,
        "Gross Profit": 370,
        "Operating Income": 50,
        "EBIT": 100,
        "Net Income": 33
    },
    "2009-03-31": {
        "Diluted EPS": 0.29,
        "Total Revenue": NaN,
        "Gross Profit": 364,
        "Operating Income": 55,
        "EBIT": 103,
        "Net Income": 41
    },
    "2023-09-30": {
        "Tax Effect Of Unusual Items": -58946912.413359,
        "Tax Rate For Calcs": 0.351922,
        "Normalized EBITDA": 584300000.0,
        "Total Unusual Items": -167500000.0,
        "Total Unusual Items Excluding Goodwill": -167500000.0,
        "Net Income From Continuing Operation Net Minority Interest": 193500000.0,
        "Reconciled Depreciation": 68400000.0,
        "Reconciled Cost Of Revenue": 1507400000.0,
        "EBITDA": 416800000.0,
        "EBIT": 348400000.0,
        "Net Interest Income": -25400000.0,
        "Interest Expense": 31000000.0,
        "Interest Income": 5600000.0,
        "Normalized Income": 302053087.586641,
        "Net Income From Continuing And Discontinued Operation": 193500000.0,
        "Total Expenses": 2059000000.0,
        "Diluted Average Shares": 115600000.0,
        "Basic Average Shares": 114800000.0,
        "Diluted EPS": 2.61,
        "Basic EPS": 2.638502,
        "Diluted NI Availto Com Stockholders": 198100000.0,
        "Net Income Common Stockholders": 198100000.0,
        "Otherunder Preferred Stock Dividend": NaN,
        "Net Income": 193500000.0,
        "Minority Interests": NaN,
        "Net Income Including Noncontrolling Interests": 205700000.0,
        "Net Income Continuous Operations": 205700000.0,
        "Tax Provision": 111700000.0,
        "Pretax Income": 317400000.0,
        "Other Income Expense": -161100000.0,
        "Other Non Operating Income Expenses": 6400000.0,
        "Gain On Sale Of Security": -10000000.0,
        "Net Non Operating Interest Income Expense": -25400000.0,
        "Interest Expense Non Operating": 31000000.0,
        "Interest Income Non Operating": 5600000.0,
        "Operating Income": 503900000.0,
        "Operating Expense": 551600000.0,
        "Selling General And Administration": 551600000.0,
        "General And Administrative Expense": NaN,
        "Other Gand A": NaN,
        "Salaries And Wages": NaN,
        "Gross Profit": 1055500000.0,
        "Cost Of Revenue": 1507400000.0,
        "Total Revenue": 2562900000.0,
        "Operating Revenue": 2562900000.0
    },
    "2023-12-31": {
        "Tax Effect Of Unusual Items": 561100.0,
        "Tax Rate For Calcs": 0.181,
        "Normalized EBITDA": 366700000.0,
        "Total Unusual Items": 3100000.0,
        "Total Unusual Items Excluding Goodwill": 3100000.0,
        "Net Income From Continuing Operation Net Minority Interest": 215200000.0,
        "Reconciled Depreciation": 76900000.0,
        "Reconciled Cost Of Revenue": 1257500000.0,
        "EBITDA": 369800000.0,
        "EBIT": 292900000.0,
        "Net Interest Income": -28300000.0,
        "Interest Expense": 33300000.0,
        "Interest Income": 5000000.0,
        "Normalized Income": 212661100.0,
        "Net Income From Continuing And Discontinued Operation": 215200000.0,
        "Total Expenses": 1771200000.0,
        "Diluted Average Shares": 115200000.0,
        "Basic Average Shares": 114600000.0,
        "Diluted EPS": 1.86,
        "Basic EPS": 1.87,
        "Diluted NI Availto Com Stockholders": 214200000.0,
        "Net Income Common Stockholders": 214200000.0,
        "Otherunder Preferred Stock Dividend": 1000000.0,
        "Net Income": 215200000.0,
        "Minority Interests": 2500000.0,
        "Net Income Including Noncontrolling Interests": 212700000.0,
        "Net Income Continuous Operations": 212700000.0,
        "Tax Provision": 46900000.0,
        "Pretax Income": 259600000.0,
        "Other Income Expense": 7000000.0,
        "Other Non Operating Income Expenses": 3900000.0,
        "Gain On Sale Of Security": 3100000.0,
        "Net Non Operating Interest Income Expense": -28300000.0,
        "Interest Expense Non Operating": 33300000.0,
        "Interest Income Non Operating": 5000000.0,
        "Operating Income": 280900000.0,
        "Operating Expense": 513700000.0,
        "Selling General And Administration": 513700000.0,
        "General And Administrative Expense": NaN,
        "Other Gand A": NaN,
        "Salaries And Wages": NaN,
        "Gross Profit": 794600000.0,
        "Cost Of Revenue": 1257500000.0,
        "Total Revenue": 2052100000.0,
        "Operating Revenue": 2052100000.0
    },
    "2024-03-31": {
        "Tax Effect Of Unusual Items": 406000.0,
        "Tax Rate For Calcs": 0.145,
        "Normalized EBITDA": 427600000.0,
        "Total Unusual Items": 2800000.0,
        "Total Unusual Items Excluding Goodwill": 2800000.0,
        "Net Income From Continuing Operation Net Minority Interest": 266200000.0,
        "Reconciled Depreciation": 80800000.0,
        "Reconciled Cost Of Revenue": 1292600000.0,
        "EBITDA": 430400000.0,
        "EBIT": 349600000.0,
        "Net Interest Income": -35700000.0,
        "Interest Expense": 39200000.0,
        "Interest Income": 3500000.0,
        "Normalized Income": 263806000.0,
        "Net Income From Continuing And Discontinued Operation": 266200000.0,
        "Total Expenses": 1789100000.0,
        "Diluted Average Shares": 114800000.0,
        "Basic Average Shares": 114300000.0,
        "Diluted EPS": 2.31,
        "Basic EPS": 2.32,
        "Diluted NI Availto Com Stockholders": 265000000.0,
        "Net Income Common Stockholders": 265000000.0,
        "Otherunder Preferred Stock Dividend": 1200000.0,
        "Net Income": 266200000.0,
        "Minority Interests": 900000.0,
        "Net Income Including Noncontrolling Interests": 265300000.0,
        "Net Income Continuous Operations": 265300000.0,
        "Tax Provision": 45100000.0,
        "Pretax Income": 310400000.0,
        "Other Income Expense": 9200000.0,
        "Other Non Operating Income Expenses": 6400000.0,
        "Gain On Sale Of Security": 2800000.0,
        "Net Non Operating Interest Income Expense": -35700000.0,
        "Interest Expense Non Operating": 39200000.0,
        "Interest Income Non Operating": 3500000.0,
        "Operating Income": 336900000.0,
        "Operating Expense": 496500000.0,
        "Selling General And Administration": 496500000.0,
        "General And Administrative Expense": 496500000.0,
        "Other Gand A": 501400000.0,
        "Salaries And Wages": -4900000.0,
        "Gross Profit": 833400000.0,
        "Cost Of Revenue": 1292600000.0,
        "Total Revenue": 2126000000.0,
        "Operating Revenue": 2126000000.0
    }
}