{
    "2023-04-30": {
        "Tax Effect Of Unusual Items": 0.0,
        "Tax Rate For Calcs": 0.2382,
        "Normalized EBITDA": 606065000.0,
        "Net Income From Continuing Operation Net Minority Interest": 371191000.0,
        "Reconciled Depreciation": 99379000.0,
        "Reconciled Cost Of Revenue": 3292606000.0,
        "EBITDA": 606065000.0,
        "EBIT": 506686000.0,
        "Net Interest Income": 31397000.0,
        "Interest Expense": 19431000.0,
        "Interest Income": 50828000.0,
        "Normalized Income": 371191000.0,
        "Net Income From Continuing And Discontinued Operation": 371191000.0,
        "Total Expenses": 4038828000.0,
        "Diluted Average Shares": 340044000.0,
        "Basic Average Shares": 338049000.0,
        "Diluted EPS": 1.09,
        "Basic EPS": 1.1,
        "Diluted NI Availto Com Stockholders": 371191000.0,
        "Net Income Common Stockholders": 371191000.0,
        "Net Income": 371191000.0,
        "Net Income Including Noncontrolling Interests": 371191000.0,
        "Net Income Continuous Operations": 371191000.0,
        "Tax Provision": 116064000.0,
        "Pretax Income": 487255000.0,
        "Net Non Operating Interest Income Expense": 31397000.0,
        "Interest Expense Non Operating": 19431000.0,
        "Interest Income Non Operating": 50828000.0,
        "Operating Income": 455858000.0,
        "Operating Expense": 746222000.0,
        "Selling General And Administration": 746222000.0,
        "Gross Profit": 1202080000.0,
        "Cost Of Revenue": 3292606000.0,
        "Total Revenue": 4494686000.0,
        "Operating Revenue": 4494686000.0
    },
    "2023-01-31": {
        "Tax Effect Of Unusual Items": 0.0,
        "Tax Rate For Calcs": 0.231099,
        "Normalized EBITDA": 705861000.0,
        "Net Income From Continuing Operation Net Minority Interest": 447043000.0,
        "Reconciled Depreciation": 104090000.0,
        "Reconciled Cost Of Revenue": 3926203000.0,
        "EBITDA": 705861000.0,
        "EBIT": 601771000.0,
        "Net Interest Income": 22719000.0,
        "Interest Expense": 20366000.0,
        "Interest Income": 43085000.0,
        "Normalized Income": 447043000.0,
        "Net Income From Continuing And Discontinued Operation": 447043000.0,
        "Total Expenses": 4655545000.0,
        "Diluted Average Shares": 342045000.0,
        "Basic Average Shares": 339752000.0,
        "Diluted EPS": 1.31,
        "Basic EPS": 1.32,
        "Diluted NI Availto Com Stockholders": 447043000.0,
        "Net Income Common Stockholders": 447043000.0,
        "Net Income": 447043000.0,
        "Net Income Including Noncontrolling Interests": 447043000.0,
        "Net Income Continuous Operations": 447043000.0,
        "Tax Provision": 134362000.0,
        "Pretax Income": 581405000.0,
        "Net Non Operating Interest Income Expense": 22719000.0,
        "Interest Expense Non Operating": 20366000.0,
        "Interest Income Non Operating": 43085000.0,
        "Operating Income": 558686000.0,
        "Operating Expense": 729342000.0,
        "Selling General And Administration": 729342000.0,
        "Gross Profit": 1288028000.0,
        "Cost Of Revenue": 3926203000.0,
        "Total Revenue": 5214231000.0,
        "Operating Revenue": 5214231000.0
    },
    "2022-10-31": {
        "Tax Effect Of Unusual Items": 0.0,
        "Tax Rate For Calcs": 0.2414,
        "Normalized EBITDA": 573197000.0,
        "Net Income From Continuing Operation Net Minority Interest": 342036000.0,
        "Reconciled Depreciation": 101384000.0,
        "Reconciled Cost Of Revenue": 3424046000.0,
        "EBITDA": 573197000.0,
        "EBIT": 471813000.0,
        "Net Interest Income": 2802000.0,
        "Interest Expense": 20935000.0,
        "Interest Income": 23737000.0,
        "Normalized Income": 342036000.0,
        "Net Income From Continuing And Discontinued Operation": 342036000.0,
        "Total Expenses": 4117413000.0,
        "Diluted Average Shares": 343720000.0,
        "Basic Average Shares": 342120000.0,
        "Diluted EPS": 1.0,
        "Basic EPS": 1.0,
        "Diluted NI Availto Com Stockholders": 342036000.0,
        "Net Income Common Stockholders": 342036000.0,
        "Net Income": 342036000.0,
        "Net Income Including Noncontrolling Interests": 342036000.0,
        "Net Income Continuous Operations": 342036000.0,
        "Tax Provision": 108842000.0,
        "Pretax Income": 450878000.0,
        "Net Non Operating Interest Income Expense": 2802000.0,
        "Interest Expense Non Operating": 20935000.0,
        "Interest Income Non Operating": 23737000.0,
        "Operating Income": 448076000.0,
        "Operating Expense": 693367000.0,
        "Selling General And Administration": 693367000.0,
        "Gross Profit": 1141443000.0,
        "Cost Of Revenue": 3424046000.0,
        "Total Revenue": 4565489000.0,
        "Operating Revenue": 4565489000.0
    },
    "2022-07-31": {
        "Tax Effect Of Unusual Items": 0.0,
        "Tax Rate For Calcs": 0.2397,
        "Normalized EBITDA": 613484000.0,
        "Net Income From Continuing Operation Net Minority Interest": 384517000.0,
        "Reconciled Depreciation": 97073000.0,
        "Reconciled Cost Of Revenue": 3399535000.0,
        "EBITDA": 613484000.0,
        "EBIT": 516411000.0,
        "Net Interest Income": -10667000.0,
        "Interest Expense": 20356000.0,
        "Interest Income": 9689000.0,
        "Normalized Income": 384517000.0,
        "Net Income From Continuing And Discontinued Operation": 384517000.0,
        "Total Expenses": 4066598000.0,
        "Diluted Average Shares": 346106000.0,
        "Basic Average Shares": 344884000.0,
        "Diluted EPS": 1.11,
        "Basic EPS": 1.11,
        "Diluted NI Availto Com Stockholders": 384517000.0,
        "Net Income Common Stockholders": 384517000.0,
        "Net Income": 384517000.0,
        "Net Income Including Noncontrolling Interests": 384517000.0,
        "Net Income Continuous Operations": 384517000.0,
        "Tax Provision": 121227000.0,
        "Pretax Income": 505744000.0,
        "Net Non Operating Interest Income Expense": -10667000.0,
        "Total Other Finance Cost": 10667000.0,
        "Interest Expense Non Operating": 20356000.0,
        "Interest Income Non Operating": 9689000.0,
        "Operating Income": 516411000.0,
        "Operating Expense": 667063000.0,
        "Selling General And Administration": 667063000.0,
        "Gross Profit": 1183474000.0,
        "Cost Of Revenue": 3399535000.0,
        "Total Revenue": 4583009000.0,
        "Operating Revenue": 4583009000.0
    },
    "2022-04-30": {
        "Diluted EPS": 0.97,
        "Total Revenue": NaN,
        "Gross Profit": NaN,
        "Operating Income": 467,
        "EBIT": 559,
        "Net Income": 338
    },
    "2022-01-31": {
        "Diluted EPS": 1.05,
        "Total Revenue": NaN,
        "Gross Profit": NaN,
        "Operating Income": 491,
        "EBIT": 590,
        "Net Income": 367
    },
    "2021-10-31": {
        "Diluted EPS": 1.09,
        "Total Revenue": NaN,
        "Gross Profit": NaN,
        "Operating Income": 523,
        "EBIT": 611,
        "Net Income": 385
    },
    "2021-07-31": {
        "Diluted EPS": 1.39,
        "Total Revenue": NaN,
        "Gross Profit": NaN,
        "Operating Income": 676,
        "EBIT": 763,
        "Net Income": 494
    },
    "2021-04-30": {
        "Diluted EPS": 1.34,
        "Total Revenue": NaN,
        "Gross Profit": NaN,
        "Operating Income": 643,
        "EBIT": 730,
        "Net Income": 476
    },
    "2021-01-31": {
        "Diluted EPS": 0.68,
        "Total Revenue": NaN,
        "Gross Profit": NaN,
        "Operating Income": 402,
        "EBIT": 498,
        "Net Income": 238
    },
    "2020-10-31": {
        "Diluted EPS": 0.37,
        "Total Revenue": NaN,
        "Gross Profit": NaN,
        "Operating Income": 165,
        "EBIT": 254,
        "Net Income": 131
    },
    "2020-07-31": {
        "Diluted EPS": 0.06,
        "Total Revenue": NaN,
        "Gross Profit": 605,
        "Operating Income": 85,
        "EBIT": 174,
        "Net Income": 22
    },
    "2020-04-30": {
        "Diluted EPS": -0.87,
        "Total Revenue": NaN,
        "Gross Profit": -47,
        "Operating Income": -463,
        "EBIT": -372,
        "Net Income": -306
    },
    "2020-01-31": {
        "Diluted EPS": 1.28,
        "Total Revenue": NaN,
        "Gross Profit": NaN,
        "Operating Income": 587,
        "EBIT": 683,
        "Net Income": 456
    },
    "2019-10-31": {
        "Diluted EPS": 1.03,
        "Total Revenue": NaN,
        "Gross Profit": NaN,
        "Operating Income": 478,
        "EBIT": 566,
        "Net Income": 371
    },
    "2019-07-31": {
        "Diluted EPS": 1.14,
        "Total Revenue": NaN,
        "Gross Profit": NaN,
        "Operating Income": 544,
        "EBIT": 628,
        "Net Income": 413
    },
    "2019-04-30": {
        "Diluted EPS": 1.15,
        "Total Revenue": NaN,
        "Gross Profit": NaN,
        "Operating Income": 537,
        "EBIT": 619,
        "Net Income": 421
    },
    "2019-01-31": {
        "Diluted EPS": 1.2,
        "Total Revenue": NaN,
        "Gross Profit": NaN,
        "Operating Income": 542,
        "EBIT": 626,
        "Net Income": 442
    },
    "2018-10-31": {
        "Diluted EPS": 0.91,
        "Total Revenue": NaN,
        "Gross Profit": NaN,
        "Operating Income": 441,
        "EBIT": 524,
        "Net Income": 338
    },
    "2018-07-31": {
        "Diluted EPS": 1.04,
        "Total Revenue": NaN,
        "Gross Profit": NaN,
        "Operating Income": 516,
        "EBIT": 599,
        "Net Income": 389
    },
    "2018-04-30": {
        "Diluted EPS": 1.11,
        "Total Revenue": NaN,
        "Gross Profit": NaN,
        "Operating Income": 542,
        "EBIT": 622,
        "Net Income": 418
    },
    "2018-01-31": {
        "Diluted EPS": 1.19,
        "Total Revenue": NaN,
        "Gross Profit": NaN,
        "Operating Income": 592,
        "EBIT": 678,
        "Net Income": 451
    },
    "2017-10-31": {
        "Diluted EPS": 0.72,
        "Total Revenue": NaN,
        "Gross Profit": 960,
        "Operating Income": 442,
        "EBIT": 519,
        "Net Income": 274
    },
    "2017-07-31": {
        "Diluted EPS": 0.82,
        "Total Revenue": NaN,
        "Gross Profit": NaN,
        "Operating Income": 512,
        "EBIT": 587,
        "Net Income": 317
    },
    "2017-04-30": {
        "Diluted EPS": 0.82,
        "Total Revenue": NaN,
        "Gross Profit": 976,
        "Operating Income": 502,
        "EBIT": 577,
        "Net Income": 321
    },
    "2017-01-31": {
        "Diluted EPS": 0.77,
        "Total Revenue": NaN,
        "Gross Profit": 971,
        "Operating Income": 477,
        "EBIT": 555,
        "Net Income": 301
    },
    "2016-10-31": {
        "Diluted EPS": 0.62,
        "Total Revenue": NaN,
        "Gross Profit": 881,
        "Operating Income": 390,
        "EBIT": 466,
        "Net Income": 245
    },
    "2016-07-31": {
        "Diluted EPS": 0.71,
        "Total Revenue": NaN,
        "Gross Profit": 929,
        "Operating Income": 460,
        "EBIT": 534,
        "Net Income": 282
    },
    "2016-04-30": {
        "Diluted EPS": 0.73,
        "Total Revenue": NaN,
        "Gross Profit": 913,
        "Operating Income": 476,
        "EBIT": 550,
        "Net Income": 291
    },
    "2016-01-31": {
        "Diluted EPS": 0.66,
        "Total Revenue": NaN,
        "Gross Profit": 864,
        "Operating Income": 413,
        "EBIT": 486,
        "Net Income": 264
    },
    "2015-10-31": {
        "Diluted EPS": 0.53,
        "Total Revenue": NaN,
        "Gross Profit": 780,
        "Operating Income": 336,
        "EBIT": 410,
        "Net Income": 216
    },
    "2015-07-31": {
        "Diluted EPS": 0.63,
        "Total Revenue": NaN,
        "Gross Profit": 849,
        "Operating Income": 414,
        "EBIT": 479,
        "Net Income": 259
    },
    "2015-04-30": {
        "Diluted EPS": 0.69,
        "Total Revenue": NaN,
        "Gross Profit": 871,
        "Operating Income": 461,
        "EBIT": 525,
        "Net Income": 282
    },
    "2015-01-31": {
        "Diluted EPS": 0.61,
        "Total Revenue": NaN,
        "Gross Profit": 829,
        "Operating Income": 399,
        "EBIT": 461,
        "Net Income": 249
    },
    "2014-10-31": {
        "Diluted EPS": 0.46,
        "Total Revenue": NaN,
        "Gross Profit": 717,
        "Operating Income": 307,
        "EBIT": 366,
        "Net Income": 193
    },
    "2014-07-31": {
        "Diluted EPS": 0.57,
        "Total Revenue": NaN,
        "Gross Profit": 786,
        "Operating Income": 390,
        "EBIT": 445,
        "Net Income": 240
    },
    "2014-04-30": {
        "Diluted EPS": 0.58,
        "Total Revenue": NaN,
        "Gross Profit": 772,
        "Operating Income": 393,
        "EBIT": 449,
        "Net Income": 244
    },
    "2014-01-31": {
        "Diluted EPS": 0.52,
        "Total Revenue": NaN,
        "Gross Profit": 749,
        "Operating Income": 348,
        "EBIT": 404,
        "Net Income": 218
    },
    "2013-10-31": {
        "Diluted EPS": 0.4,
        "Total Revenue": NaN,
        "Gross Profit": 652,
        "Operating Income": 270,
        "EBIT": 321,
        "Net Income": 172
    },
    "2013-07-31": {
        "Diluted EPS": 0.49,
        "Total Revenue": NaN,
        "Gross Profit": 728,
        "Operating Income": 346,
        "EBIT": 396,
        "Net Income": 213
    },
    "2013-04-30": {
        "Diluted EPS": 0.54,
        "Total Revenue": NaN,
        "Gross Profit": 741,
        "Operating Income": 379,
        "EBIT": 428,
        "Net Income": 235
    },
    "2013-01-31": {
        "Diluted EPS": 0.54,
        "Total Revenue": NaN,
        "Gross Profit": 767,
        "Operating Income": 377,
        "EBIT": 429,
        "Net Income": 237
    },
    "2012-10-31": {
        "Diluted EPS": 0.36,
        "Total Revenue": NaN,
        "Gross Profit": 614,
        "Operating Income": 256,
        "EBIT": 302,
        "Net Income": 160
    },
    "2012-07-31": {
        "Diluted EPS": 0.41,
        "Total Revenue": NaN,
        "Gross Profit": 651,
        "Operating Income": 299,
        "EBIT": 344,
        "Net Income": 182
    },
    "2012-04-30": {
        "Diluted EPS": 0.47,
        "Total Revenue": NaN,
        "Gross Profit": 678,
        "Operating Income": 340,
        "EBIT": 383,
        "Net Income": 209
    },
    "2012-01-31": {
        "Diluted EPS": 0.43,
        "Total Revenue": NaN,
        "Gross Profit": 653,
        "Operating Income": 311,
        "EBIT": 354,
        "Net Income": 192
    },
    "2011-10-31": {
        "Diluted EPS": 0.32,
        "Total Revenue": NaN,
        "Gross Profit": 556,
        "Operating Income": 224,
        "EBIT": 264,
        "Net Income": 144
    },
    "2011-07-31": {
        "Diluted EPS": 0.32,
        "Total Revenue": NaN,
        "Gross Profit": 565,
        "Operating Income": 244,
        "EBIT": 282,
        "Net Income": 148
    },
    "2011-04-30": {
        "Diluted EPS": 0.37,
        "Total Revenue": NaN,
        "Gross Profit": 593,
        "Operating Income": 284,
        "EBIT": 324,
        "Net Income": 173
    },
    "2011-01-31": {
        "Diluted EPS": 0.34,
        "Total Revenue": NaN,
        "Gross Profit": 583,
        "Operating Income": 263,
        "EBIT": 304,
        "Net Income": 162
    },
    "2010-10-31": {
        "Diluted EPS": 0.26,
        "Total Revenue": NaN,
        "Gross Profit": 509,
        "Operating Income": 197,
        "EBIT": 236,
        "Net Income": 121
    },
    "2010-07-31": {
        "Diluted EPS": 0.27,
        "Total Revenue": NaN,
        "Gross Profit": 516,
        "Operating Income": 213,
        "EBIT": 253,
        "Net Income": 129
    },
    "2010-04-30": {
        "Diluted EPS": 0.29,
        "Total Revenue": NaN,
        "Gross Profit": 529,
        "Operating Income": 234,
        "EBIT": 274,
        "Net Income": 142
    },
    "2010-01-31": {
        "Diluted EPS": 0.29,
        "Total Revenue": NaN,
        "Gross Profit": 517,
        "Operating Income": 231,
        "EBIT": 275,
        "Net Income": 143
    },
    "2009-10-31": {
        "Diluted EPS": 0.21,
        "Total Revenue": NaN,
        "Gross Profit": 459,
        "Operating Income": 173,
        "EBIT": 212,
        "Net Income": 105
    },
    "2009-07-31": {
        "Diluted EPS": 0.21,
        "Total Revenue": NaN,
        "Gross Profit": 458,
        "Operating Income": 171,
        "EBIT": 209,
        "Net Income": 103
    },
    "2009-04-30": {
        "Diluted EPS": 0.18,
        "Total Revenue": NaN,
        "Gross Profit": 423,
        "Operating Income": 151,
        "EBIT": 188,
        "Net Income": 91
    },
    "2009-01-31": {
        "Diluted EPS": 0.19,
        "Total Revenue": NaN,
        "Gross Profit": 413,
        "Operating Income": 157,
        "EBIT": 198,
        "Net Income": 97
    },
    "2023-07-31": {
        "Tax Effect Of Unusual Items": 0.0,
        "Tax Rate For Calcs": 0.2497,
        "Normalized EBITDA": 712086000.0,
        "Net Income From Continuing Operation Net Minority Interest": 446319000.0,
        "Reconciled Depreciation": 98545000.0,
        "Reconciled Cost Of Revenue": 3569367000.0,
        "EBITDA": 712086000.0,
        "EBIT": 613541000.0,
        "Net Interest Income": 37214000.0,
        "Interest Expense": 18687000.0,
        "Interest Income": 55901000.0,
        "Normalized Income": 446319000.0,
        "Net Income From Continuing And Discontinued Operation": 446319000.0,
        "Total Expenses": 4377265000.0,
        "Diluted Average Shares": 337932000.0,
        "Basic Average Shares": 336231000.0,
        "Diluted EPS": 1.32,
        "Basic EPS": 1.33,
        "Diluted NI Availto Com Stockholders": 446319000.0,
        "Net Income Common Stockholders": 446319000.0,
        "Net Income": 446319000.0,
        "Net Income Including Noncontrolling Interests": 446319000.0,
        "Net Income Continuous Operations": 446319000.0,
        "Tax Provision": 148535000.0,
        "Pretax Income": 594854000.0,
        "Net Non Operating Interest Income Expense": 37214000.0,
        "Interest Expense Non Operating": 18687000.0,
        "Interest Income Non Operating": 55901000.0,
        "Operating Income": 557640000.0,
        "Operating Expense": 807898000.0,
        "Selling General And Administration": 807898000.0,
        "Gross Profit": 1365538000.0,
        "Cost Of Revenue": 3569367000.0,
        "Total Revenue": 4934905000.0,
        "Operating Revenue": 4934905000.0
    },
    "2023-10-31": {
        "Tax Effect Of Unusual Items": 0.0,
        "Tax Rate For Calcs": 0.246201,
        "Normalized EBITDA": 714113000.0,
        "Net Income From Continuing Operation Net Minority Interest": 447327000.0,
        "Reconciled Depreciation": 102442000.0,
        "Reconciled Cost Of Revenue": 3564268000.0,
        "EBITDA": 714113000.0,
        "EBIT": 611671000.0,
        "Net Interest Income": 43319000.0,
        "Interest Expense": 18241000.0,
        "Interest Income": 61560000.0,
        "Normalized Income": 447327000.0,
        "Net Income From Continuing And Discontinued Operation": 447327000.0,
        "Total Expenses": 4374738000.0,
        "Diluted Average Shares": 336261000.0,
        "Basic Average Shares": 334282000.0,
        "Diluted EPS": 1.33,
        "Basic EPS": 1.34,
        "Diluted NI Availto Com Stockholders": 447327000.0,
        "Net Income Common Stockholders": 447327000.0,
        "Net Income": 447327000.0,
        "Net Income Including Noncontrolling Interests": 447327000.0,
        "Net Income Continuous Operations": 447327000.0,
        "Tax Provision": 146103000.0,
        "Pretax Income": 593430000.0,
        "Net Non Operating Interest Income Expense": 43319000.0,
        "Interest Expense Non Operating": 18241000.0,
        "Interest Income Non Operating": 61560000.0,
        "Operating Income": 550111000.0,
        "Operating Expense": 810470000.0,
        "Selling General And Administration": 810470000.0,
        "Gross Profit": 1360581000.0,
        "Cost Of Revenue": 3564268000.0,
        "Total Revenue": 4924849000.0,
        "Operating Revenue": 4924849000.0
    },
    "2024-01-31": {
        "Tax Effect Of Unusual Items": 0.0,
        "Tax Rate For Calcs": 0.234299,
        "Normalized EBITDA": 933038000.0,
        "Net Income From Continuing Operation Net Minority Interest": 609683000.0,
        "Reconciled Depreciation": 119066000.0,
        "Reconciled Cost Of Revenue": 4375360000.0,
        "EBITDA": 933038000.0,
        "EBIT": 813972000.0,
        "Net Interest Income": 52188000.0,
        "Interest Expense": 17730000.0,
        "Interest Income": 69918000.0,
        "Normalized Income": 609683000.0,
        "Net Income From Continuing And Discontinued Operation": 609683000.0,
        "Total Expenses": 5278447000.0,
        "Diluted Average Shares": 335018000.0,
        "Basic Average Shares": 332399000.0,
        "Diluted EPS": 1.82,
        "Basic EPS": 1.83,
        "Diluted NI Availto Com Stockholders": 609683000.0,
        "Net Income Common Stockholders": 609683000.0,
        "Net Income": 609683000.0,
        "Net Income Including Noncontrolling Interests": 609683000.0,
        "Net Income Continuous Operations": 609683000.0,
        "Tax Provision": 186559000.0,
        "Pretax Income": 796242000.0,
        "Net Non Operating Interest Income Expense": 52188000.0,
        "Interest Expense Non Operating": 17730000.0,
        "Interest Income Non Operating": 69918000.0,
        "Operating Income": 744054000.0,
        "Operating Expense": 903087000.0,
        "Selling General And Administration": 903087000.0,
        "Gross Profit": 1647141000.0,
        "Cost Of Revenue": 4375360000.0,
        "Total Revenue": 6022501000.0,
        "Operating Revenue": 6022501000.0
    },
    "2024-04-30": {
        "Tax Effect Of Unusual Items": 0.0,
        "Tax Rate For Calcs": 0.234,
        "Normalized EBITDA": 763517000.0,
        "Net Income From Continuing Operation Net Minority Interest": 487990000.0,
        "Reconciled Depreciation": 109186000.0,
        "Reconciled Cost Of Revenue": 3490672000.0,
        "EBITDA": 763517000.0,
        "EBIT": 654331000.0,
        "Net Interest Income": 45950000.0,
        "Interest Expense": 17268000.0,
        "Interest Income": 63218000.0,
        "Normalized Income": 487990000.0,
        "Net Income From Continuing And Discontinued Operation": 487990000.0,
        "Total Expenses": 4266954000.0,
        "Diluted Average Shares": 333737000.0,
        "Basic Average Shares": 331258000.0,
        "Diluted EPS": 1.46,
        "Basic EPS": 1.47,
        "Diluted NI Availto Com Stockholders": 487990000.0,
        "Net Income Common Stockholders": 487990000.0,
        "Net Income": 487990000.0,
        "Net Income Including Noncontrolling Interests": 487990000.0,
        "Net Income Continuous Operations": 487990000.0,
        "Tax Provision": 149073000.0,
        "Pretax Income": 637063000.0,
        "Net Non Operating Interest Income Expense": 45950000.0,
        "Interest Expense Non Operating": 17268000.0,
        "Interest Income Non Operating": 63218000.0,
        "Operating Income": 591113000.0,
        "Operating Expense": 776282000.0,
        "Selling General And Administration": 776282000.0,
        "Gross Profit": 1367395000.0,
        "Cost Of Revenue": 3490672000.0,
        "Total Revenue": 4858067000.0,
        "Operating Revenue": 4858067000.0
    },
    "2024-07-31": {
        "Tax Effect Of Unusual Items": 0.0,
        "Tax Rate For Calcs": 0.2497,
        "Normalized EBITDA": 828110000.0,
        "Net Income From Continuing Operation Net Minority Interest": 527148000.0,
        "Reconciled Depreciation": 108595000.0,
        "Reconciled Cost Of Revenue": 3791929000.0,
        "EBITDA": 828110000.0,
        "EBIT": 719515000.0,
        "Net Interest Income": 43350000.0,
        "Interest Expense": 16932000.0,
        "Interest Income": 60282000.0,
        "Normalized Income": 527148000.0,
        "Net Income From Continuing And Discontinued Operation": 527148000.0,
        "Total Expenses": 4628286000.0,
        "Diluted Average Shares": 331511000.0,
        "Basic Average Shares": 329392000.0,
        "Diluted EPS": 1.59,
        "Basic EPS": 1.6,
        "Diluted NI Availto Com Stockholders": 527148000.0,
        "Net Income Common Stockholders": 527148000.0,
        "Net Income": 527148000.0,
        "Net Income Including Noncontrolling Interests": 527148000.0,
        "Net Income Continuous Operations": 527148000.0,
        "Tax Provision": 175435000.0,
        "Pretax Income": 702583000.0,
        "Net Non Operating Interest Income Expense": 43350000.0,
        "Interest Expense Non Operating": 16932000.0,
        "Interest Income Non Operating": 60282000.0,
        "Operating Income": 659233000.0,
        "Operating Expense": 836357000.0,
        "Selling General And Administration": 836357000.0,
        "Gross Profit": 1495590000.0,
        "Cost Of Revenue": 3791929000.0,
        "Total Revenue": 5287519000.0,
        "Operating Revenue": 5287519000.0
    }
}