{
    "2023-03-31": {
        "Tax Effect Of Unusual Items": NaN,
        "Tax Rate For Calcs": NaN,
        "Normalized EBITDA": NaN,
        "Net Income From Continuing Operation Net Minority Interest": NaN,
        "Reconciled Depreciation": NaN,
        "Reconciled Cost Of Revenue": NaN,
        "EBITDA": NaN,
        "EBIT": NaN,
        "Net Interest Income": NaN,
        "Interest Income": NaN,
        "Normalized Income": NaN,
        "Net Income From Continuing And Discontinued Operation": NaN,
        "Total Expenses": NaN,
        "Total Operating Income As Reported": NaN,
        "Diluted Average Shares": 42812580.0,
        "Basic Average Shares": 42812580.0,
        "Diluted EPS": -0.32,
        "Basic EPS": -0.32,
        "Diluted NI Availto Com Stockholders": NaN,
        "Net Income Common Stockholders": NaN,
        "Net Income": NaN,
        "Net Income Including Noncontrolling Interests": NaN,
        "Net Income Continuous Operations": NaN,
        "Tax Provision": NaN,
        "Pretax Income": NaN,
        "Other Income Expense": NaN,
        "Other Non Operating Income Expenses": NaN,
        "Net Non Operating Interest Income Expense": NaN,
        "Interest Income Non Operating": NaN,
        "Operating Income": NaN,
        "Operating Expense": NaN,
        "Research And Development": NaN,
        "Selling General And Administration": NaN,
        "Selling And Marketing Expense": NaN,
        "General And Administrative Expense": NaN,
        "Other Gand A": NaN,
        "Gross Profit": NaN,
        "Cost Of Revenue": NaN,
        "Total Revenue": NaN,
        "Operating Revenue": NaN
    },
    "2022-12-31": {
        "Tax Effect Of Unusual Items": NaN,
        "Tax Rate For Calcs": NaN,
        "Normalized EBITDA": NaN,
        "Total Unusual Items": 0.0,
        "Total Unusual Items Excluding Goodwill": 0.0,
        "Net Income From Continuing Operation Net Minority Interest": NaN,
        "Reconciled Depreciation": NaN,
        "Reconciled Cost Of Revenue": NaN,
        "EBITDA": NaN,
        "EBIT": NaN,
        "Net Interest Income": NaN,
        "Interest Income": NaN,
        "Normalized Income": NaN,
        "Net Income From Continuing And Discontinued Operation": NaN,
        "Total Expenses": NaN,
        "Total Operating Income As Reported": NaN,
        "Diluted Average Shares": NaN,
        "Basic Average Shares": NaN,
        "Diluted EPS": NaN,
        "Basic EPS": NaN,
        "Diluted NI Availto Com Stockholders": NaN,
        "Net Income Common Stockholders": NaN,
        "Otherunder Preferred Stock Dividend": 0.0,
        "Net Income": NaN,
        "Net Income Including Noncontrolling Interests": NaN,
        "Net Income Continuous Operations": NaN,
        "Tax Provision": NaN,
        "Pretax Income": NaN,
        "Other Income Expense": NaN,
        "Other Non Operating Income Expenses": NaN,
        "Special Income Charges": 0.0,
        "Net Non Operating Interest Income Expense": NaN,
        "Total Other Finance Cost": -831000.0,
        "Interest Income Non Operating": NaN,
        "Operating Income": NaN,
        "Operating Expense": NaN,
        "Research And Development": NaN,
        "Selling General And Administration": NaN,
        "Selling And Marketing Expense": NaN,
        "General And Administrative Expense": NaN,
        "Other Gand A": NaN,
        "Gross Profit": NaN,
        "Cost Of Revenue": NaN,
        "Total Revenue": NaN,
        "Operating Revenue": NaN
    },
    "2022-09-30": {
        "Tax Effect Of Unusual Items": NaN,
        "Tax Rate For Calcs": NaN,
        "Normalized EBITDA": NaN,
        "Total Unusual Items": 0.0,
        "Total Unusual Items Excluding Goodwill": 0.0,
        "Net Income From Continuing Operation Net Minority Interest": NaN,
        "Reconciled Depreciation": NaN,
        "Reconciled Cost Of Revenue": NaN,
        "EBITDA": NaN,
        "EBIT": NaN,
        "Net Interest Income": NaN,
        "Interest Income": NaN,
        "Normalized Income": NaN,
        "Net Income From Continuing And Discontinued Operation": NaN,
        "Total Expenses": NaN,
        "Total Operating Income As Reported": NaN,
        "Diluted Average Shares": NaN,
        "Basic Average Shares": NaN,
        "Diluted EPS": NaN,
        "Basic EPS": NaN,
        "Diluted NI Availto Com Stockholders": NaN,
        "Net Income Common Stockholders": NaN,
        "Otherunder Preferred Stock Dividend": 0.0,
        "Net Income": NaN,
        "Net Income Including Noncontrolling Interests": NaN,
        "Net Income Continuous Operations": NaN,
        "Tax Provision": NaN,
        "Pretax Income": NaN,
        "Other Income Expense": NaN,
        "Other Non Operating Income Expenses": NaN,
        "Special Income Charges": 0.0,
        "Net Non Operating Interest Income Expense": NaN,
        "Total Other Finance Cost": -575000.0,
        "Interest Income Non Operating": NaN,
        "Operating Income": NaN,
        "Operating Expense": NaN,
        "Research And Development": NaN,
        "Selling General And Administration": NaN,
        "Selling And Marketing Expense": NaN,
        "General And Administrative Expense": NaN,
        "Other Gand A": NaN,
        "Gross Profit": NaN,
        "Cost Of Revenue": NaN,
        "Total Revenue": NaN,
        "Operating Revenue": NaN
    },
    "2022-06-30": {
        "Tax Effect Of Unusual Items": 0.0,
        "Tax Rate For Calcs": 0.044735,
        "Normalized EBITDA": -13693000.0,
        "Total Unusual Items": NaN,
        "Total Unusual Items Excluding Goodwill": NaN,
        "Net Income From Continuing Operation Net Minority Interest": -13090000.0,
        "Reconciled Depreciation": 683000.0,
        "Reconciled Cost Of Revenue": 5081000.0,
        "EBITDA": -13693000.0,
        "EBIT": -13693000.0,
        "Net Interest Income": -10000.0,
        "Interest Expense": 10000.0,
        "Interest Income": NaN,
        "Normalized Income": -13090000.0,
        "Net Income From Continuing And Discontinued Operation": -13090000.0,
        "Total Expenses": 17934000.0,
        "Total Operating Income As Reported": -14074000.0,
        "Diluted Average Shares": 42494055.0,
        "Basic Average Shares": 42494055.0,
        "Diluted EPS": -0.31,
        "Basic EPS": -0.31,
        "Diluted NI Availto Com Stockholders": -13090000.0,
        "Net Income Common Stockholders": -13090000.0,
        "Otherunder Preferred Stock Dividend": 0.0,
        "Net Income": -13090000.0,
        "Net Income Including Noncontrolling Interests": -13090000.0,
        "Net Income Continuous Operations": -13090000.0,
        "Tax Provision": -613000.0,
        "Pretax Income": -13703000.0,
        "Other Income Expense": 381000.0,
        "Other Non Operating Income Expenses": 381000.0,
        "Special Income Charges": NaN,
        "Net Non Operating Interest Income Expense": -10000.0,
        "Total Other Finance Cost": NaN,
        "Interest Expense Non Operating": 10000.0,
        "Interest Income Non Operating": NaN,
        "Operating Income": -14074000.0,
        "Operating Expense": 12853000.0,
        "Research And Development": 2965000.0,
        "Selling General And Administration": 9888000.0,
        "Selling And Marketing Expense": 3484000.0,
        "General And Administrative Expense": 6404000.0,
        "Other Gand A": 6404000.0,
        "Gross Profit": -1221000.0,
        "Cost Of Revenue": 5081000.0,
        "Total Revenue": 3860000.0,
        "Operating Revenue": 3860000.0
    },
    "2022-03-31": {
        "Diluted EPS": -0.35,
        "Total Revenue": 4,
        "Gross Profit": -2,
        "Operating Income": -15,
        "EBIT": -14,
        "Net Income": -15
    },
    "2021-12-31": {
        "Diluted EPS": 54.67,
        "Total Revenue": 5,
        "Gross Profit": -3,
        "Operating Income": -15,
        "EBIT": -14,
        "Net Income": -15
    },
    "2021-09-30": {
        "Diluted EPS": -0.71,
        "Total Revenue": 7,
        "Gross Profit": -1,
        "Operating Income": -12,
        "EBIT": -12,
        "Net Income": -25
    },
    "2021-06-30": {
        "Diluted EPS": -20.01,
        "Total Revenue": 6,
        "Gross Profit": -2,
        "Operating Income": -11,
        "EBIT": -11,
        "Net Income": -14
    },
    "2021-03-31": {
        "Diluted EPS": -37.89,
        "Total Revenue": 5,
        "Gross Profit": -2,
        "Operating Income": -10,
        "EBIT": -9,
        "Net Income": -24
    },
    "2020-12-31": {
        "Diluted EPS": -36.9,
        "Total Revenue": 5,
        "Gross Profit": -3,
        "Operating Income": -10,
        "EBIT": -9,
        "Net Income": -11
    },
    "2020-09-30": {
        "Diluted EPS": -30.08,
        "Total Revenue": 5,
        "Gross Profit": -1,
        "Operating Income": -8,
        "EBIT": -7,
        "Net Income": -11
    },
    "2020-06-30": {
        "Diluted EPS": -31.93,
        "Total Revenue": 3,
        "Gross Profit": -2,
        "Operating Income": -6,
        "EBIT": -6,
        "Net Income": -11
    },
    "2020-03-31": {
        "Diluted EPS": -27.2,
        "Total Revenue": 3,
        "Gross Profit": -2,
        "Operating Income": -7,
        "EBIT": -7,
        "Net Income": -10
    },
    "2019-12-31": {
        "Diluted EPS": 0.0,
        "Total Revenue": NaN,
        "Gross Profit": NaN,
        "Operating Income": NaN,
        "EBIT": NaN,
        "Net Income": NaN
    },
    "2023-06-30": {
        "Tax Effect Of Unusual Items": NaN,
        "Tax Rate For Calcs": NaN,
        "Normalized EBITDA": NaN,
        "Net Income From Continuing Operation Net Minority Interest": NaN,
        "Reconciled Depreciation": NaN,
        "Reconciled Cost Of Revenue": NaN,
        "EBITDA": NaN,
        "EBIT": NaN,
        "Net Interest Income": NaN,
        "Interest Income": NaN,
        "Normalized Income": NaN,
        "Net Income From Continuing And Discontinued Operation": NaN,
        "Total Expenses": NaN,
        "Total Operating Income As Reported": NaN,
        "Diluted Average Shares": 43059937.0,
        "Basic Average Shares": 43059937.0,
        "Diluted EPS": -0.33,
        "Basic EPS": -0.33,
        "Diluted NI Availto Com Stockholders": NaN,
        "Net Income Common Stockholders": NaN,
        "Net Income": NaN,
        "Net Income Including Noncontrolling Interests": NaN,
        "Net Income Continuous Operations": NaN,
        "Tax Provision": NaN,
        "Pretax Income": NaN,
        "Other Income Expense": NaN,
        "Other Non Operating Income Expenses": NaN,
        "Net Non Operating Interest Income Expense": NaN,
        "Interest Income Non Operating": NaN,
        "Operating Income": NaN,
        "Operating Expense": NaN,
        "Research And Development": NaN,
        "Selling General And Administration": NaN,
        "Selling And Marketing Expense": NaN,
        "General And Administrative Expense": NaN,
        "Other Gand A": NaN,
        "Gross Profit": NaN,
        "Cost Of Revenue": NaN,
        "Total Revenue": NaN,
        "Operating Revenue": NaN
    },
    "2023-09-30": {
        "Tax Effect Of Unusual Items": 0.0,
        "Tax Rate For Calcs": 0.21,
        "Normalized EBITDA": -13668000.0,
        "Net Income From Continuing Operation Net Minority Interest": -13392000.0,
        "Reconciled Depreciation": 781000.0,
        "Reconciled Cost Of Revenue": 7776000.0,
        "EBITDA": -13668000.0,
        "EBIT": -14449000.0,
        "Net Interest Income": 1093000.0,
        "Interest Income": 1093000.0,
        "Normalized Income": -13392000.0,
        "Net Income From Continuing And Discontinued Operation": -13392000.0,
        "Total Expenses": 20594000.0,
        "Total Operating Income As Reported": -14449000.0,
        "Diluted Average Shares": 43080095.0,
        "Basic Average Shares": 43080095.0,
        "Diluted EPS": -0.31,
        "Basic EPS": -0.31,
        "Diluted NI Availto Com Stockholders": -13392000.0,
        "Net Income Common Stockholders": -13392000.0,
        "Net Income": -13392000.0,
        "Net Income Including Noncontrolling Interests": -13392000.0,
        "Net Income Continuous Operations": -13392000.0,
        "Tax Provision": 10000.0,
        "Pretax Income": -13382000.0,
        "Other Income Expense": -26000.0,
        "Other Non Operating Income Expenses": -26000.0,
        "Net Non Operating Interest Income Expense": 1093000.0,
        "Interest Income Non Operating": 1093000.0,
        "Operating Income": -14449000.0,
        "Operating Expense": 12818000.0,
        "Research And Development": 3116000.0,
        "Selling General And Administration": 9702000.0,
        "Selling And Marketing Expense": 3498000.0,
        "General And Administrative Expense": 6204000.0,
        "Other Gand A": 6204000.0,
        "Gross Profit": -1631000.0,
        "Cost Of Revenue": 7776000.0,
        "Total Revenue": 6145000.0,
        "Operating Revenue": 6145000.0
    },
    "2023-12-31": {
        "Tax Effect Of Unusual Items": 0.0,
        "Tax Rate For Calcs": 0.21,
        "Normalized EBITDA": -11394000.0,
        "Net Income From Continuing Operation Net Minority Interest": -11172000.0,
        "Reconciled Depreciation": 794000.0,
        "Reconciled Cost Of Revenue": 6509000.0,
        "EBITDA": -11394000.0,
        "EBIT": -12188000.0,
        "Net Interest Income": 1041000.0,
        "Interest Income": 1041000.0,
        "Normalized Income": -11172000.0,
        "Net Income From Continuing And Discontinued Operation": -11172000.0,
        "Total Expenses": 18525000.0,
        "Total Operating Income As Reported": -12188000.0,
        "Diluted Average Shares": NaN,
        "Basic Average Shares": NaN,
        "Diluted EPS": NaN,
        "Basic EPS": NaN,
        "Diluted NI Availto Com Stockholders": -11172000.0,
        "Net Income Common Stockholders": -11172000.0,
        "Net Income": -11172000.0,
        "Net Income Including Noncontrolling Interests": -11172000.0,
        "Net Income Continuous Operations": -11172000.0,
        "Tax Provision": 8000.0,
        "Pretax Income": -11164000.0,
        "Other Income Expense": -17000.0,
        "Other Non Operating Income Expenses": -17000.0,
        "Net Non Operating Interest Income Expense": 1041000.0,
        "Interest Income Non Operating": 1041000.0,
        "Operating Income": -12188000.0,
        "Operating Expense": 12016000.0,
        "Research And Development": 3318000.0,
        "Selling General And Administration": 8698000.0,
        "Selling And Marketing Expense": 3161000.0,
        "General And Administrative Expense": 5537000.0,
        "Other Gand A": 5537000.0,
        "Gross Profit": -172000.0,
        "Cost Of Revenue": 6509000.0,
        "Total Revenue": 6337000.0,
        "Operating Revenue": 6337000.0
    },
    "2024-03-31": {
        "Tax Effect Of Unusual Items": 0.0,
        "Tax Rate For Calcs": 0.21,
        "Normalized EBITDA": -13467000.0,
        "Net Income From Continuing Operation Net Minority Interest": -13322000.0,
        "Reconciled Depreciation": 806000.0,
        "Reconciled Cost Of Revenue": 7134000.0,
        "EBITDA": -13467000.0,
        "EBIT": -14273000.0,
        "Net Interest Income": 983000.0,
        "Interest Income": 983000.0,
        "Normalized Income": -13322000.0,
        "Net Income From Continuing And Discontinued Operation": -13322000.0,
        "Total Expenses": 19884000.0,
        "Total Operating Income As Reported": -14273000.0,
        "Diluted Average Shares": 43245835.0,
        "Basic Average Shares": 43245835.0,
        "Diluted EPS": -0.31,
        "Basic EPS": -0.31,
        "Diluted NI Availto Com Stockholders": -13322000.0,
        "Net Income Common Stockholders": -13322000.0,
        "Net Income": -13322000.0,
        "Net Income Including Noncontrolling Interests": -13322000.0,
        "Net Income Continuous Operations": -13322000.0,
        "Tax Provision": 3000.0,
        "Pretax Income": -13319000.0,
        "Other Income Expense": -29000.0,
        "Other Non Operating Income Expenses": -29000.0,
        "Net Non Operating Interest Income Expense": 983000.0,
        "Interest Income Non Operating": 983000.0,
        "Operating Income": -14273000.0,
        "Operating Expense": 12750000.0,
        "Research And Development": 3842000.0,
        "Selling General And Administration": 8908000.0,
        "Selling And Marketing Expense": 3281000.0,
        "General And Administrative Expense": 5627000.0,
        "Other Gand A": 5627000.0,
        "Gross Profit": -1523000.0,
        "Cost Of Revenue": 7134000.0,
        "Total Revenue": 5611000.0,
        "Operating Revenue": 5611000.0
    },
    "2024-06-30": {
        "Tax Effect Of Unusual Items": 0.0,
        "Tax Rate For Calcs": 0.21,
        "Normalized EBITDA": -12550000.0,
        "Net Income From Continuing Operation Net Minority Interest": -12578000.0,
        "Reconciled Depreciation": 828000.0,
        "Reconciled Cost Of Revenue": 6807000.0,
        "EBITDA": -12550000.0,
        "EBIT": -13378000.0,
        "Net Interest Income": 838000.0,
        "Interest Income": 838000.0,
        "Normalized Income": -12578000.0,
        "Net Income From Continuing And Discontinued Operation": -12578000.0,
        "Total Expenses": 19996000.0,
        "Total Operating Income As Reported": -13378000.0,
        "Diluted Average Shares": 43616501.0,
        "Basic Average Shares": 43616501.0,
        "Diluted EPS": -0.29,
        "Basic EPS": -0.29,
        "Diluted NI Availto Com Stockholders": -12578000.0,
        "Net Income Common Stockholders": -12578000.0,
        "Net Income": -12578000.0,
        "Net Income Including Noncontrolling Interests": -12578000.0,
        "Net Income Continuous Operations": -12578000.0,
        "Tax Provision": 15000.0,
        "Pretax Income": -12563000.0,
        "Other Income Expense": -23000.0,
        "Other Non Operating Income Expenses": -23000.0,
        "Net Non Operating Interest Income Expense": 838000.0,
        "Interest Income Non Operating": 838000.0,
        "Operating Income": -13378000.0,
        "Operating Expense": 13189000.0,
        "Research And Development": 3744000.0,
        "Selling General And Administration": 9445000.0,
        "Selling And Marketing Expense": 3627000.0,
        "General And Administrative Expense": 5818000.0,
        "Other Gand A": 5818000.0,
        "Gross Profit": -189000.0,
        "Cost Of Revenue": 6807000.0,
        "Total Revenue": 6618000.0,
        "Operating Revenue": 6618000.0
    },
    "2024-09-30": {
        "Tax Effect Of Unusual Items": 0.0,
        "Tax Rate For Calcs": 0.21,
        "Normalized EBITDA": -11180000.0,
        "Net Income From Continuing Operation Net Minority Interest": -11323000.0,
        "Reconciled Depreciation": 859000.0,
        "Reconciled Cost Of Revenue": 6982000.0,
        "EBITDA": -11180000.0,
        "EBIT": -12039000.0,
        "Net Interest Income": 768000.0,
        "Interest Income": 768000.0,
        "Normalized Income": -11323000.0,
        "Net Income From Continuing And Discontinued Operation": -11323000.0,
        "Total Expenses": 19643000.0,
        "Total Operating Income As Reported": -12039000.0,
        "Diluted Average Shares": 43668656.0,
        "Basic Average Shares": 43668656.0,
        "Diluted EPS": -0.26,
        "Basic EPS": -0.26,
        "Diluted NI Availto Com Stockholders": -11323000.0,
        "Net Income Common Stockholders": -11323000.0,
        "Net Income": -11323000.0,
        "Net Income Including Noncontrolling Interests": -11323000.0,
        "Net Income Continuous Operations": -11323000.0,
        "Tax Provision": 13000.0,
        "Pretax Income": -11310000.0,
        "Other Income Expense": -39000.0,
        "Other Non Operating Income Expenses": -39000.0,
        "Net Non Operating Interest Income Expense": 768000.0,
        "Interest Income Non Operating": 768000.0,
        "Operating Income": -12039000.0,
        "Operating Expense": 12661000.0,
        "Research And Development": 3609000.0,
        "Selling General And Administration": 9052000.0,
        "Selling And Marketing Expense": 3376000.0,
        "General And Administrative Expense": 5676000.0,
        "Other Gand A": 5676000.0,
        "Gross Profit": 622000.0,
        "Cost Of Revenue": 6982000.0,
        "Total Revenue": 7604000.0,
        "Operating Revenue": 7604000.0
    }
}