{
    "2023-03-31": {
        "Tax Effect Of Unusual Items": NaN,
        "Tax Rate For Calcs": NaN,
        "Normalized EBITDA": NaN,
        "Total Unusual Items": NaN,
        "Total Unusual Items Excluding Goodwill": NaN,
        "Net Income From Continuing Operation Net Minority Interest": NaN,
        "Reconciled Depreciation": NaN,
        "EBITDA": NaN,
        "EBIT": NaN,
        "Net Interest Income": NaN,
        "Interest Income": NaN,
        "Normalized Income": NaN,
        "Net Income From Continuing And Discontinued Operation": NaN,
        "Total Expenses": NaN,
        "Total Operating Income As Reported": NaN,
        "Diluted Average Shares": 42040674.0,
        "Basic Average Shares": 42040674.0,
        "Diluted EPS": -0.83,
        "Basic EPS": -0.83,
        "Diluted NI Availto Com Stockholders": NaN,
        "Net Income Common Stockholders": NaN,
        "Net Income": NaN,
        "Net Income Including Noncontrolling Interests": NaN,
        "Net Income Continuous Operations": NaN,
        "Tax Provision": NaN,
        "Pretax Income": NaN,
        "Other Income Expense": NaN,
        "Other Non Operating Income Expenses": NaN,
        "Gain On Sale Of Security": NaN,
        "Net Non Operating Interest Income Expense": NaN,
        "Interest Income Non Operating": NaN,
        "Operating Income": NaN,
        "Operating Expense": NaN,
        "Research And Development": NaN,
        "Selling General And Administration": NaN,
        "General And Administrative Expense": NaN,
        "Other Gand A": NaN,
        "Total Revenue": NaN,
        "Operating Revenue": NaN
    },
    "2022-12-31": {
        "Tax Effect Of Unusual Items": 15201.8,
        "Tax Rate For Calcs": 0.2621,
        "Normalized EBITDA": -19235000.0,
        "Total Unusual Items": 58000.0,
        "Total Unusual Items Excluding Goodwill": 58000.0,
        "Net Income From Continuing Operation Net Minority Interest": -31658000.0,
        "Reconciled Depreciation": 455000.0,
        "EBITDA": -19177000.0,
        "EBIT": -19632000.0,
        "Net Interest Income": 2931000.0,
        "Interest Income": 2931000.0,
        "Normalized Income": -31700798.2,
        "Net Income From Continuing And Discontinued Operation": -31658000.0,
        "Total Expenses": 37830000.0,
        "Total Operating Income As Reported": -19632000.0,
        "Diluted Average Shares": NaN,
        "Basic Average Shares": NaN,
        "Diluted EPS": NaN,
        "Basic EPS": NaN,
        "Diluted NI Availto Com Stockholders": -31658000.0,
        "Net Income Common Stockholders": -31658000.0,
        "Net Income": -31658000.0,
        "Net Income Including Noncontrolling Interests": -31658000.0,
        "Net Income Continuous Operations": -31658000.0,
        "Tax Provision": 15028000.0,
        "Pretax Income": -16630000.0,
        "Other Income Expense": 71000.0,
        "Other Non Operating Income Expenses": 13000.0,
        "Gain On Sale Of Security": 58000.0,
        "Net Non Operating Interest Income Expense": 2931000.0,
        "Interest Income Non Operating": 2931000.0,
        "Operating Income": -19632000.0,
        "Operating Expense": 37830000.0,
        "Research And Development": 29891000.0,
        "Selling General And Administration": 7939000.0,
        "General And Administrative Expense": 7939000.0,
        "Other Gand A": 7939000.0,
        "Total Revenue": 18198000.0,
        "Operating Revenue": 18198000.0
    },
    "2022-09-30": {
        "Tax Effect Of Unusual Items": NaN,
        "Tax Rate For Calcs": NaN,
        "Normalized EBITDA": NaN,
        "Total Unusual Items": NaN,
        "Total Unusual Items Excluding Goodwill": NaN,
        "Net Income From Continuing Operation Net Minority Interest": NaN,
        "Reconciled Depreciation": NaN,
        "EBITDA": NaN,
        "EBIT": NaN,
        "Net Interest Income": NaN,
        "Interest Income": NaN,
        "Normalized Income": NaN,
        "Net Income From Continuing And Discontinued Operation": NaN,
        "Total Expenses": NaN,
        "Total Operating Income As Reported": NaN,
        "Diluted Average Shares": 44177376.0,
        "Basic Average Shares": 41945617.0,
        "Diluted EPS": 1.71,
        "Basic EPS": 1.8,
        "Diluted NI Availto Com Stockholders": NaN,
        "Net Income Common Stockholders": NaN,
        "Net Income": NaN,
        "Net Income Including Noncontrolling Interests": NaN,
        "Net Income Continuous Operations": NaN,
        "Tax Provision": NaN,
        "Pretax Income": NaN,
        "Other Income Expense": NaN,
        "Other Non Operating Income Expenses": NaN,
        "Gain On Sale Of Security": NaN,
        "Net Non Operating Interest Income Expense": NaN,
        "Interest Income Non Operating": NaN,
        "Operating Income": NaN,
        "Operating Expense": NaN,
        "Research And Development": NaN,
        "Selling General And Administration": NaN,
        "General And Administrative Expense": NaN,
        "Other Gand A": NaN,
        "Total Revenue": NaN,
        "Operating Revenue": NaN
    },
    "2022-06-30": {
        "Tax Effect Of Unusual Items": 56400.0,
        "Tax Rate For Calcs": 0.4,
        "Normalized EBITDA": -38352000.0,
        "Total Unusual Items": 141000.0,
        "Total Unusual Items Excluding Goodwill": 141000.0,
        "Net Income From Continuing Operation Net Minority Interest": -38093000.0,
        "Reconciled Depreciation": 523000.0,
        "EBITDA": -38211000.0,
        "EBIT": -38734000.0,
        "Net Interest Income": 544000.0,
        "Interest Income": 544000.0,
        "Normalized Income": -38177600.0,
        "Net Income From Continuing And Discontinued Operation": -38093000.0,
        "Total Expenses": 39413000.0,
        "Total Operating Income As Reported": -38734000.0,
        "Diluted Average Shares": 41899509.0,
        "Basic Average Shares": 41899509.0,
        "Diluted EPS": -0.91,
        "Basic EPS": -0.91,
        "Diluted NI Availto Com Stockholders": -38093000.0,
        "Net Income Common Stockholders": -38093000.0,
        "Otherunder Preferred Stock Dividend": NaN,
        "Net Income": -38093000.0,
        "Net Income Including Noncontrolling Interests": -38093000.0,
        "Net Income Continuous Operations": -38093000.0,
        "Tax Provision": 33000.0,
        "Pretax Income": -38060000.0,
        "Other Income Expense": 130000.0,
        "Other Non Operating Income Expenses": -11000.0,
        "Gain On Sale Of Security": 141000.0,
        "Net Non Operating Interest Income Expense": 544000.0,
        "Interest Income Non Operating": 544000.0,
        "Operating Income": -38734000.0,
        "Operating Expense": 39413000.0,
        "Research And Development": 31475000.0,
        "Selling General And Administration": 7938000.0,
        "General And Administrative Expense": 7938000.0,
        "Other Gand A": 7938000.0,
        "Total Revenue": 679000.0,
        "Operating Revenue": 679000.0
    },
    "2022-03-31": {
        "Diluted EPS": -0.83,
        "Total Revenue": 0,
        "Gross Profit": 0,
        "Operating Income": -35,
        "EBIT": -34,
        "Net Income": -35
    },
    "2021-12-31": {
        "Diluted EPS": -0.71,
        "Total Revenue": 7,
        "Gross Profit": 7,
        "Operating Income": -29,
        "EBIT": -28,
        "Net Income": -28
    },
    "2021-09-30": {
        "Diluted EPS": -0.83,
        "Total Revenue": 0,
        "Gross Profit": 0,
        "Operating Income": -32,
        "EBIT": -31,
        "Net Income": -31
    },
    "2021-06-30": {
        "Diluted EPS": -0.71,
        "Total Revenue": 0,
        "Gross Profit": 0,
        "Operating Income": -27,
        "EBIT": -26,
        "Net Income": -26
    },
    "2021-03-31": {
        "Diluted EPS": -0.58,
        "Total Revenue": 0,
        "Gross Profit": 0,
        "Operating Income": -22,
        "EBIT": -21,
        "Net Income": -21
    },
    "2020-12-31": {
        "Diluted EPS": 7.87,
        "Total Revenue": NaN,
        "Gross Profit": NaN,
        "Operating Income": -17,
        "EBIT": -17,
        "Net Income": -15
    },
    "2020-09-30": {
        "Diluted EPS": -0.37,
        "Total Revenue": NaN,
        "Gross Profit": NaN,
        "Operating Income": -14,
        "EBIT": -14,
        "Net Income": -14
    },
    "2020-06-30": {
        "Diluted EPS": -2.45,
        "Total Revenue": NaN,
        "Gross Profit": NaN,
        "Operating Income": -12,
        "EBIT": -12,
        "Net Income": -12
    },
    "2020-03-31": {
        "Diluted EPS": -7.71,
        "Total Revenue": NaN,
        "Gross Profit": NaN,
        "Operating Income": -11,
        "EBIT": -11,
        "Net Income": -13
    },
    "2019-12-31": {
        "Diluted EPS": 0.0,
        "Total Revenue": NaN,
        "Gross Profit": NaN,
        "Operating Income": NaN,
        "EBIT": NaN,
        "Net Income": NaN
    },
    "2019-09-30": {
        "Diluted EPS": -5.03,
        "Total Revenue": NaN,
        "Gross Profit": NaN,
        "Operating Income": -7,
        "EBIT": -7,
        "Net Income": -8
    },
    "2019-06-30": {
        "Diluted EPS": -4.16,
        "Total Revenue": NaN,
        "Gross Profit": NaN,
        "Operating Income": -6,
        "EBIT": -6,
        "Net Income": -6
    },
    "2023-06-30": {
        "Tax Effect Of Unusual Items": NaN,
        "Tax Rate For Calcs": NaN,
        "Normalized EBITDA": NaN,
        "Total Unusual Items": NaN,
        "Total Unusual Items Excluding Goodwill": NaN,
        "Net Income From Continuing Operation Net Minority Interest": NaN,
        "Reconciled Depreciation": NaN,
        "EBITDA": NaN,
        "EBIT": NaN,
        "Net Interest Income": NaN,
        "Interest Income": NaN,
        "Normalized Income": NaN,
        "Net Income From Continuing And Discontinued Operation": NaN,
        "Total Expenses": NaN,
        "Total Operating Income As Reported": NaN,
        "Diluted Average Shares": 42089530.0,
        "Basic Average Shares": 42089530.0,
        "Diluted EPS": -0.28,
        "Basic EPS": -0.28,
        "Diluted NI Availto Com Stockholders": NaN,
        "Net Income Common Stockholders": NaN,
        "Net Income": NaN,
        "Net Income Including Noncontrolling Interests": NaN,
        "Net Income Continuous Operations": NaN,
        "Tax Provision": NaN,
        "Pretax Income": NaN,
        "Other Income Expense": NaN,
        "Other Non Operating Income Expenses": NaN,
        "Special Income Charges": NaN,
        "Restructuring And Mergern Acquisition": NaN,
        "Gain On Sale Of Security": NaN,
        "Net Non Operating Interest Income Expense": NaN,
        "Interest Income Non Operating": NaN,
        "Operating Income": NaN,
        "Operating Expense": NaN,
        "Research And Development": NaN,
        "Selling General And Administration": NaN,
        "General And Administrative Expense": NaN,
        "Other Gand A": NaN,
        "Total Revenue": NaN,
        "Operating Revenue": NaN
    },
    "2023-09-30": {
        "Tax Effect Of Unusual Items": -16000.0,
        "Tax Rate For Calcs": 0.4,
        "Normalized EBITDA": -37880000.0,
        "Total Unusual Items": -40000.0,
        "Total Unusual Items Excluding Goodwill": -40000.0,
        "Net Income From Continuing Operation Net Minority Interest": -18879000.0,
        "Reconciled Depreciation": 498000.0,
        "EBITDA": -37920000.0,
        "EBIT": -38418000.0,
        "Net Interest Income": 3312000.0,
        "Interest Income": 3312000.0,
        "Normalized Income": -18855000.0,
        "Net Income From Continuing And Discontinued Operation": -18879000.0,
        "Total Expenses": 40577000.0,
        "Total Operating Income As Reported": -38418000.0,
        "Diluted Average Shares": 42102685.0,
        "Basic Average Shares": 42102685.0,
        "Diluted EPS": -0.45,
        "Basic EPS": -0.45,
        "Diluted NI Availto Com Stockholders": -18879000.0,
        "Net Income Common Stockholders": -18879000.0,
        "Net Income": -18879000.0,
        "Net Income Including Noncontrolling Interests": -18879000.0,
        "Net Income Continuous Operations": -18879000.0,
        "Tax Provision": -16299000.0,
        "Pretax Income": -35178000.0,
        "Other Income Expense": -72000.0,
        "Other Non Operating Income Expenses": -32000.0,
        "Special Income Charges": 0.0,
        "Restructuring And Mergern Acquisition": 0.0,
        "Gain On Sale Of Security": -40000.0,
        "Net Non Operating Interest Income Expense": 3312000.0,
        "Interest Income Non Operating": 3312000.0,
        "Operating Income": -38418000.0,
        "Operating Expense": 40577000.0,
        "Research And Development": 32709000.0,
        "Selling General And Administration": 7868000.0,
        "General And Administrative Expense": 7868000.0,
        "Other Gand A": 7868000.0,
        "Total Revenue": 2159000.0,
        "Operating Revenue": 2159000.0
    },
    "2023-12-31": {
        "Tax Effect Of Unusual Items": -13200.0,
        "Tax Rate For Calcs": 0.4,
        "Normalized EBITDA": -30328000.0,
        "Total Unusual Items": -33000.0,
        "Total Unusual Items Excluding Goodwill": -33000.0,
        "Net Income From Continuing Operation Net Minority Interest": -28030000.0,
        "Reconciled Depreciation": 506000.0,
        "EBITDA": -30361000.0,
        "EBIT": -30867000.0,
        "Net Interest Income": 3106000.0,
        "Interest Income": 3106000.0,
        "Normalized Income": -28010200.0,
        "Net Income From Continuing And Discontinued Operation": -28030000.0,
        "Total Expenses": 43914000.0,
        "Total Operating Income As Reported": -30867000.0,
        "Diluted Average Shares": NaN,
        "Basic Average Shares": NaN,
        "Diluted EPS": NaN,
        "Basic EPS": NaN,
        "Diluted NI Availto Com Stockholders": -28030000.0,
        "Net Income Common Stockholders": -28030000.0,
        "Net Income": -28030000.0,
        "Net Income Including Noncontrolling Interests": -28030000.0,
        "Net Income Continuous Operations": -28030000.0,
        "Tax Provision": 190000.0,
        "Pretax Income": -27840000.0,
        "Other Income Expense": -79000.0,
        "Other Non Operating Income Expenses": -46000.0,
        "Special Income Charges": NaN,
        "Restructuring And Mergern Acquisition": NaN,
        "Gain On Sale Of Security": -33000.0,
        "Net Non Operating Interest Income Expense": 3106000.0,
        "Interest Income Non Operating": 3106000.0,
        "Operating Income": -30867000.0,
        "Operating Expense": 43914000.0,
        "Research And Development": 35266000.0,
        "Selling General And Administration": 8648000.0,
        "General And Administrative Expense": 8648000.0,
        "Other Gand A": 8648000.0,
        "Total Revenue": 13047000.0,
        "Operating Revenue": 13047000.0
    },
    "2024-03-31": {
        "Tax Effect Of Unusual Items": 1413.893119,
        "Tax Rate For Calcs": 0.045609,
        "Normalized EBITDA": 11286000.0,
        "Total Unusual Items": 31000.0,
        "Total Unusual Items Excluding Goodwill": 31000.0,
        "Net Income From Continuing Operation Net Minority Interest": 13162000.0,
        "Reconciled Depreciation": 501000.0,
        "EBITDA": 11317000.0,
        "EBIT": 10816000.0,
        "Net Interest Income": 2968000.0,
        "Interest Income": 2968000.0,
        "Normalized Income": 13132413.893119,
        "Net Income From Continuing And Discontinued Operation": 13162000.0,
        "Total Expenses": 41588000.0,
        "Total Operating Income As Reported": 10816000.0,
        "Diluted Average Shares": 44024198.0,
        "Basic Average Shares": 42234001.0,
        "Diluted EPS": 0.3,
        "Basic EPS": 0.31,
        "Diluted NI Availto Com Stockholders": 13162000.0,
        "Net Income Common Stockholders": 13162000.0,
        "Net Income": 13162000.0,
        "Net Income Including Noncontrolling Interests": 13162000.0,
        "Net Income Continuous Operations": 13162000.0,
        "Tax Provision": 629000.0,
        "Pretax Income": 13791000.0,
        "Other Income Expense": 7000.0,
        "Other Non Operating Income Expenses": -24000.0,
        "Special Income Charges": NaN,
        "Restructuring And Mergern Acquisition": NaN,
        "Gain On Sale Of Security": 31000.0,
        "Net Non Operating Interest Income Expense": 2968000.0,
        "Interest Income Non Operating": 2968000.0,
        "Operating Income": 10816000.0,
        "Operating Expense": 41588000.0,
        "Research And Development": 32970000.0,
        "Selling General And Administration": 8618000.0,
        "General And Administrative Expense": 8618000.0,
        "Other Gand A": 8618000.0,
        "Total Revenue": 52404000.0,
        "Operating Revenue": 52404000.0
    },
    "2024-06-30": {
        "Tax Effect Of Unusual Items": 900.0,
        "Tax Rate For Calcs": 0.15,
        "Normalized EBITDA": -36837000.0,
        "Total Unusual Items": 6000.0,
        "Total Unusual Items Excluding Goodwill": 6000.0,
        "Net Income From Continuing Operation Net Minority Interest": -34774000.0,
        "Reconciled Depreciation": 488000.0,
        "EBITDA": -36831000.0,
        "EBIT": -37319000.0,
        "Net Interest Income": 2894000.0,
        "Interest Income": 2894000.0,
        "Normalized Income": -34779100.0,
        "Net Income From Continuing And Discontinued Operation": -34774000.0,
        "Total Expenses": 38392000.0,
        "Total Operating Income As Reported": -37319000.0,
        "Diluted Average Shares": 42445462.0,
        "Basic Average Shares": 42445462.0,
        "Diluted EPS": -0.82,
        "Basic EPS": -0.82,
        "Diluted NI Availto Com Stockholders": -34774000.0,
        "Net Income Common Stockholders": -34774000.0,
        "Net Income": -34774000.0,
        "Net Income Including Noncontrolling Interests": -34774000.0,
        "Net Income Continuous Operations": -34774000.0,
        "Tax Provision": 326000.0,
        "Pretax Income": -34448000.0,
        "Other Income Expense": -23000.0,
        "Other Non Operating Income Expenses": -29000.0,
        "Special Income Charges": NaN,
        "Restructuring And Mergern Acquisition": NaN,
        "Gain On Sale Of Security": 6000.0,
        "Net Non Operating Interest Income Expense": 2894000.0,
        "Interest Income Non Operating": 2894000.0,
        "Operating Income": -37319000.0,
        "Operating Expense": 38392000.0,
        "Research And Development": 30075000.0,
        "Selling General And Administration": 8317000.0,
        "General And Administrative Expense": 8317000.0,
        "Other Gand A": 8317000.0,
        "Total Revenue": 1073000.0,
        "Operating Revenue": 1073000.0
    },
    "2024-09-30": {
        "Tax Effect Of Unusual Items": -231900.0,
        "Tax Rate For Calcs": 0.15,
        "Normalized EBITDA": -32821000.0,
        "Total Unusual Items": -1546000.0,
        "Total Unusual Items Excluding Goodwill": -1546000.0,
        "Net Income From Continuing Operation Net Minority Interest": -34406000.0,
        "Reconciled Depreciation": 478000.0,
        "EBITDA": -34367000.0,
        "EBIT": -34845000.0,
        "Net Interest Income": 2512000.0,
        "Interest Income": 2512000.0,
        "Normalized Income": -33091900.0,
        "Net Income From Continuing And Discontinued Operation": -34406000.0,
        "Total Expenses": 34845000.0,
        "Total Operating Income As Reported": -36372000.0,
        "Diluted Average Shares": 42452617.0,
        "Basic Average Shares": 42452617.0,
        "Diluted EPS": -0.81,
        "Basic EPS": -0.81,
        "Diluted NI Availto Com Stockholders": -34406000.0,
        "Net Income Common Stockholders": -34406000.0,
        "Net Income": -34406000.0,
        "Net Income Including Noncontrolling Interests": -34406000.0,
        "Net Income Continuous Operations": -34406000.0,
        "Tax Provision": 485000.0,
        "Pretax Income": -33921000.0,
        "Other Income Expense": -1588000.0,
        "Other Non Operating Income Expenses": -42000.0,
        "Special Income Charges": -1527000.0,
        "Restructuring And Mergern Acquisition": 1527000.0,
        "Gain On Sale Of Security": -19000.0,
        "Net Non Operating Interest Income Expense": 2512000.0,
        "Interest Income Non Operating": 2512000.0,
        "Operating Income": -34845000.0,
        "Operating Expense": 34845000.0,
        "Research And Development": 28401000.0,
        "Selling General And Administration": 6444000.0,
        "General And Administrative Expense": 6444000.0,
        "Other Gand A": 6444000.0,
        "Total Revenue": 0.0,
        "Operating Revenue": 0.0
    }
}