{
    "2023-06-30": {
        "Tax Effect Of Unusual Items": -6864300.0,
        "Tax Rate For Calcs": 0.263,
        "Normalized EBITDA": 1113500000.0,
        "Total Unusual Items": -26100000.0,
        "Total Unusual Items Excluding Goodwill": -26100000.0,
        "Net Income From Continuing Operation Net Minority Interest": 427400000.0,
        "Reconciled Depreciation": 382800000.0,
        "Reconciled Cost Of Revenue": 2199900000.0,
        "EBITDA": 1087400000.0,
        "EBIT": 704600000.0,
        "Net Interest Income": -122800000.0,
        "Interest Expense": 124400000.0,
        "Interest Income": 1600000.0,
        "Normalized Income": 446635700.0,
        "Net Income From Continuing And Discontinued Operation": 427400000.0,
        "Total Expenses": 2992600000.0,
        "Total Operating Income As Reported": 707200000.0,
        "Diluted Average Shares": 317309000.0,
        "Basic Average Shares": 316849000.0,
        "Diluted EPS": 1.35,
        "Basic EPS": 1.35,
        "Diluted NI Availto Com Stockholders": 427400000.0,
        "Net Income Common Stockholders": 427400000.0,
        "Net Income": 427400000.0,
        "Minority Interests": -200000.0,
        "Net Income Including Noncontrolling Interests": 427600000.0,
        "Net Income Continuous Operations": 427600000.0,
        "Tax Provision": 152600000.0,
        "Pretax Income": 580200000.0,
        "Other Income Expense": -30300000.0,
        "Other Non Operating Income Expenses": -600000.0,
        "Special Income Charges": -26100000.0,
        "Gain On Sale Of Business": 0.0,
        "Other Special Charges": NaN,
        "Restructuring And Mergern Acquisition": 26100000.0,
        "Earnings From Equity Interest": -3600000.0,
        "Net Non Operating Interest Income Expense": -122800000.0,
        "Interest Expense Non Operating": 124400000.0,
        "Interest Income Non Operating": 1600000.0,
        "Operating Income": 733300000.0,
        "Operating Expense": 768200000.0,
        "Other Operating Expenses": 24500000.0,
        "Provision For Doubtful Accounts": 11800000.0,
        "Depreciation Amortization Depletion Income Statement": 358300000.0,
        "Depletion Income Statement": NaN,
        "Depreciation And Amortization In Income Statement": NaN,
        "Amortization": NaN,
        "Amortization Of Intangibles Income Statement": NaN,
        "Depreciation Income Statement": NaN,
        "Selling General And Administration": 373600000.0,
        "General And Administrative Expense": 373600000.0,
        "Other Gand A": 109600000.0,
        "Salaries And Wages": 264000000.0,
        "Gross Profit": 1501500000.0,
        "Cost Of Revenue": 2224400000.0,
        "Total Revenue": 3725900000.0,
        "Operating Revenue": 3649100000.0
    },
    "2023-03-31": {
        "Tax Effect Of Unusual Items": NaN,
        "Tax Rate For Calcs": NaN,
        "Normalized EBITDA": NaN,
        "Total Unusual Items": NaN,
        "Total Unusual Items Excluding Goodwill": NaN,
        "Net Income From Continuing Operation Net Minority Interest": NaN,
        "Reconciled Depreciation": NaN,
        "Reconciled Cost Of Revenue": NaN,
        "EBITDA": NaN,
        "EBIT": NaN,
        "Net Interest Income": NaN,
        "Interest Expense": NaN,
        "Interest Income": NaN,
        "Normalized Income": NaN,
        "Net Income From Continuing And Discontinued Operation": NaN,
        "Total Expenses": NaN,
        "Total Operating Income As Reported": NaN,
        "Diluted Average Shares": NaN,
        "Basic Average Shares": NaN,
        "Diluted EPS": NaN,
        "Basic EPS": NaN,
        "Diluted NI Availto Com Stockholders": NaN,
        "Net Income Common Stockholders": NaN,
        "Net Income": NaN,
        "Minority Interests": NaN,
        "Net Income Including Noncontrolling Interests": NaN,
        "Net Income Continuous Operations": NaN,
        "Tax Provision": NaN,
        "Pretax Income": NaN,
        "Other Income Expense": NaN,
        "Other Non Operating Income Expenses": NaN,
        "Special Income Charges": NaN,
        "Gain On Sale Of Business": NaN,
        "Other Special Charges": 200000.0,
        "Restructuring And Mergern Acquisition": NaN,
        "Earnings From Equity Interest": NaN,
        "Net Non Operating Interest Income Expense": NaN,
        "Interest Expense Non Operating": NaN,
        "Interest Income Non Operating": NaN,
        "Operating Income": NaN,
        "Operating Expense": NaN,
        "Other Operating Expenses": NaN,
        "Provision For Doubtful Accounts": NaN,
        "Depreciation Amortization Depletion Income Statement": NaN,
        "Depletion Income Statement": NaN,
        "Depreciation And Amortization In Income Statement": NaN,
        "Amortization": NaN,
        "Amortization Of Intangibles Income Statement": NaN,
        "Depreciation Income Statement": NaN,
        "Selling General And Administration": NaN,
        "General And Administrative Expense": NaN,
        "Other Gand A": NaN,
        "Salaries And Wages": NaN,
        "Gross Profit": NaN,
        "Cost Of Revenue": NaN,
        "Total Revenue": NaN,
        "Operating Revenue": NaN
    },
    "2022-12-31": {
        "Tax Effect Of Unusual Items": NaN,
        "Tax Rate For Calcs": NaN,
        "Normalized EBITDA": NaN,
        "Total Unusual Items": NaN,
        "Total Unusual Items Excluding Goodwill": NaN,
        "Net Income From Continuing Operation Net Minority Interest": NaN,
        "Reconciled Depreciation": NaN,
        "Reconciled Cost Of Revenue": NaN,
        "EBITDA": NaN,
        "EBIT": NaN,
        "Net Interest Income": NaN,
        "Interest Expense": NaN,
        "Interest Income": NaN,
        "Normalized Income": NaN,
        "Net Income From Continuing And Discontinued Operation": NaN,
        "Total Expenses": NaN,
        "Total Operating Income As Reported": NaN,
        "Diluted Average Shares": NaN,
        "Basic Average Shares": NaN,
        "Diluted EPS": NaN,
        "Basic EPS": NaN,
        "Diluted NI Availto Com Stockholders": NaN,
        "Net Income Common Stockholders": NaN,
        "Net Income": NaN,
        "Minority Interests": NaN,
        "Net Income Including Noncontrolling Interests": NaN,
        "Net Income Continuous Operations": NaN,
        "Tax Provision": NaN,
        "Pretax Income": NaN,
        "Other Income Expense": NaN,
        "Other Non Operating Income Expenses": NaN,
        "Special Income Charges": NaN,
        "Gain On Sale Of Business": 1000000.0,
        "Other Special Charges": NaN,
        "Restructuring And Mergern Acquisition": NaN,
        "Earnings From Equity Interest": NaN,
        "Net Non Operating Interest Income Expense": NaN,
        "Interest Expense Non Operating": NaN,
        "Interest Income Non Operating": NaN,
        "Operating Income": NaN,
        "Operating Expense": NaN,
        "Other Operating Expenses": NaN,
        "Provision For Doubtful Accounts": NaN,
        "Depreciation Amortization Depletion Income Statement": NaN,
        "Depletion Income Statement": NaN,
        "Depreciation And Amortization In Income Statement": NaN,
        "Amortization": NaN,
        "Amortization Of Intangibles Income Statement": NaN,
        "Depreciation Income Statement": NaN,
        "Selling General And Administration": NaN,
        "General And Administrative Expense": NaN,
        "Other Gand A": NaN,
        "Salaries And Wages": NaN,
        "Gross Profit": NaN,
        "Cost Of Revenue": NaN,
        "Total Revenue": NaN,
        "Operating Revenue": NaN
    },
    "2022-09-30": {
        "Tax Effect Of Unusual Items": NaN,
        "Tax Rate For Calcs": NaN,
        "Normalized EBITDA": NaN,
        "Total Unusual Items": NaN,
        "Total Unusual Items Excluding Goodwill": NaN,
        "Net Income From Continuing Operation Net Minority Interest": NaN,
        "Reconciled Depreciation": NaN,
        "Reconciled Cost Of Revenue": NaN,
        "EBITDA": NaN,
        "EBIT": NaN,
        "Net Interest Income": NaN,
        "Interest Expense": NaN,
        "Interest Income": NaN,
        "Normalized Income": NaN,
        "Net Income From Continuing And Discontinued Operation": NaN,
        "Total Expenses": NaN,
        "Total Operating Income As Reported": NaN,
        "Diluted Average Shares": NaN,
        "Basic Average Shares": NaN,
        "Diluted EPS": NaN,
        "Basic EPS": NaN,
        "Diluted NI Availto Com Stockholders": NaN,
        "Net Income Common Stockholders": NaN,
        "Net Income": NaN,
        "Minority Interests": NaN,
        "Net Income Including Noncontrolling Interests": NaN,
        "Net Income Continuous Operations": NaN,
        "Tax Provision": NaN,
        "Pretax Income": NaN,
        "Other Income Expense": NaN,
        "Other Non Operating Income Expenses": NaN,
        "Special Income Charges": NaN,
        "Gain On Sale Of Business": 5200000.0,
        "Other Special Charges": NaN,
        "Restructuring And Mergern Acquisition": NaN,
        "Earnings From Equity Interest": NaN,
        "Net Non Operating Interest Income Expense": NaN,
        "Interest Expense Non Operating": NaN,
        "Interest Income Non Operating": NaN,
        "Operating Income": NaN,
        "Operating Expense": NaN,
        "Other Operating Expenses": NaN,
        "Provision For Doubtful Accounts": NaN,
        "Depreciation Amortization Depletion Income Statement": NaN,
        "Depletion Income Statement": 116600000.0,
        "Depreciation And Amortization In Income Statement": 237300000.0,
        "Amortization": 27800000.0,
        "Amortization Of Intangibles Income Statement": 27800000.0,
        "Depreciation Income Statement": 209500000.0,
        "Selling General And Administration": NaN,
        "General And Administrative Expense": NaN,
        "Other Gand A": NaN,
        "Salaries And Wages": NaN,
        "Gross Profit": NaN,
        "Cost Of Revenue": NaN,
        "Total Revenue": NaN,
        "Operating Revenue": NaN
    },
    "2022-06-30": {
        "Tax Effect Of Unusual Items": -13117966.95252,
        "Tax Rate For Calcs": 0.222338,
        "Normalized EBITDA": 991000000.0,
        "Total Unusual Items": -59000000.0,
        "Total Unusual Items Excluding Goodwill": -59000000.0,
        "Net Income From Continuing Operation Net Minority Interest": 371900000.0,
        "Reconciled Depreciation": 359900000.0,
        "Reconciled Cost Of Revenue": 2042100000.0,
        "EBITDA": 932000000.0,
        "EBIT": 572100000.0,
        "Net Interest Income": -93300000.0,
        "Interest Expense": 94000000.0,
        "Interest Income": 700000.0,
        "Normalized Income": 417782033.04748,
        "Net Income From Continuing And Discontinued Operation": 371900000.0,
        "Total Expenses": 2765000000.0,
        "Total Operating Income As Reported": 589600000.0,
        "Diluted Average Shares": 316960000.0,
        "Basic Average Shares": 316473000.0,
        "Diluted EPS": 1.17,
        "Basic EPS": 1.18,
        "Diluted NI Availto Com Stockholders": 371900000.0,
        "Net Income Common Stockholders": 371900000.0,
        "Net Income": 371900000.0,
        "Minority Interests": 100000.0,
        "Net Income Including Noncontrolling Interests": 371800000.0,
        "Net Income Continuous Operations": 371800000.0,
        "Tax Provision": 106300000.0,
        "Pretax Income": 478100000.0,
        "Other Income Expense": -77200000.0,
        "Other Non Operating Income Expenses": -4600000.0,
        "Special Income Charges": -59000000.0,
        "Gain On Sale Of Business": 0.0,
        "Other Special Charges": 2200000.0,
        "Restructuring And Mergern Acquisition": 56800000.0,
        "Earnings From Equity Interest": -13600000.0,
        "Net Non Operating Interest Income Expense": -93300000.0,
        "Interest Expense Non Operating": 94000000.0,
        "Interest Income Non Operating": 700000.0,
        "Operating Income": 648700000.0,
        "Operating Expense": 700600000.0,
        "Other Operating Expenses": 22400000.0,
        "Provision For Doubtful Accounts": 10500000.0,
        "Depreciation Amortization Depletion Income Statement": 337600000.0,
        "Selling General And Administration": 330100000.0,
        "General And Administrative Expense": 330100000.0,
        "Other Gand A": 98000000.0,
        "Salaries And Wages": 232100000.0,
        "Gross Profit": 1349300000.0,
        "Cost Of Revenue": 2064400000.0,
        "Total Revenue": 3413700000.0,
        "Operating Revenue": 3336300000.0
    },
    "2022-03-31": {
        "Diluted EPS": 1.11,
        "Total Revenue": NaN,
        "Gross Profit": NaN,
        "Operating Income": 561,
        "EBIT": 893,
        "Net Income": 352
    },
    "2021-12-31": {
        "Diluted EPS": 0.98,
        "Total Revenue": NaN,
        "Gross Profit": NaN,
        "Operating Income": 502,
        "EBIT": 822,
        "Net Income": 313
    },
    "2021-09-30": {
        "Diluted EPS": 1.1,
        "Total Revenue": NaN,
        "Gross Profit": NaN,
        "Operating Income": 564,
        "EBIT": 886,
        "Net Income": 350
    },
    "2021-06-30": {
        "Diluted EPS": 1.03,
        "Total Revenue": NaN,
        "Gross Profit": NaN,
        "Operating Income": 518,
        "EBIT": 842,
        "Net Income": 331
    },
    "2021-03-31": {
        "Diluted EPS": 0.93,
        "Total Revenue": NaN,
        "Gross Profit": NaN,
        "Operating Income": 492,
        "EBIT": 795,
        "Net Income": 296
    },
    "2020-12-31": {
        "Diluted EPS": 0.73,
        "Total Revenue": NaN,
        "Gross Profit": NaN,
        "Operating Income": 433,
        "EBIT": 721,
        "Net Income": 235
    },
    "2020-09-30": {
        "Diluted EPS": 0.81,
        "Total Revenue": NaN,
        "Gross Profit": NaN,
        "Operating Income": 448,
        "EBIT": 739,
        "Net Income": 260
    },
    "2020-06-30": {
        "Diluted EPS": 0.71,
        "Total Revenue": NaN,
        "Gross Profit": 987,
        "Operating Income": 395,
        "EBIT": 685,
        "Net Income": 226
    },
    "2020-03-31": {
        "Diluted EPS": 0.77,
        "Total Revenue": NaN,
        "Gross Profit": NaN,
        "Operating Income": 433,
        "EBIT": 723,
        "Net Income": 246
    },
    "2019-12-31": {
        "Diluted EPS": 0.9,
        "Total Revenue": NaN,
        "Gross Profit": NaN,
        "Operating Income": 459,
        "EBIT": 737,
        "Net Income": 289
    },
    "2019-09-30": {
        "Diluted EPS": 0.93,
        "Total Revenue": NaN,
        "Gross Profit": NaN,
        "Operating Income": 468,
        "EBIT": 756,
        "Net Income": 298
    },
    "2019-06-30": {
        "Diluted EPS": 0.78,
        "Total Revenue": NaN,
        "Gross Profit": 988,
        "Operating Income": 437,
        "EBIT": 722,
        "Net Income": 252
    },
    "2019-03-31": {
        "Diluted EPS": 0.72,
        "Total Revenue": NaN,
        "Gross Profit": 965,
        "Operating Income": 423,
        "EBIT": 695,
        "Net Income": 234
    },
    "2018-12-31": {
        "Diluted EPS": 0.92,
        "Total Revenue": NaN,
        "Gross Profit": NaN,
        "Operating Income": 483,
        "EBIT": 756,
        "Net Income": 301
    },
    "2018-09-30": {
        "Diluted EPS": 0.81,
        "Total Revenue": NaN,
        "Gross Profit": 988,
        "Operating Income": 440,
        "EBIT": 723,
        "Net Income": 263
    },
    "2018-06-30": {
        "Diluted EPS": 0.71,
        "Total Revenue": NaN,
        "Gross Profit": 941,
        "Operating Income": 408,
        "EBIT": 684,
        "Net Income": 235
    },
    "2018-03-31": {
        "Diluted EPS": 0.72,
        "Total Revenue": NaN,
        "Gross Profit": 958,
        "Operating Income": 404,
        "EBIT": 688,
        "Net Income": 238
    },
    "2017-12-31": {
        "Diluted EPS": 1.96,
        "Total Revenue": NaN,
        "Gross Profit": 967,
        "Operating Income": 407,
        "EBIT": 694,
        "Net Income": 665
    },
    "2017-09-30": {
        "Diluted EPS": 0.66,
        "Total Revenue": NaN,
        "Gross Profit": 982,
        "Operating Income": 448,
        "EBIT": 729,
        "Net Income": 223
    },
    "2017-06-30": {
        "Diluted EPS": 0.6,
        "Total Revenue": NaN,
        "Gross Profit": 969,
        "Operating Income": 426,
        "EBIT": 704,
        "Net Income": 203
    },
    "2017-03-31": {
        "Diluted EPS": 0.55,
        "Total Revenue": NaN,
        "Gross Profit": 909,
        "Operating Income": 388,
        "EBIT": 658,
        "Net Income": 188
    },
    "2016-12-31": {
        "Diluted EPS": 0.56,
        "Total Revenue": NaN,
        "Gross Profit": 914,
        "Operating Income": 392,
        "EBIT": 657,
        "Net Income": 190
    },
    "2016-09-30": {
        "Diluted EPS": 0.25,
        "Total Revenue": NaN,
        "Gross Profit": 933,
        "Operating Income": 418,
        "EBIT": 690,
        "Net Income": 86
    },
    "2016-06-30": {
        "Diluted EPS": 0.52,
        "Total Revenue": NaN,
        "Gross Profit": 910,
        "Operating Income": 382,
        "EBIT": 652,
        "Net Income": 181
    },
    "2016-03-31": {
        "Diluted EPS": 0.45,
        "Total Revenue": NaN,
        "Gross Profit": 867,
        "Operating Income": 346,
        "EBIT": 609,
        "Net Income": 157
    },
    "2015-12-31": {
        "Diluted EPS": 0.49,
        "Total Revenue": NaN,
        "Gross Profit": 887,
        "Operating Income": 354,
        "EBIT": 618,
        "Net Income": 172
    },
    "2015-09-30": {
        "Diluted EPS": 0.61,
        "Total Revenue": NaN,
        "Gross Profit": 954,
        "Operating Income": 443,
        "EBIT": 710,
        "Net Income": 215
    },
    "2015-06-30": {
        "Diluted EPS": 0.54,
        "Total Revenue": NaN,
        "Gross Profit": 891,
        "Operating Income": 389,
        "EBIT": 655,
        "Net Income": 190
    },
    "2015-03-31": {
        "Diluted EPS": 0.49,
        "Total Revenue": NaN,
        "Gross Profit": 865,
        "Operating Income": 373,
        "EBIT": 626,
        "Net Income": 172
    },
    "2014-12-31": {
        "Diluted EPS": 0.14,
        "Total Revenue": NaN,
        "Gross Profit": 689,
        "Operating Income": 166,
        "EBIT": 414,
        "Net Income": 50
    },
    "2014-09-30": {
        "Diluted EPS": 0.52,
        "Total Revenue": NaN,
        "Gross Profit": 867,
        "Operating Income": 382,
        "EBIT": 638,
        "Net Income": 186
    },
    "2014-06-30": {
        "Diluted EPS": 0.5,
        "Total Revenue": NaN,
        "Gross Profit": 852,
        "Operating Income": 378,
        "EBIT": 628,
        "Net Income": 179
    },
    "2014-03-31": {
        "Diluted EPS": 0.37,
        "Total Revenue": NaN,
        "Gross Profit": 753,
        "Operating Income": 306,
        "EBIT": 539,
        "Net Income": 133
    },
    "2013-12-31": {
        "Diluted EPS": 0.66,
        "Total Revenue": NaN,
        "Gross Profit": 858,
        "Operating Income": 403,
        "EBIT": 648,
        "Net Income": 237
    },
    "2013-09-30": {
        "Diluted EPS": 0.47,
        "Total Revenue": NaN,
        "Gross Profit": 848,
        "Operating Income": 352,
        "EBIT": 596,
        "Net Income": 171
    },
    "2013-06-30": {
        "Diluted EPS": 0.15,
        "Total Revenue": NaN,
        "Gross Profit": 702,
        "Operating Income": 181,
        "EBIT": 417,
        "Net Income": 56
    },
    "2013-03-31": {
        "Diluted EPS": 0.34,
        "Total Revenue": NaN,
        "Gross Profit": 776,
        "Operating Income": 274,
        "EBIT": 503,
        "Net Income": 125
    },
    "2012-12-31": {
        "Diluted EPS": 0.35,
        "Total Revenue": NaN,
        "Gross Profit": 745,
        "Operating Income": 289,
        "EBIT": 525,
        "Net Income": 127
    },
    "2012-09-30": {
        "Diluted EPS": 0.42,
        "Total Revenue": NaN,
        "Gross Profit": 766,
        "Operating Income": 318,
        "EBIT": 541,
        "Net Income": 153
    },
    "2012-06-30": {
        "Diluted EPS": 0.4,
        "Total Revenue": NaN,
        "Gross Profit": 822,
        "Operating Income": 387,
        "EBIT": 622,
        "Net Income": 149
    },
    "2012-03-31": {
        "Diluted EPS": 0.38,
        "Total Revenue": NaN,
        "Gross Profit": 779,
        "Operating Income": 327,
        "EBIT": 560,
        "Net Income": 143
    },
    "2011-12-31": {
        "Diluted EPS": 0.51,
        "Total Revenue": NaN,
        "Gross Profit": 818,
        "Operating Income": 367,
        "EBIT": 600,
        "Net Income": 191
    },
    "2011-09-30": {
        "Diluted EPS": 0.52,
        "Total Revenue": NaN,
        "Gross Profit": 856,
        "Operating Income": 409,
        "EBIT": 643,
        "Net Income": 194
    },
    "2011-06-30": {
        "Diluted EPS": 0.12,
        "Total Revenue": NaN,
        "Gross Profit": 849,
        "Operating Income": 401,
        "EBIT": 629,
        "Net Income": 47
    },
    "2011-03-31": {
        "Diluted EPS": 0.41,
        "Total Revenue": NaN,
        "Gross Profit": 805,
        "Operating Income": 376,
        "EBIT": 602,
        "Net Income": 158
    },
    "2010-12-31": {
        "Diluted EPS": 0.38,
        "Total Revenue": NaN,
        "Gross Profit": 836,
        "Operating Income": 389,
        "EBIT": 615,
        "Net Income": 148
    },
    "2010-09-30": {
        "Diluted EPS": 0.35,
        "Total Revenue": NaN,
        "Gross Profit": 837,
        "Operating Income": 368,
        "EBIT": 599,
        "Net Income": 134
    },
    "2010-06-30": {
        "Diluted EPS": 0.42,
        "Total Revenue": NaN,
        "Gross Profit": 848,
        "Operating Income": 401,
        "EBIT": 635,
        "Net Income": 160
    },
    "2010-03-31": {
        "Diluted EPS": 0.17,
        "Total Revenue": NaN,
        "Gross Profit": 821,
        "Operating Income": 381,
        "EBIT": 605,
        "Net Income": 65
    },
    "2009-12-31": {
        "Diluted EPS": 0.09,
        "Total Revenue": NaN,
        "Gross Profit": 798,
        "Operating Income": 329,
        "EBIT": 562,
        "Net Income": 36
    },
    "2009-09-30": {
        "Diluted EPS": 0.32,
        "Total Revenue": NaN,
        "Gross Profit": 866,
        "Operating Income": 387,
        "EBIT": 627,
        "Net Income": 121
    },
    "2009-06-30": {
        "Diluted EPS": 0.59,
        "Total Revenue": NaN,
        "Gross Profit": 839,
        "Operating Income": 521,
        "EBIT": 761,
        "Net Income": 226
    },
    "2009-03-31": {
        "Diluted EPS": 0.3,
        "Total Revenue": NaN,
        "Gross Profit": 852,
        "Operating Income": 353,
        "EBIT": 598,
        "Net Income": 113
    },
    "2023-09-30": {
        "Tax Effect Of Unusual Items": -2288000.0,
        "Tax Rate For Calcs": 0.208,
        "Normalized EBITDA": 1151900000.0,
        "Total Unusual Items": -11000000.0,
        "Total Unusual Items Excluding Goodwill": -11000000.0,
        "Net Income From Continuing Operation Net Minority Interest": 480200000.0,
        "Reconciled Depreciation": 407000000.0,
        "Reconciled Cost Of Revenue": 2259600000.0,
        "EBITDA": 1140900000.0,
        "EBIT": 733900000.0,
        "Net Interest Income": -125600000.0,
        "Interest Expense": 127600000.0,
        "Interest Income": 2000000.0,
        "Normalized Income": 488912000.0,
        "Net Income From Continuing And Discontinued Operation": 480200000.0,
        "Total Expenses": 3087100000.0,
        "Total Operating Income As Reported": 727800000.0,
        "Diluted Average Shares": 316062000.0,
        "Basic Average Shares": 316062000.0,
        "Diluted EPS": 1.52,
        "Basic EPS": 1.52,
        "Diluted NI Availto Com Stockholders": 480200000.0,
        "Net Income Common Stockholders": 480200000.0,
        "Net Income": 480200000.0,
        "Minority Interests": -100000.0,
        "Net Income Including Noncontrolling Interests": 480300000.0,
        "Net Income Continuous Operations": 480300000.0,
        "Tax Provision": 126000000.0,
        "Pretax Income": 606300000.0,
        "Other Income Expense": -6900000.0,
        "Other Non Operating Income Expenses": 1300000.0,
        "Special Income Charges": -11000000.0,
        "Gain On Sale Of Business": 1500000.0,
        "Other Special Charges": NaN,
        "Restructuring And Mergern Acquisition": 12500000.0,
        "Earnings From Equity Interest": 2800000.0,
        "Net Non Operating Interest Income Expense": -125600000.0,
        "Interest Expense Non Operating": 127600000.0,
        "Interest Income Non Operating": 2000000.0,
        "Operating Income": 738800000.0,
        "Operating Expense": 802800000.0,
        "Other Operating Expenses": 24600000.0,
        "Provision For Doubtful Accounts": 18900000.0,
        "Depreciation Amortization Depletion Income Statement": 382300000.0,
        "Depletion Income Statement": 121400000.0,
        "Depreciation And Amortization In Income Statement": 260900000.0,
        "Amortization": 33300000.0,
        "Amortization Of Intangibles Income Statement": 33300000.0,
        "Depreciation Income Statement": 227600000.0,
        "Selling General And Administration": 377000000.0,
        "General And Administrative Expense": 377000000.0,
        "Other Gand A": 122800000.0,
        "Salaries And Wages": 254200000.0,
        "Gross Profit": 1541600000.0,
        "Cost Of Revenue": 2284300000.0,
        "Total Revenue": 3825900000.0,
        "Operating Revenue": 3740100000.0
    },
    "2023-12-31": {
        "Tax Effect Of Unusual Items": -1565541.519983,
        "Tax Rate For Calcs": 0.08946,
        "Normalized EBITDA": 1056500000.0,
        "Total Unusual Items": -17500000.0,
        "Total Unusual Items Excluding Goodwill": -17500000.0,
        "Net Income From Continuing Operation Net Minority Interest": 439600000.0,
        "Reconciled Depreciation": 426700000.0,
        "Reconciled Cost Of Revenue": 2239500000.0,
        "EBITDA": 1039000000.0,
        "EBIT": 612300000.0,
        "Net Interest Income": -127900000.0,
        "Interest Expense": 129400000.0,
        "Interest Income": 1500000.0,
        "Normalized Income": 455534458.480017,
        "Net Income From Continuing And Discontinued Operation": 439600000.0,
        "Total Expenses": 3113100000.0,
        "Total Operating Income As Reported": 701000000.0,
        "Diluted Average Shares": 315700000.0,
        "Basic Average Shares": 315100000.0,
        "Diluted EPS": 1.39,
        "Basic EPS": 1.4,
        "Diluted NI Availto Com Stockholders": 439600000.0,
        "Net Income Common Stockholders": 439600000.0,
        "Net Income": 439600000.0,
        "Minority Interests": -100000.0,
        "Net Income Including Noncontrolling Interests": 439700000.0,
        "Net Income Continuous Operations": 439700000.0,
        "Tax Provision": 43200000.0,
        "Pretax Income": 482900000.0,
        "Other Income Expense": -107700000.0,
        "Other Non Operating Income Expenses": 4300000.0,
        "Special Income Charges": -17500000.0,
        "Gain On Sale Of Business": 2100000.0,
        "Other Special Charges": 4500000.0,
        "Restructuring And Mergern Acquisition": 15100000.0,
        "Earnings From Equity Interest": -94500000.0,
        "Net Non Operating Interest Income Expense": -127900000.0,
        "Interest Expense Non Operating": 129400000.0,
        "Interest Income Non Operating": 1500000.0,
        "Operating Income": 718500000.0,
        "Operating Expense": 848900000.0,
        "Other Operating Expenses": 24700000.0,
        "Provision For Doubtful Accounts": 14600000.0,
        "Depreciation Amortization Depletion Income Statement": 402000000.0,
        "Depletion Income Statement": 124400000.0,
        "Depreciation And Amortization In Income Statement": 277600000.0,
        "Amortization": 37800000.0,
        "Amortization Of Intangibles Income Statement": 37800000.0,
        "Depreciation Income Statement": 239800000.0,
        "Selling General And Administration": 407600000.0,
        "General And Administrative Expense": 407600000.0,
        "Other Gand A": 127800000.0,
        "Salaries And Wages": 279800000.0,
        "Gross Profit": 1567400000.0,
        "Cost Of Revenue": 2264200000.0,
        "Total Revenue": 3831600000.0,
        "Operating Revenue": 3429600000.0
    },
    "2024-03-31": {
        "Tax Effect Of Unusual Items": -1427800.0,
        "Tax Rate For Calcs": 0.242,
        "Normalized EBITDA": 1169900000.0,
        "Total Unusual Items": -5900000.0,
        "Total Unusual Items Excluding Goodwill": -5900000.0,
        "Net Income From Continuing Operation Net Minority Interest": 453800000.0,
        "Reconciled Depreciation": 425800000.0,
        "Reconciled Cost Of Revenue": 2256600000.0,
        "EBITDA": 1164000000.0,
        "EBIT": 738200000.0,
        "Net Interest Income": -137800000.0,
        "Interest Expense": 139300000.0,
        "Interest Income": 1500000.0,
        "Normalized Income": 458272200.0,
        "Net Income From Continuing And Discontinued Operation": 453800000.0,
        "Total Expenses": 3123000000.0,
        "Total Operating Income As Reported": 732800000.0,
        "Diluted Average Shares": 315700000.0,
        "Basic Average Shares": 315300000.0,
        "Diluted EPS": 1.44,
        "Basic EPS": 1.44,
        "Diluted NI Availto Com Stockholders": 453800000.0,
        "Net Income Common Stockholders": 453800000.0,
        "Net Income": 453800000.0,
        "Minority Interests": 100000.0,
        "Net Income Including Noncontrolling Interests": 453700000.0,
        "Net Income Continuous Operations": 453700000.0,
        "Tax Provision": 145200000.0,
        "Pretax Income": 598900000.0,
        "Other Income Expense": -2000000.0,
        "Other Non Operating Income Expenses": 12600000.0,
        "Special Income Charges": -5900000.0,
        "Gain On Sale Of Business": NaN,
        "Other Special Charges": NaN,
        "Restructuring And Mergern Acquisition": 5900000.0,
        "Earnings From Equity Interest": -8700000.0,
        "Net Non Operating Interest Income Expense": -137800000.0,
        "Interest Expense Non Operating": 139300000.0,
        "Interest Income Non Operating": 1500000.0,
        "Operating Income": 738700000.0,
        "Operating Expense": 839800000.0,
        "Other Operating Expenses": 26600000.0,
        "Provision For Doubtful Accounts": 7300000.0,
        "Depreciation Amortization Depletion Income Statement": 399200000.0,
        "Depletion Income Statement": NaN,
        "Depreciation And Amortization In Income Statement": NaN,
        "Amortization": NaN,
        "Amortization Of Intangibles Income Statement": NaN,
        "Depreciation Income Statement": NaN,
        "Selling General And Administration": 406700000.0,
        "General And Administrative Expense": 406700000.0,
        "Other Gand A": 127100000.0,
        "Salaries And Wages": 279600000.0,
        "Gross Profit": 1578500000.0,
        "Cost Of Revenue": 2283200000.0,
        "Total Revenue": 3861700000.0,
        "Operating Revenue": 3768800000.0
    },
    "2024-06-30": {
        "Tax Effect Of Unusual Items": -933100.0,
        "Tax Rate For Calcs": 0.217,
        "Normalized EBITDA": 1226400000.0,
        "Total Unusual Items": -4300000.0,
        "Total Unusual Items Excluding Goodwill": -4300000.0,
        "Net Income From Continuing Operation Net Minority Interest": 511500000.0,
        "Reconciled Depreciation": 439800000.0,
        "Reconciled Cost Of Revenue": 2355800000.0,
        "EBITDA": 1222100000.0,
        "EBIT": 782300000.0,
        "Net Interest Income": -126700000.0,
        "Interest Expense": 128300000.0,
        "Interest Income": 1600000.0,
        "Normalized Income": 514866900.0,
        "Net Income From Continuing And Discontinued Operation": 511500000.0,
        "Total Expenses": 3229900000.0,
        "Total Operating Income As Reported": 813800000.0,
        "Diluted Average Shares": 315200000.0,
        "Basic Average Shares": 314900000.0,
        "Diluted EPS": 1.62,
        "Basic EPS": 1.62,
        "Diluted NI Availto Com Stockholders": 511500000.0,
        "Net Income Common Stockholders": 511500000.0,
        "Net Income": 511500000.0,
        "Minority Interests": -400000.0,
        "Net Income Including Noncontrolling Interests": 511900000.0,
        "Net Income Continuous Operations": 511900000.0,
        "Tax Provision": 142100000.0,
        "Pretax Income": 654000000.0,
        "Other Income Expense": -37400000.0,
        "Other Non Operating Income Expenses": 700000.0,
        "Special Income Charges": -4300000.0,
        "Gain On Sale Of Business": 1400000.0,
        "Other Special Charges": NaN,
        "Restructuring And Mergern Acquisition": 5700000.0,
        "Earnings From Equity Interest": -33800000.0,
        "Net Non Operating Interest Income Expense": -126700000.0,
        "Interest Expense Non Operating": 128300000.0,
        "Interest Income Non Operating": 1600000.0,
        "Operating Income": 818100000.0,
        "Operating Expense": 847300000.0,
        "Other Operating Expenses": 26700000.0,
        "Provision For Doubtful Accounts": 12500000.0,
        "Depreciation Amortization Depletion Income Statement": 413000000.0,
        "Depletion Income Statement": NaN,
        "Depreciation And Amortization In Income Statement": NaN,
        "Amortization": NaN,
        "Amortization Of Intangibles Income Statement": NaN,
        "Depreciation Income Statement": NaN,
        "Selling General And Administration": 395100000.0,
        "General And Administrative Expense": 395100000.0,
        "Other Gand A": 119000000.0,
        "Salaries And Wages": 276100000.0,
        "Gross Profit": 1665400000.0,
        "Cost Of Revenue": 2382600000.0,
        "Total Revenue": 4048000000.0,
        "Operating Revenue": 3951300000.0
    }
}