{
    "2023-03-31": {
        "Tax Effect Of Unusual Items": NaN,
        "Tax Rate For Calcs": NaN,
        "Normalized EBITDA": NaN,
        "Total Unusual Items": NaN,
        "Total Unusual Items Excluding Goodwill": NaN,
        "Net Income From Continuing Operation Net Minority Interest": NaN,
        "Reconciled Depreciation": NaN,
        "Reconciled Cost Of Revenue": NaN,
        "EBITDA": NaN,
        "EBIT": NaN,
        "Net Interest Income": NaN,
        "Interest Expense": 5000.0,
        "Interest Income": NaN,
        "Normalized Income": NaN,
        "Net Income From Continuing And Discontinued Operation": NaN,
        "Total Expenses": NaN,
        "Total Operating Income As Reported": NaN,
        "Diluted Average Shares": 2648765.0,
        "Basic Average Shares": 2648765.0,
        "Diluted EPS": -1.004997,
        "Basic EPS": -1.004997,
        "Diluted NI Availto Com Stockholders": NaN,
        "Net Income Common Stockholders": NaN,
        "Net Income": NaN,
        "Net Income Including Noncontrolling Interests": NaN,
        "Net Income Continuous Operations": NaN,
        "Tax Provision": NaN,
        "Pretax Income": NaN,
        "Other Income Expense": NaN,
        "Other Non Operating Income Expenses": 2000.0,
        "Special Income Charges": NaN,
        "Gain On Sale Of Ppe": NaN,
        "Other Special Charges": NaN,
        "Impairment Of Capital Assets": NaN,
        "Gain On Sale Of Security": NaN,
        "Net Non Operating Interest Income Expense": NaN,
        "Total Other Finance Cost": 5000.0,
        "Interest Expense Non Operating": 5000.0,
        "Interest Income Non Operating": NaN,
        "Operating Income": NaN,
        "Operating Expense": NaN,
        "Research And Development": NaN,
        "Selling General And Administration": NaN,
        "Selling And Marketing Expense": NaN,
        "General And Administrative Expense": NaN,
        "Other Gand A": NaN,
        "Gross Profit": NaN,
        "Cost Of Revenue": NaN,
        "Total Revenue": NaN,
        "Operating Revenue": NaN
    },
    "2022-12-31": {
        "Tax Effect Of Unusual Items": NaN,
        "Tax Rate For Calcs": NaN,
        "Normalized EBITDA": NaN,
        "Total Unusual Items": NaN,
        "Total Unusual Items Excluding Goodwill": NaN,
        "Net Income From Continuing Operation Net Minority Interest": NaN,
        "Reconciled Depreciation": NaN,
        "Reconciled Cost Of Revenue": NaN,
        "EBITDA": NaN,
        "EBIT": NaN,
        "Net Interest Income": NaN,
        "Interest Expense": NaN,
        "Interest Income": NaN,
        "Normalized Income": NaN,
        "Net Income From Continuing And Discontinued Operation": NaN,
        "Total Expenses": NaN,
        "Total Operating Income As Reported": NaN,
        "Diluted Average Shares": NaN,
        "Basic Average Shares": NaN,
        "Diluted EPS": NaN,
        "Basic EPS": NaN,
        "Diluted NI Availto Com Stockholders": NaN,
        "Net Income Common Stockholders": NaN,
        "Net Income": NaN,
        "Net Income Including Noncontrolling Interests": NaN,
        "Net Income Continuous Operations": NaN,
        "Tax Provision": NaN,
        "Pretax Income": NaN,
        "Other Income Expense": NaN,
        "Other Non Operating Income Expenses": NaN,
        "Special Income Charges": -11943000.0,
        "Gain On Sale Of Ppe": -146000.0,
        "Other Special Charges": NaN,
        "Impairment Of Capital Assets": 11797000.0,
        "Gain On Sale Of Security": NaN,
        "Net Non Operating Interest Income Expense": NaN,
        "Total Other Finance Cost": NaN,
        "Interest Expense Non Operating": NaN,
        "Interest Income Non Operating": NaN,
        "Operating Income": NaN,
        "Operating Expense": NaN,
        "Research And Development": NaN,
        "Selling General And Administration": NaN,
        "Selling And Marketing Expense": NaN,
        "General And Administrative Expense": NaN,
        "Other Gand A": NaN,
        "Gross Profit": NaN,
        "Cost Of Revenue": NaN,
        "Total Revenue": NaN,
        "Operating Revenue": NaN
    },
    "2022-09-30": {
        "Tax Effect Of Unusual Items": NaN,
        "Tax Rate For Calcs": NaN,
        "Normalized EBITDA": NaN,
        "Total Unusual Items": NaN,
        "Total Unusual Items Excluding Goodwill": NaN,
        "Net Income From Continuing Operation Net Minority Interest": NaN,
        "Reconciled Depreciation": NaN,
        "Reconciled Cost Of Revenue": NaN,
        "EBITDA": NaN,
        "EBIT": NaN,
        "Net Interest Income": NaN,
        "Interest Expense": NaN,
        "Interest Income": 31000.0,
        "Normalized Income": NaN,
        "Net Income From Continuing And Discontinued Operation": NaN,
        "Total Expenses": NaN,
        "Total Operating Income As Reported": NaN,
        "Diluted Average Shares": 451202.0,
        "Basic Average Shares": 451202.0,
        "Diluted EPS": -27.01,
        "Basic EPS": -27.01,
        "Diluted NI Availto Com Stockholders": NaN,
        "Net Income Common Stockholders": NaN,
        "Net Income": NaN,
        "Net Income Including Noncontrolling Interests": NaN,
        "Net Income Continuous Operations": NaN,
        "Tax Provision": NaN,
        "Pretax Income": NaN,
        "Other Income Expense": NaN,
        "Other Non Operating Income Expenses": NaN,
        "Special Income Charges": -7430000.0,
        "Gain On Sale Of Ppe": -1000.0,
        "Impairment Of Capital Assets": 7429000.0,
        "Gain On Sale Of Security": NaN,
        "Net Non Operating Interest Income Expense": NaN,
        "Total Other Finance Cost": -31000.0,
        "Interest Expense Non Operating": NaN,
        "Interest Income Non Operating": 31000.0,
        "Operating Income": NaN,
        "Operating Expense": NaN,
        "Research And Development": NaN,
        "Selling General And Administration": NaN,
        "Selling And Marketing Expense": NaN,
        "General And Administrative Expense": NaN,
        "Other Gand A": NaN,
        "Gross Profit": NaN,
        "Cost Of Revenue": NaN,
        "Total Revenue": NaN,
        "Operating Revenue": NaN
    },
    "2022-06-30": {
        "Tax Effect Of Unusual Items": -234000.0,
        "Tax Rate For Calcs": 0.4,
        "Normalized EBITDA": -8410000.0,
        "Total Unusual Items": -585000.0,
        "Total Unusual Items Excluding Goodwill": -585000.0,
        "Net Income From Continuing Operation Net Minority Interest": -9576000.0,
        "Reconciled Depreciation": 545000.0,
        "Reconciled Cost Of Revenue": 1009000.0,
        "EBITDA": -8995000.0,
        "EBIT": -8995000.0,
        "Net Interest Income": 14000.0,
        "Interest Expense": NaN,
        "Interest Income": 14000.0,
        "Normalized Income": -9225000.0,
        "Net Income From Continuing And Discontinued Operation": -9576000.0,
        "Total Expenses": 11887000.0,
        "Total Operating Income As Reported": -9376000.0,
        "Diluted Average Shares": 386239.0,
        "Basic Average Shares": 386239.0,
        "Diluted EPS": -24.45,
        "Basic EPS": -24.45,
        "Diluted NI Availto Com Stockholders": -9576000.0,
        "Net Income Common Stockholders": -9576000.0,
        "Net Income": -9576000.0,
        "Net Income Including Noncontrolling Interests": -9576000.0,
        "Net Income Continuous Operations": -9576000.0,
        "Tax Provision": 9000.0,
        "Pretax Income": -9567000.0,
        "Other Income Expense": -586000.0,
        "Other Non Operating Income Expenses": -1000.0,
        "Special Income Charges": -381000.0,
        "Gain On Sale Of Ppe": -381000.0,
        "Impairment Of Capital Assets": NaN,
        "Gain On Sale Of Security": -204000.0,
        "Net Non Operating Interest Income Expense": 14000.0,
        "Total Other Finance Cost": -14000.0,
        "Interest Expense Non Operating": NaN,
        "Interest Income Non Operating": 14000.0,
        "Operating Income": -8995000.0,
        "Operating Expense": 10878000.0,
        "Research And Development": 761000.0,
        "Selling General And Administration": 10117000.0,
        "Selling And Marketing Expense": 4663000.0,
        "General And Administrative Expense": 5454000.0,
        "Other Gand A": 5454000.0,
        "Gross Profit": 1883000.0,
        "Cost Of Revenue": 1009000.0,
        "Total Revenue": 2892000.0,
        "Operating Revenue": 2892000.0
    },
    "2022-03-31": {
        "Diluted EPS": -21.87,
        "Total Revenue": 2,
        "Gross Profit": 1,
        "Operating Income": -8,
        "EBIT": -8,
        "Net Income": -8
    },
    "2021-12-31": {
        "Diluted EPS": -131.97,
        "Total Revenue": 3,
        "Gross Profit": 2,
        "Operating Income": -37,
        "EBIT": -36,
        "Net Income": -37
    },
    "2021-09-30": {
        "Diluted EPS": -52.0,
        "Total Revenue": 4,
        "Gross Profit": 2,
        "Operating Income": -15,
        "EBIT": -14,
        "Net Income": -18
    },
    "2021-06-30": {
        "Diluted EPS": -43.0,
        "Total Revenue": 4,
        "Gross Profit": 2,
        "Operating Income": -4,
        "EBIT": -3,
        "Net Income": -4
    },
    "2021-03-31": {
        "Diluted EPS": -62.0,
        "Total Revenue": 3,
        "Gross Profit": 2,
        "Operating Income": -2,
        "EBIT": -1,
        "Net Income": -5
    },
    "2020-12-31": {
        "Diluted EPS": -82.99,
        "Total Revenue": 5,
        "Gross Profit": 3,
        "Operating Income": -2,
        "EBIT": -2,
        "Net Income": -8
    },
    "2020-09-30": {
        "Diluted EPS": -66.0,
        "Total Revenue": 4,
        "Gross Profit": 2,
        "Operating Income": -2,
        "EBIT": -1,
        "Net Income": -5
    },
    "2020-06-30": {
        "Diluted EPS": -26.0,
        "Total Revenue": 2,
        "Gross Profit": 1,
        "Operating Income": -3,
        "EBIT": -2,
        "Net Income": -4
    },
    "2020-03-31": {
        "Diluted EPS": -102.01,
        "Total Revenue": 1,
        "Gross Profit": 0,
        "Operating Income": -5,
        "EBIT": -5,
        "Net Income": -5
    },
    "2019-12-31": {
        "Diluted EPS": 253.53,
        "Total Revenue": 1,
        "Gross Profit": 0,
        "Operating Income": -5,
        "EBIT": -5,
        "Net Income": -5
    },
    "2019-09-30": {
        "Diluted EPS": -91.51,
        "Total Revenue": 0,
        "Gross Profit": 0,
        "Operating Income": -4,
        "EBIT": -4,
        "Net Income": -4
    },
    "2019-06-30": {
        "Diluted EPS": -378.04,
        "Total Revenue": 0,
        "Gross Profit": 0,
        "Operating Income": -6,
        "EBIT": -6,
        "Net Income": -7
    },
    "2019-03-31": {
        "Diluted EPS": -538.55,
        "Total Revenue": 2,
        "Gross Profit": 1,
        "Operating Income": -8,
        "EBIT": -8,
        "Net Income": -8
    },
    "2018-12-31": {
        "Diluted EPS": -505.55,
        "Total Revenue": 2,
        "Gross Profit": 1,
        "Operating Income": -9,
        "EBIT": -9,
        "Net Income": -9
    },
    "2018-09-30": {
        "Diluted EPS": -520.55,
        "Total Revenue": 3,
        "Gross Profit": 2,
        "Operating Income": -7,
        "EBIT": -6,
        "Net Income": -7
    },
    "2018-06-30": {
        "Diluted EPS": -855.09,
        "Total Revenue": 3,
        "Gross Profit": 1,
        "Operating Income": -10,
        "EBIT": -9,
        "Net Income": -10
    },
    "2018-03-31": {
        "Diluted EPS": NaN,
        "Total Revenue": 1,
        "Gross Profit": 1,
        "Operating Income": -12,
        "EBIT": -12,
        "Net Income": -12
    },
    "2017-12-31": {
        "Diluted EPS": -900.09,
        "Total Revenue": 4,
        "Gross Profit": 2,
        "Operating Income": -10,
        "EBIT": -10,
        "Net Income": -10
    },
    "2017-09-30": {
        "Diluted EPS": -825.08,
        "Total Revenue": 3,
        "Gross Profit": 1,
        "Operating Income": -9,
        "EBIT": -9,
        "Net Income": -9
    },
    "2017-06-30": {
        "Diluted EPS": -690.07,
        "Total Revenue": 2,
        "Gross Profit": 1,
        "Operating Income": -8,
        "EBIT": -8,
        "Net Income": -8
    },
    "2017-03-31": {
        "Diluted EPS": -705.07,
        "Total Revenue": 1,
        "Gross Profit": 1,
        "Operating Income": -8,
        "EBIT": -8,
        "Net Income": -8
    },
    "2016-12-31": {
        "Diluted EPS": NaN,
        "Total Revenue": 1,
        "Gross Profit": 0,
        "Operating Income": -8,
        "EBIT": -7,
        "Net Income": -7
    },
    "2016-09-30": {
        "Diluted EPS": NaN,
        "Total Revenue": 1,
        "Gross Profit": 0,
        "Operating Income": -4,
        "EBIT": -4,
        "Net Income": -5
    },
    "2016-06-30": {
        "Diluted EPS": NaN,
        "Total Revenue": 1,
        "Gross Profit": 0,
        "Operating Income": -4,
        "EBIT": -4,
        "Net Income": -4
    },
    "2016-03-31": {
        "Diluted EPS": NaN,
        "Total Revenue": 1,
        "Gross Profit": 0,
        "Operating Income": -3,
        "EBIT": -3,
        "Net Income": -4
    },
    "2015-12-31": {
        "Diluted EPS": 0.0,
        "Total Revenue": NaN,
        "Gross Profit": NaN,
        "Operating Income": NaN,
        "EBIT": NaN,
        "Net Income": NaN
    },
    "2015-09-30": {
        "Diluted EPS": NaN,
        "Total Revenue": 1,
        "Gross Profit": 0,
        "Operating Income": -3,
        "EBIT": -3,
        "Net Income": -4
    },
    "2015-06-30": {
        "Diluted EPS": 0.0,
        "Total Revenue": NaN,
        "Gross Profit": NaN,
        "Operating Income": NaN,
        "EBIT": NaN,
        "Net Income": NaN
    },
    "2014-12-31": {
        "Diluted EPS": 0.0,
        "Total Revenue": NaN,
        "Gross Profit": NaN,
        "Operating Income": NaN,
        "EBIT": NaN,
        "Net Income": NaN
    },
    "2023-06-30": {
        "Tax Effect Of Unusual Items": 106050.0,
        "Tax Rate For Calcs": 0.21,
        "Normalized EBITDA": -4465000.0,
        "Total Unusual Items": 505000.0,
        "Total Unusual Items Excluding Goodwill": 505000.0,
        "Net Income From Continuing Operation Net Minority Interest": -3493000.0,
        "Reconciled Depreciation": 49000.0,
        "Reconciled Cost Of Revenue": 1060000.0,
        "EBITDA": -3960000.0,
        "EBIT": -4009000.0,
        "Net Interest Income": 9000.0,
        "Interest Expense": NaN,
        "Interest Income": 9000.0,
        "Normalized Income": -3891950.0,
        "Net Income From Continuing And Discontinued Operation": -3493000.0,
        "Total Expenses": 6263000.0,
        "Total Operating Income As Reported": -3976000.0,
        "Diluted Average Shares": 3249259.0,
        "Basic Average Shares": 3249259.0,
        "Diluted EPS": -1.08,
        "Basic EPS": -1.08,
        "Diluted NI Availto Com Stockholders": -3493000.0,
        "Net Income Common Stockholders": -3493000.0,
        "Net Income": -3493000.0,
        "Net Income Including Noncontrolling Interests": -3493000.0,
        "Net Income Continuous Operations": -3493000.0,
        "Tax Provision": 4000.0,
        "Pretax Income": -3489000.0,
        "Other Income Expense": 511000.0,
        "Other Non Operating Income Expenses": 6000.0,
        "Special Income Charges": 33000.0,
        "Gain On Sale Of Ppe": 33000.0,
        "Other Special Charges": NaN,
        "Impairment Of Capital Assets": NaN,
        "Gain On Sale Of Security": 472000.0,
        "Net Non Operating Interest Income Expense": 9000.0,
        "Total Other Finance Cost": NaN,
        "Interest Expense Non Operating": NaN,
        "Interest Income Non Operating": 9000.0,
        "Operating Income": -4009000.0,
        "Operating Expense": 5203000.0,
        "Research And Development": 581000.0,
        "Selling General And Administration": 4622000.0,
        "Selling And Marketing Expense": 2177000.0,
        "General And Administrative Expense": 2445000.0,
        "Other Gand A": 2445000.0,
        "Gross Profit": 1194000.0,
        "Cost Of Revenue": 1060000.0,
        "Total Revenue": 2254000.0,
        "Operating Revenue": 2254000.0
    },
    "2023-09-30": {
        "Tax Effect Of Unusual Items": -90930.0,
        "Tax Rate For Calcs": 0.21,
        "Normalized EBITDA": -2620000.0,
        "Total Unusual Items": -433000.0,
        "Total Unusual Items Excluding Goodwill": -433000.0,
        "Net Income From Continuing Operation Net Minority Interest": -3534000.0,
        "Reconciled Depreciation": 50000.0,
        "Reconciled Cost Of Revenue": 867000.0,
        "EBITDA": -3053000.0,
        "EBIT": -3103000.0,
        "Net Interest Income": 5000.0,
        "Interest Expense": NaN,
        "Interest Income": 5000.0,
        "Normalized Income": -3191930.0,
        "Net Income From Continuing And Discontinued Operation": -3534000.0,
        "Total Expenses": 5258000.0,
        "Total Operating Income As Reported": -3880000.0,
        "Diluted Average Shares": 3452672.0,
        "Basic Average Shares": 3452672.0,
        "Diluted EPS": -1.02,
        "Basic EPS": -1.02,
        "Diluted NI Availto Com Stockholders": -3534000.0,
        "Net Income Common Stockholders": -3534000.0,
        "Net Income": -3534000.0,
        "Net Income Including Noncontrolling Interests": -3534000.0,
        "Net Income Continuous Operations": -3534000.0,
        "Tax Provision": 3000.0,
        "Pretax Income": -3531000.0,
        "Other Income Expense": -433000.0,
        "Other Non Operating Income Expenses": NaN,
        "Special Income Charges": -777000.0,
        "Gain On Sale Of Ppe": 0.0,
        "Other Special Charges": NaN,
        "Impairment Of Capital Assets": 777000.0,
        "Gain On Sale Of Security": 344000.0,
        "Net Non Operating Interest Income Expense": 5000.0,
        "Total Other Finance Cost": NaN,
        "Interest Expense Non Operating": NaN,
        "Interest Income Non Operating": 5000.0,
        "Operating Income": -3103000.0,
        "Operating Expense": 4391000.0,
        "Research And Development": 542000.0,
        "Selling General And Administration": 3849000.0,
        "Selling And Marketing Expense": 1791000.0,
        "General And Administrative Expense": 2058000.0,
        "Other Gand A": 2058000.0,
        "Gross Profit": 1288000.0,
        "Cost Of Revenue": 867000.0,
        "Total Revenue": 2155000.0,
        "Operating Revenue": 2155000.0
    },
    "2023-12-31": {
        "Tax Effect Of Unusual Items": 20370.0,
        "Tax Rate For Calcs": 0.21,
        "Normalized EBITDA": -1985000.0,
        "Total Unusual Items": 97000.0,
        "Total Unusual Items Excluding Goodwill": 97000.0,
        "Net Income From Continuing Operation Net Minority Interest": -1698000.0,
        "Reconciled Depreciation": 7000.0,
        "Reconciled Cost Of Revenue": 140000.0,
        "EBITDA": -1888000.0,
        "EBIT": -1895000.0,
        "Net Interest Income": 17000.0,
        "Interest Expense": NaN,
        "Interest Income": NaN,
        "Normalized Income": -1774630.0,
        "Net Income From Continuing And Discontinued Operation": -1698000.0,
        "Total Expenses": 3877000.0,
        "Total Operating Income As Reported": -1895000.0,
        "Diluted Average Shares": NaN,
        "Basic Average Shares": NaN,
        "Diluted EPS": NaN,
        "Basic EPS": NaN,
        "Diluted NI Availto Com Stockholders": -1698000.0,
        "Net Income Common Stockholders": -1698000.0,
        "Net Income": -1698000.0,
        "Net Income Including Noncontrolling Interests": -1698000.0,
        "Net Income Continuous Operations": -1698000.0,
        "Tax Provision": 31000.0,
        "Pretax Income": -1667000.0,
        "Other Income Expense": 211000.0,
        "Other Non Operating Income Expenses": 114000.0,
        "Special Income Charges": 0.0,
        "Gain On Sale Of Ppe": 0.0,
        "Other Special Charges": NaN,
        "Impairment Of Capital Assets": 0.0,
        "Gain On Sale Of Security": 97000.0,
        "Net Non Operating Interest Income Expense": 17000.0,
        "Total Other Finance Cost": NaN,
        "Interest Expense Non Operating": NaN,
        "Interest Income Non Operating": NaN,
        "Operating Income": -1895000.0,
        "Operating Expense": 3737000.0,
        "Research And Development": 739000.0,
        "Selling General And Administration": 2998000.0,
        "Selling And Marketing Expense": 1398000.0,
        "General And Administrative Expense": 1600000.0,
        "Other Gand A": 1600000.0,
        "Gross Profit": 1842000.0,
        "Cost Of Revenue": 140000.0,
        "Total Revenue": 1982000.0,
        "Operating Revenue": 1982000.0
    },
    "2024-03-31": {
        "Tax Effect Of Unusual Items": -630.0,
        "Tax Rate For Calcs": 0.21,
        "Normalized EBITDA": -2201000.0,
        "Total Unusual Items": -3000.0,
        "Total Unusual Items Excluding Goodwill": -3000.0,
        "Net Income From Continuing Operation Net Minority Interest": -2193000.0,
        "Reconciled Depreciation": 6000.0,
        "Reconciled Cost Of Revenue": 779000.0,
        "EBITDA": -2204000.0,
        "EBIT": -2210000.0,
        "Net Interest Income": 9000.0,
        "Interest Expense": NaN,
        "Interest Income": NaN,
        "Normalized Income": -2190630.0,
        "Net Income From Continuing And Discontinued Operation": -2193000.0,
        "Total Expenses": 4154000.0,
        "Total Operating Income As Reported": -2210000.0,
        "Diluted Average Shares": 23457127.0,
        "Basic Average Shares": 23457127.0,
        "Diluted EPS": -0.09,
        "Basic EPS": -0.09,
        "Diluted NI Availto Com Stockholders": -2193000.0,
        "Net Income Common Stockholders": -2193000.0,
        "Net Income": -2193000.0,
        "Net Income Including Noncontrolling Interests": -2193000.0,
        "Net Income Continuous Operations": -2193000.0,
        "Tax Provision": 14000.0,
        "Pretax Income": -2179000.0,
        "Other Income Expense": 22000.0,
        "Other Non Operating Income Expenses": 25000.0,
        "Special Income Charges": NaN,
        "Gain On Sale Of Ppe": NaN,
        "Other Special Charges": NaN,
        "Impairment Of Capital Assets": NaN,
        "Gain On Sale Of Security": -3000.0,
        "Net Non Operating Interest Income Expense": 9000.0,
        "Total Other Finance Cost": -9000.0,
        "Interest Expense Non Operating": NaN,
        "Interest Income Non Operating": NaN,
        "Operating Income": -2210000.0,
        "Operating Expense": 3375000.0,
        "Research And Development": 484000.0,
        "Selling General And Administration": 2891000.0,
        "Selling And Marketing Expense": 1019000.0,
        "General And Administrative Expense": 1872000.0,
        "Other Gand A": 1872000.0,
        "Gross Profit": 1165000.0,
        "Cost Of Revenue": 779000.0,
        "Total Revenue": 1944000.0,
        "Operating Revenue": 1944000.0
    },
    "2024-06-30": {
        "Tax Effect Of Unusual Items": 86310.0,
        "Tax Rate For Calcs": 0.21,
        "Normalized EBITDA": -2459000.0,
        "Total Unusual Items": 411000.0,
        "Total Unusual Items Excluding Goodwill": 411000.0,
        "Net Income From Continuing Operation Net Minority Interest": -1595000.0,
        "Reconciled Depreciation": 6000.0,
        "Reconciled Cost Of Revenue": 831000.0,
        "EBITDA": -2048000.0,
        "EBIT": -2054000.0,
        "Net Interest Income": 4000.0,
        "Interest Expense": NaN,
        "Interest Income": 4000.0,
        "Normalized Income": -1919690.0,
        "Net Income From Continuing And Discontinued Operation": -1595000.0,
        "Total Expenses": 4019000.0,
        "Total Operating Income As Reported": -2054000.0,
        "Diluted Average Shares": 25222443.0,
        "Basic Average Shares": 25222443.0,
        "Diluted EPS": -0.06,
        "Basic EPS": -0.06,
        "Diluted NI Availto Com Stockholders": -1595000.0,
        "Net Income Common Stockholders": -1595000.0,
        "Net Income": -1595000.0,
        "Net Income Including Noncontrolling Interests": -1595000.0,
        "Net Income Continuous Operations": -1595000.0,
        "Tax Provision": 15000.0,
        "Pretax Income": -1580000.0,
        "Other Income Expense": 470000.0,
        "Other Non Operating Income Expenses": 59000.0,
        "Special Income Charges": 429000.0,
        "Gain On Sale Of Ppe": 0.0,
        "Other Special Charges": -429000.0,
        "Impairment Of Capital Assets": NaN,
        "Gain On Sale Of Security": -18000.0,
        "Net Non Operating Interest Income Expense": 4000.0,
        "Total Other Finance Cost": NaN,
        "Interest Expense Non Operating": NaN,
        "Interest Income Non Operating": 4000.0,
        "Operating Income": -2054000.0,
        "Operating Expense": 3188000.0,
        "Research And Development": 399000.0,
        "Selling General And Administration": 2789000.0,
        "Selling And Marketing Expense": 670000.0,
        "General And Administrative Expense": 2119000.0,
        "Other Gand A": 2119000.0,
        "Gross Profit": 1134000.0,
        "Cost Of Revenue": 831000.0,
        "Total Revenue": 1965000.0,
        "Operating Revenue": 1965000.0
    }
}