{
    "2023-03-31": {
        "Tax Effect Of Unusual Items": NaN,
        "Tax Rate For Calcs": NaN,
        "Normalized EBITDA": NaN,
        "Total Unusual Items": NaN,
        "Total Unusual Items Excluding Goodwill": NaN,
        "Net Income From Continuing Operation Net Minority Interest": NaN,
        "Reconciled Depreciation": NaN,
        "Reconciled Cost Of Revenue": NaN,
        "EBITDA": NaN,
        "EBIT": NaN,
        "Net Interest Income": NaN,
        "Interest Expense": 0.0,
        "Interest Income": NaN,
        "Normalized Income": NaN,
        "Net Income From Continuing And Discontinued Operation": NaN,
        "Total Expenses": NaN,
        "Total Operating Income As Reported": NaN,
        "Diluted Average Shares": NaN,
        "Basic Average Shares": NaN,
        "Diluted EPS": NaN,
        "Basic EPS": NaN,
        "Diluted NI Availto Com Stockholders": NaN,
        "Net Income Common Stockholders": NaN,
        "Net Income": NaN,
        "Net Income Including Noncontrolling Interests": NaN,
        "Net Income Continuous Operations": NaN,
        "Tax Provision": NaN,
        "Pretax Income": NaN,
        "Other Income Expense": NaN,
        "Other Non Operating Income Expenses": NaN,
        "Special Income Charges": NaN,
        "Restructuring And Mergern Acquisition": NaN,
        "Earnings From Equity Interest": 0.0,
        "Gain On Sale Of Security": NaN,
        "Net Non Operating Interest Income Expense": NaN,
        "Interest Expense Non Operating": 0.0,
        "Interest Income Non Operating": NaN,
        "Operating Income": NaN,
        "Operating Expense": NaN,
        "Depreciation Amortization Depletion Income Statement": NaN,
        "Depreciation And Amortization In Income Statement": NaN,
        "Research And Development": NaN,
        "Selling General And Administration": NaN,
        "Selling And Marketing Expense": NaN,
        "General And Administrative Expense": NaN,
        "Other Gand A": NaN,
        "Salaries And Wages": 1800135.0,
        "Gross Profit": NaN,
        "Cost Of Revenue": NaN,
        "Total Revenue": NaN,
        "Operating Revenue": NaN
    },
    "2022-12-31": {
        "Tax Effect Of Unusual Items": NaN,
        "Tax Rate For Calcs": NaN,
        "Normalized EBITDA": NaN,
        "Total Unusual Items": NaN,
        "Total Unusual Items Excluding Goodwill": NaN,
        "Net Income From Continuing Operation Net Minority Interest": NaN,
        "Reconciled Depreciation": NaN,
        "Reconciled Cost Of Revenue": NaN,
        "EBITDA": NaN,
        "EBIT": NaN,
        "Net Interest Income": NaN,
        "Interest Expense": -225000.0,
        "Interest Income": NaN,
        "Normalized Income": NaN,
        "Net Income From Continuing And Discontinued Operation": NaN,
        "Total Expenses": NaN,
        "Total Operating Income As Reported": NaN,
        "Diluted Average Shares": NaN,
        "Basic Average Shares": NaN,
        "Diluted EPS": NaN,
        "Basic EPS": NaN,
        "Diluted NI Availto Com Stockholders": NaN,
        "Net Income Common Stockholders": NaN,
        "Net Income": NaN,
        "Net Income Including Noncontrolling Interests": NaN,
        "Net Income Continuous Operations": NaN,
        "Tax Provision": NaN,
        "Pretax Income": NaN,
        "Other Income Expense": NaN,
        "Other Non Operating Income Expenses": NaN,
        "Special Income Charges": NaN,
        "Restructuring And Mergern Acquisition": NaN,
        "Earnings From Equity Interest": NaN,
        "Gain On Sale Of Security": NaN,
        "Net Non Operating Interest Income Expense": NaN,
        "Interest Expense Non Operating": -225000.0,
        "Interest Income Non Operating": NaN,
        "Operating Income": NaN,
        "Operating Expense": NaN,
        "Depreciation Amortization Depletion Income Statement": NaN,
        "Depreciation And Amortization In Income Statement": NaN,
        "Research And Development": NaN,
        "Selling General And Administration": NaN,
        "Selling And Marketing Expense": NaN,
        "General And Administrative Expense": NaN,
        "Other Gand A": NaN,
        "Salaries And Wages": 1460983.0,
        "Gross Profit": NaN,
        "Cost Of Revenue": NaN,
        "Total Revenue": NaN,
        "Operating Revenue": NaN
    },
    "2022-09-30": {
        "Tax Effect Of Unusual Items": NaN,
        "Tax Rate For Calcs": NaN,
        "Normalized EBITDA": NaN,
        "Total Unusual Items": NaN,
        "Total Unusual Items Excluding Goodwill": NaN,
        "Net Income From Continuing Operation Net Minority Interest": NaN,
        "Reconciled Depreciation": NaN,
        "Reconciled Cost Of Revenue": NaN,
        "EBITDA": NaN,
        "EBIT": NaN,
        "Net Interest Income": NaN,
        "Interest Expense": 0.0,
        "Interest Income": NaN,
        "Normalized Income": NaN,
        "Net Income From Continuing And Discontinued Operation": NaN,
        "Total Expenses": NaN,
        "Total Operating Income As Reported": NaN,
        "Diluted Average Shares": NaN,
        "Basic Average Shares": NaN,
        "Diluted EPS": NaN,
        "Basic EPS": NaN,
        "Diluted NI Availto Com Stockholders": NaN,
        "Net Income Common Stockholders": NaN,
        "Net Income": NaN,
        "Net Income Including Noncontrolling Interests": NaN,
        "Net Income Continuous Operations": NaN,
        "Tax Provision": NaN,
        "Pretax Income": NaN,
        "Other Income Expense": NaN,
        "Other Non Operating Income Expenses": -24980.0,
        "Special Income Charges": 0.0,
        "Restructuring And Mergern Acquisition": 0.0,
        "Earnings From Equity Interest": NaN,
        "Gain On Sale Of Security": NaN,
        "Net Non Operating Interest Income Expense": NaN,
        "Total Other Finance Cost": -210548.0,
        "Interest Expense Non Operating": 0.0,
        "Interest Income Non Operating": NaN,
        "Operating Income": NaN,
        "Operating Expense": NaN,
        "Depreciation Amortization Depletion Income Statement": NaN,
        "Depreciation And Amortization In Income Statement": NaN,
        "Research And Development": NaN,
        "Selling General And Administration": NaN,
        "Selling And Marketing Expense": NaN,
        "General And Administrative Expense": NaN,
        "Other Gand A": NaN,
        "Salaries And Wages": 188667.0,
        "Gross Profit": NaN,
        "Cost Of Revenue": NaN,
        "Total Revenue": NaN,
        "Operating Revenue": NaN
    },
    "2022-06-30": {
        "Tax Effect Of Unusual Items": 1204.0,
        "Tax Rate For Calcs": 0.4,
        "Normalized EBITDA": -3951504.0,
        "Total Unusual Items": 3010.0,
        "Total Unusual Items Excluding Goodwill": 3010.0,
        "Net Income From Continuing Operation Net Minority Interest": -4688680.0,
        "Reconciled Depreciation": 215162.0,
        "Reconciled Cost Of Revenue": 3686411.0,
        "EBITDA": -3948494.0,
        "EBIT": -4163656.0,
        "Net Interest Income": -517486.0,
        "Interest Expense": 530239.0,
        "Interest Income": 14108.0,
        "Normalized Income": -4690486.0,
        "Net Income From Continuing And Discontinued Operation": -4688680.0,
        "Total Expenses": 8562968.0,
        "Total Operating Income As Reported": -4690885.0,
        "Diluted Average Shares": 173518855.0,
        "Basic Average Shares": 173518855.0,
        "Diluted EPS": -0.03,
        "Basic EPS": -0.03,
        "Diluted NI Availto Com Stockholders": -4688680.0,
        "Net Income Common Stockholders": -4688680.0,
        "Net Income": -4688680.0,
        "Net Income Including Noncontrolling Interests": -4688680.0,
        "Net Income Continuous Operations": -4688680.0,
        "Tax Provision": 9424.0,
        "Pretax Income": -4679256.0,
        "Other Income Expense": 1886.0,
        "Other Non Operating Income Expenses": NaN,
        "Special Income Charges": 0.0,
        "Restructuring And Mergern Acquisition": 0.0,
        "Earnings From Equity Interest": -1124.0,
        "Gain On Sale Of Security": 3010.0,
        "Net Non Operating Interest Income Expense": -517486.0,
        "Total Other Finance Cost": 517486.0,
        "Interest Expense Non Operating": 530239.0,
        "Interest Income Non Operating": 14108.0,
        "Operating Income": -4163656.0,
        "Operating Expense": 4876557.0,
        "Depreciation Amortization Depletion Income Statement": 215162.0,
        "Depreciation And Amortization In Income Statement": 215162.0,
        "Amortization": 28548.0,
        "Amortization Of Intangibles Income Statement": 28548.0,
        "Depreciation Income Statement": 186614.0,
        "Research And Development": 1191567.0,
        "Selling General And Administration": 3469828.0,
        "Selling And Marketing Expense": 1850944.0,
        "General And Administrative Expense": 1618884.0,
        "Other Gand A": 1601898.0,
        "Salaries And Wages": 16986.0,
        "Gross Profit": 712901.0,
        "Cost Of Revenue": 3686411.0,
        "Total Revenue": 4399312.0,
        "Operating Revenue": 4399312.0
    },
    "2022-03-31": {
        "Diluted EPS": -0.02,
        "Total Revenue": 4,
        "Gross Profit": 0,
        "Operating Income": -4,
        "EBIT": -4,
        "Net Income": -4
    },
    "2021-12-31": {
        "Diluted EPS": -1.59,
        "Total Revenue": 7,
        "Gross Profit": 1,
        "Operating Income": -8,
        "EBIT": -8,
        "Net Income": -9
    },
    "2021-09-30": {
        "Diluted EPS": -0.35,
        "Total Revenue": 2,
        "Gross Profit": 0,
        "Operating Income": -2,
        "EBIT": -2,
        "Net Income": -3
    },
    "2021-06-30": {
        "Diluted EPS": 2.29,
        "Total Revenue": NaN,
        "Gross Profit": NaN,
        "Operating Income": 0,
        "EBIT": 0,
        "Net Income": 2
    },
    "2021-03-31": {
        "Diluted EPS": -0.41,
        "Total Revenue": NaN,
        "Gross Profit": NaN,
        "Operating Income": 0,
        "EBIT": 0,
        "Net Income": -3
    },
    "2020-12-31": {
        "Diluted EPS": 0.0,
        "Total Revenue": NaN,
        "Gross Profit": NaN,
        "Operating Income": NaN,
        "EBIT": NaN,
        "Net Income": NaN
    },
    "2020-09-30": {
        "Diluted EPS": 0.0,
        "Total Revenue": NaN,
        "Gross Profit": NaN,
        "Operating Income": 0,
        "EBIT": 0,
        "Net Income": 0
    },
    "2023-06-30": {
        "Tax Effect Of Unusual Items": NaN,
        "Tax Rate For Calcs": NaN,
        "Normalized EBITDA": NaN,
        "Total Unusual Items": NaN,
        "Total Unusual Items Excluding Goodwill": NaN,
        "Net Income From Continuing Operation Net Minority Interest": NaN,
        "Reconciled Depreciation": NaN,
        "Reconciled Cost Of Revenue": NaN,
        "EBITDA": NaN,
        "EBIT": NaN,
        "Net Interest Income": NaN,
        "Interest Expense": 704202.0,
        "Interest Income": NaN,
        "Normalized Income": NaN,
        "Net Income From Continuing And Discontinued Operation": NaN,
        "Total Expenses": NaN,
        "Total Operating Income As Reported": NaN,
        "Diluted Average Shares": 201257144.0,
        "Basic Average Shares": 201257144.0,
        "Diluted EPS": -0.15,
        "Basic EPS": -0.15,
        "Diluted NI Availto Com Stockholders": NaN,
        "Net Income Common Stockholders": NaN,
        "Net Income": NaN,
        "Net Income Including Noncontrolling Interests": NaN,
        "Net Income Continuous Operations": NaN,
        "Tax Provision": NaN,
        "Pretax Income": NaN,
        "Other Income Expense": NaN,
        "Other Non Operating Income Expenses": NaN,
        "Special Income Charges": NaN,
        "Restructuring And Mergern Acquisition": NaN,
        "Earnings From Equity Interest": 0.0,
        "Gain On Sale Of Security": NaN,
        "Net Non Operating Interest Income Expense": NaN,
        "Interest Expense Non Operating": 704202.0,
        "Interest Income Non Operating": NaN,
        "Operating Income": NaN,
        "Operating Expense": NaN,
        "Depreciation Amortization Depletion Income Statement": NaN,
        "Depreciation And Amortization In Income Statement": NaN,
        "Research And Development": NaN,
        "Selling General And Administration": NaN,
        "Selling And Marketing Expense": NaN,
        "General And Administrative Expense": NaN,
        "Other Gand A": NaN,
        "Salaries And Wages": 3170944.0,
        "Gross Profit": NaN,
        "Cost Of Revenue": NaN,
        "Total Revenue": NaN,
        "Operating Revenue": NaN
    },
    "2023-09-30": {
        "Tax Effect Of Unusual Items": 1758758.19,
        "Tax Rate For Calcs": 0.21,
        "Normalized EBITDA": -48127144.0,
        "Total Unusual Items": 8375039.0,
        "Total Unusual Items Excluding Goodwill": 8375039.0,
        "Net Income From Continuing Operation Net Minority Interest": -29021042.0,
        "Reconciled Depreciation": 1062208.0,
        "Reconciled Cost Of Revenue": 40042338.0,
        "EBITDA": -39752105.0,
        "EBIT": -41105176.0,
        "Net Interest Income": 3620882.0,
        "Interest Expense": NaN,
        "Interest Income": 3620882.0,
        "Normalized Income": -35637322.81,
        "Net Income From Continuing And Discontinued Operation": -29021042.0,
        "Total Expenses": 59087326.0,
        "Total Operating Income As Reported": -40215832.0,
        "Diluted Average Shares": 201810477.0,
        "Basic Average Shares": 201810477.0,
        "Diluted EPS": -0.14,
        "Basic EPS": -0.14,
        "Diluted NI Availto Com Stockholders": -29021042.0,
        "Net Income Common Stockholders": -29021042.0,
        "Net Income": -29021042.0,
        "Net Income Including Noncontrolling Interests": -29021042.0,
        "Net Income Continuous Operations": -29021042.0,
        "Tax Provision": 16126.0,
        "Pretax Income": -29004916.0,
        "Other Income Expense": 8479378.0,
        "Other Non Operating Income Expenses": 104339.0,
        "Special Income Charges": 889344.0,
        "Restructuring And Mergern Acquisition": -889344.0,
        "Earnings From Equity Interest": NaN,
        "Gain On Sale Of Security": 7485695.0,
        "Net Non Operating Interest Income Expense": 3620882.0,
        "Interest Expense Non Operating": NaN,
        "Interest Income Non Operating": 3620882.0,
        "Operating Income": -41105176.0,
        "Operating Expense": 19335851.0,
        "Depreciation Amortization Depletion Income Statement": 1353071.0,
        "Depreciation And Amortization In Income Statement": 1353071.0,
        "Research And Development": 5111748.0,
        "Selling General And Administration": 12871032.0,
        "Selling And Marketing Expense": 3182903.0,
        "General And Administrative Expense": 9688129.0,
        "Other Gand A": 9688129.0,
        "Salaries And Wages": NaN,
        "Gross Profit": -21769325.0,
        "Cost Of Revenue": 39751475.0,
        "Total Revenue": 17982150.0,
        "Operating Revenue": 17982150.0
    },
    "2023-12-31": {
        "Tax Effect Of Unusual Items": 1248.492845,
        "Tax Rate For Calcs": 0.101968,
        "Normalized EBITDA": -34870275.0,
        "Total Unusual Items": 12244.0,
        "Total Unusual Items Excluding Goodwill": 12244.0,
        "Net Income From Continuing Operation Net Minority Interest": -29277227.0,
        "Reconciled Depreciation": 2561906.0,
        "Reconciled Cost Of Revenue": 38752279.0,
        "EBITDA": -34858031.0,
        "EBIT": -37419937.0,
        "Net Interest Income": 5017612.0,
        "Interest Expense": NaN,
        "Interest Income": 5017612.0,
        "Normalized Income": -29288222.507155,
        "Net Income From Continuing And Discontinued Operation": -29277227.0,
        "Total Expenses": 57811809.0,
        "Total Operating Income As Reported": -37208012.0,
        "Diluted Average Shares": NaN,
        "Basic Average Shares": NaN,
        "Diluted EPS": NaN,
        "Basic EPS": NaN,
        "Diluted NI Availto Com Stockholders": -29277227.0,
        "Net Income Common Stockholders": -29277227.0,
        "Net Income": -29277227.0,
        "Net Income Including Noncontrolling Interests": -29277227.0,
        "Net Income Continuous Operations": -29277227.0,
        "Tax Provision": -3324304.0,
        "Pretax Income": -32601531.0,
        "Other Income Expense": -199206.0,
        "Other Non Operating Income Expenses": -211450.0,
        "Special Income Charges": -1710456.0,
        "Restructuring And Mergern Acquisition": 1710456.0,
        "Earnings From Equity Interest": NaN,
        "Gain On Sale Of Security": 1722700.0,
        "Net Non Operating Interest Income Expense": 5017612.0,
        "Interest Expense Non Operating": NaN,
        "Interest Income Non Operating": 5017612.0,
        "Operating Income": -37419937.0,
        "Operating Expense": 18270731.0,
        "Depreciation Amortization Depletion Income Statement": 1773107.0,
        "Depreciation And Amortization In Income Statement": 1773107.0,
        "Research And Development": 3643495.0,
        "Selling General And Administration": 12854129.0,
        "Selling And Marketing Expense": 3211241.0,
        "General And Administrative Expense": 9642888.0,
        "Other Gand A": 9642888.0,
        "Salaries And Wages": NaN,
        "Gross Profit": -19149206.0,
        "Cost Of Revenue": 39541078.0,
        "Total Revenue": 20391872.0,
        "Operating Revenue": 20391872.0
    },
    "2024-03-31": {
        "Tax Effect Of Unusual Items": -42.674701,
        "Tax Rate For Calcs": 4e-06,
        "Normalized EBITDA": -18896702.0,
        "Total Unusual Items": -12074484.0,
        "Total Unusual Items Excluding Goodwill": -12074484.0,
        "Net Income From Continuing Operation Net Minority Interest": -43290040.0,
        "Reconciled Depreciation": 2696767.0,
        "Reconciled Cost Of Revenue": 31557729.0,
        "EBITDA": -30971186.0,
        "EBIT": -33667953.0,
        "Net Interest Income": 2521952.0,
        "Interest Expense": NaN,
        "Interest Income": 2521952.0,
        "Normalized Income": -31215598.674701,
        "Net Income From Continuing And Discontinued Operation": -43290040.0,
        "Total Expenses": 51401409.0,
        "Total Operating Income As Reported": -35004542.0,
        "Diluted Average Shares": 201904263.0,
        "Basic Average Shares": 201904263.0,
        "Diluted EPS": -0.21,
        "Basic EPS": -0.21,
        "Diluted NI Availto Com Stockholders": -43290040.0,
        "Net Income Common Stockholders": -43290040.0,
        "Net Income": -43290040.0,
        "Net Income Including Noncontrolling Interests": -43290040.0,
        "Net Income Continuous Operations": -43290040.0,
        "Tax Provision": -153.0,
        "Pretax Income": -43290193.0,
        "Other Income Expense": -12144192.0,
        "Other Non Operating Income Expenses": -69708.0,
        "Special Income Charges": -1336589.0,
        "Restructuring And Mergern Acquisition": 1336589.0,
        "Earnings From Equity Interest": NaN,
        "Gain On Sale Of Security": -10737895.0,
        "Net Non Operating Interest Income Expense": 2521952.0,
        "Interest Expense Non Operating": NaN,
        "Interest Income Non Operating": 2521952.0,
        "Operating Income": -33667953.0,
        "Operating Expense": 19573055.0,
        "Depreciation Amortization Depletion Income Statement": 2426142.0,
        "Depreciation And Amortization In Income Statement": 2426142.0,
        "Research And Development": 4527792.0,
        "Selling General And Administration": 12619121.0,
        "Selling And Marketing Expense": 3296742.0,
        "General And Administrative Expense": 9322379.0,
        "Other Gand A": 9322379.0,
        "Salaries And Wages": NaN,
        "Gross Profit": -14094898.0,
        "Cost Of Revenue": 31828354.0,
        "Total Revenue": 17733456.0,
        "Operating Revenue": 17733456.0
    },
    "2024-06-30": {
        "Tax Effect Of Unusual Items": 2099250.72,
        "Tax Rate For Calcs": 0.21,
        "Normalized EBITDA": -44962712.0,
        "Total Unusual Items": 9996432.0,
        "Total Unusual Items Excluding Goodwill": 9996432.0,
        "Net Income From Continuing Operation Net Minority Interest": -26780700.0,
        "Reconciled Depreciation": 3829524.0,
        "Reconciled Cost Of Revenue": 35426828.0,
        "EBITDA": -34966280.0,
        "EBIT": -38795804.0,
        "Net Interest Income": 2174166.0,
        "Interest Expense": NaN,
        "Interest Income": 2174166.0,
        "Normalized Income": -34677881.28,
        "Net Income From Continuing And Discontinued Operation": -26780700.0,
        "Total Expenses": 61265347.0,
        "Total Operating Income As Reported": -38813572.0,
        "Diluted Average Shares": 204091819.0,
        "Basic Average Shares": 204091819.0,
        "Diluted EPS": -0.13,
        "Basic EPS": -0.13,
        "Diluted NI Availto Com Stockholders": -26780700.0,
        "Net Income Common Stockholders": -26780700.0,
        "Net Income": -26780700.0,
        "Net Income Including Noncontrolling Interests": -26780700.0,
        "Net Income Continuous Operations": -26780700.0,
        "Tax Provision": 151625.0,
        "Pretax Income": -26629075.0,
        "Other Income Expense": 9992563.0,
        "Other Non Operating Income Expenses": -3869.0,
        "Special Income Charges": -17768.0,
        "Restructuring And Mergern Acquisition": 17768.0,
        "Earnings From Equity Interest": NaN,
        "Gain On Sale Of Security": 10014200.0,
        "Net Non Operating Interest Income Expense": 2174166.0,
        "Interest Expense Non Operating": NaN,
        "Interest Income Non Operating": 2174166.0,
        "Operating Income": -38795804.0,
        "Operating Expense": 25573214.0,
        "Depreciation Amortization Depletion Income Statement": 3564219.0,
        "Depreciation And Amortization In Income Statement": 3564219.0,
        "Research And Development": 5319230.0,
        "Selling General And Administration": 16689765.0,
        "Selling And Marketing Expense": 6274749.0,
        "General And Administrative Expense": 10415016.0,
        "Other Gand A": 10415016.0,
        "Salaries And Wages": NaN,
        "Gross Profit": -13222590.0,
        "Cost Of Revenue": 35692133.0,
        "Total Revenue": 22469543.0,
        "Operating Revenue": 22469543.0
    },
    "2024-09-30": {
        "Tax Effect Of Unusual Items": -2037.602469,
        "Tax Rate For Calcs": 0.002693,
        "Normalized EBITDA": -28932522.0,
        "Total Unusual Items": -756700.0,
        "Total Unusual Items Excluding Goodwill": -756700.0,
        "Net Income From Continuing Operation Net Minority Interest": -31539413.0,
        "Reconciled Depreciation": 2592312.0,
        "Reconciled Cost Of Revenue": 36964881.0,
        "EBITDA": -29689222.0,
        "EBIT": -32817464.0,
        "Net Interest Income": 1949898.0,
        "Interest Expense": NaN,
        "Interest Income": 1949898.0,
        "Normalized Income": -30784750.602469,
        "Net Income From Continuing And Discontinued Operation": -31539413.0,
        "Total Expenses": 57874368.0,
        "Total Operating Income As Reported": -32817464.0,
        "Diluted Average Shares": 204972162.0,
        "Basic Average Shares": 204972162.0,
        "Diluted EPS": -0.15,
        "Basic EPS": -0.15,
        "Diluted NI Availto Com Stockholders": -31539413.0,
        "Net Income Common Stockholders": -31539413.0,
        "Net Income": -31539413.0,
        "Net Income Including Noncontrolling Interests": -31539413.0,
        "Net Income Continuous Operations": -31539413.0,
        "Tax Provision": -85157.0,
        "Pretax Income": -31624570.0,
        "Other Income Expense": -757004.0,
        "Other Non Operating Income Expenses": -304.0,
        "Special Income Charges": 0.0,
        "Restructuring And Mergern Acquisition": 0.0,
        "Earnings From Equity Interest": NaN,
        "Gain On Sale Of Security": -756700.0,
        "Net Non Operating Interest Income Expense": 1949898.0,
        "Interest Expense Non Operating": NaN,
        "Interest Income Non Operating": 1949898.0,
        "Operating Income": -32817464.0,
        "Operating Expense": 21445417.0,
        "Depreciation Amortization Depletion Income Statement": 3128242.0,
        "Depreciation And Amortization In Income Statement": 3128242.0,
        "Research And Development": 4650688.0,
        "Selling General And Administration": 13666487.0,
        "Selling And Marketing Expense": 3955552.0,
        "General And Administrative Expense": 9710935.0,
        "Other Gand A": 9710935.0,
        "Salaries And Wages": NaN,
        "Gross Profit": -11372047.0,
        "Cost Of Revenue": 36428951.0,
        "Total Revenue": 25056904.0,
        "Operating Revenue": 25056904.0
    }
}