{
    "2023-03-31": {
        "Tax Effect Of Unusual Items": NaN,
        "Tax Rate For Calcs": NaN,
        "Normalized EBITDA": NaN,
        "Total Unusual Items": NaN,
        "Total Unusual Items Excluding Goodwill": NaN,
        "Net Income From Continuing Operation Net Minority Interest": NaN,
        "Reconciled Depreciation": 0.0,
        "EBITDA": NaN,
        "EBIT": NaN,
        "Net Interest Income": NaN,
        "Interest Expense": NaN,
        "Interest Income": NaN,
        "Normalized Income": NaN,
        "Net Income From Continuing And Discontinued Operation": NaN,
        "Total Expenses": NaN,
        "Total Operating Income As Reported": NaN,
        "Diluted Average Shares": NaN,
        "Basic Average Shares": NaN,
        "Diluted EPS": NaN,
        "Basic EPS": NaN,
        "Diluted NI Availto Com Stockholders": NaN,
        "Net Income Common Stockholders": NaN,
        "Net Income": NaN,
        "Net Income Including Noncontrolling Interests": NaN,
        "Net Income Continuous Operations": NaN,
        "Tax Provision": NaN,
        "Pretax Income": NaN,
        "Other Income Expense": NaN,
        "Other Non Operating Income Expenses": NaN,
        "Gain On Sale Of Security": NaN,
        "Net Non Operating Interest Income Expense": NaN,
        "Interest Expense Non Operating": NaN,
        "Interest Income Non Operating": NaN,
        "Operating Income": NaN,
        "Operating Expense": NaN,
        "Research And Development": NaN,
        "Selling General And Administration": NaN,
        "General And Administrative Expense": NaN,
        "Other Gand A": NaN,
        "Total Revenue": NaN,
        "Operating Revenue": NaN
    },
    "2022-12-31": {
        "Tax Effect Of Unusual Items": -96965.4,
        "Tax Rate For Calcs": 0.21,
        "Normalized EBITDA": -7312270.0,
        "Total Unusual Items": -461740.0,
        "Total Unusual Items Excluding Goodwill": -461740.0,
        "Net Income From Continuing Operation Net Minority Interest": -8118272.0,
        "EBITDA": -7774010.0,
        "EBIT": -7774010.0,
        "Net Interest Income": 125841.0,
        "Interest Expense": NaN,
        "Interest Income": 125841.0,
        "Normalized Income": -7753497.4,
        "Net Income From Continuing And Discontinued Operation": -8118272.0,
        "Total Expenses": 7774010.0,
        "Total Operating Income As Reported": -7774010.0,
        "Diluted Average Shares": NaN,
        "Basic Average Shares": NaN,
        "Diluted EPS": NaN,
        "Basic EPS": NaN,
        "Diluted NI Availto Com Stockholders": -8118272.0,
        "Net Income Common Stockholders": -8118272.0,
        "Net Income": -8118272.0,
        "Net Income Including Noncontrolling Interests": -8118272.0,
        "Net Income Continuous Operations": -8118272.0,
        "Tax Provision": 8363.0,
        "Pretax Income": -8109909.0,
        "Other Income Expense": -461740.0,
        "Other Non Operating Income Expenses": NaN,
        "Gain On Sale Of Security": -461740.0,
        "Net Non Operating Interest Income Expense": 125841.0,
        "Interest Expense Non Operating": NaN,
        "Interest Income Non Operating": 125841.0,
        "Operating Income": -7774010.0,
        "Operating Expense": 7774010.0,
        "Research And Development": 6297486.0,
        "Selling General And Administration": 1476524.0,
        "General And Administrative Expense": 1476524.0,
        "Other Gand A": 1476524.0,
        "Total Revenue": 0.0,
        "Operating Revenue": 0.0
    },
    "2022-09-30": {
        "Tax Effect Of Unusual Items": NaN,
        "Tax Rate For Calcs": NaN,
        "Normalized EBITDA": NaN,
        "Total Unusual Items": NaN,
        "Total Unusual Items Excluding Goodwill": NaN,
        "Net Income From Continuing Operation Net Minority Interest": NaN,
        "Reconciled Depreciation": NaN,
        "EBITDA": NaN,
        "EBIT": NaN,
        "Net Interest Income": NaN,
        "Interest Expense": 0.0,
        "Interest Income": NaN,
        "Normalized Income": NaN,
        "Net Income From Continuing And Discontinued Operation": NaN,
        "Total Expenses": NaN,
        "Total Operating Income As Reported": NaN,
        "Diluted Average Shares": 19269989.0,
        "Basic Average Shares": 19269989.0,
        "Diluted EPS": -0.18,
        "Basic EPS": -0.18,
        "Diluted NI Availto Com Stockholders": NaN,
        "Net Income Common Stockholders": NaN,
        "Net Income": NaN,
        "Net Income Including Noncontrolling Interests": NaN,
        "Net Income Continuous Operations": NaN,
        "Tax Provision": NaN,
        "Pretax Income": NaN,
        "Other Income Expense": NaN,
        "Other Non Operating Income Expenses": -3641.0,
        "Gain On Sale Of Security": NaN,
        "Net Non Operating Interest Income Expense": NaN,
        "Interest Expense Non Operating": 0.0,
        "Interest Income Non Operating": NaN,
        "Operating Income": NaN,
        "Operating Expense": NaN,
        "Research And Development": NaN,
        "Selling General And Administration": NaN,
        "General And Administrative Expense": NaN,
        "Other Gand A": NaN,
        "Total Revenue": NaN,
        "Operating Revenue": NaN
    },
    "2022-06-30": {
        "Tax Effect Of Unusual Items": 71208.4,
        "Tax Rate For Calcs": 0.4,
        "Normalized EBITDA": -5697509.0,
        "Total Unusual Items": 178021.0,
        "Total Unusual Items Excluding Goodwill": 178021.0,
        "Net Income From Continuing Operation Net Minority Interest": -5340704.0,
        "EBITDA": -5519488.0,
        "EBIT": -5519488.0,
        "Net Interest Income": 7684.0,
        "Interest Expense": NaN,
        "Interest Income": 7684.0,
        "Normalized Income": -5447516.6,
        "Net Income From Continuing And Discontinued Operation": -5340704.0,
        "Total Expenses": 5519488.0,
        "Total Operating Income As Reported": -5519488.0,
        "Diluted Average Shares": 18466586.0,
        "Basic Average Shares": 18466586.0,
        "Diluted EPS": -0.29,
        "Basic EPS": -0.29,
        "Diluted NI Availto Com Stockholders": -5340704.0,
        "Net Income Common Stockholders": -5340704.0,
        "Net Income": -5340704.0,
        "Net Income Including Noncontrolling Interests": -5340704.0,
        "Net Income Continuous Operations": -5340704.0,
        "Tax Provision": 6921.0,
        "Pretax Income": -5333783.0,
        "Other Income Expense": 178021.0,
        "Other Non Operating Income Expenses": NaN,
        "Gain On Sale Of Security": 178021.0,
        "Net Non Operating Interest Income Expense": 7684.0,
        "Interest Expense Non Operating": NaN,
        "Interest Income Non Operating": 7684.0,
        "Operating Income": -5519488.0,
        "Operating Expense": 5519488.0,
        "Research And Development": 4514389.0,
        "Selling General And Administration": 1005099.0,
        "General And Administrative Expense": 1005099.0,
        "Other Gand A": 1005099.0,
        "Total Revenue": 0.0,
        "Operating Revenue": 0.0
    },
    "2022-03-31": {
        "Diluted EPS": -0.4,
        "Total Revenue": NaN,
        "Gross Profit": NaN,
        "Operating Income": -7,
        "EBIT": -7,
        "Net Income": -7
    },
    "2021-12-31": {
        "Diluted EPS": -0.24,
        "Total Revenue": NaN,
        "Gross Profit": NaN,
        "Operating Income": -4,
        "EBIT": -4,
        "Net Income": -4
    },
    "2021-09-30": {
        "Diluted EPS": -0.12,
        "Total Revenue": NaN,
        "Gross Profit": NaN,
        "Operating Income": -2,
        "EBIT": -2,
        "Net Income": -2
    },
    "2021-06-30": {
        "Diluted EPS": -0.12,
        "Total Revenue": NaN,
        "Gross Profit": NaN,
        "Operating Income": -2,
        "EBIT": -2,
        "Net Income": -2
    },
    "2021-03-31": {
        "Diluted EPS": -0.1,
        "Total Revenue": NaN,
        "Gross Profit": NaN,
        "Operating Income": -2,
        "EBIT": -2,
        "Net Income": -1
    },
    "2020-12-31": {
        "Diluted EPS": -0.83,
        "Total Revenue": NaN,
        "Gross Profit": NaN,
        "Operating Income": -1,
        "EBIT": -1,
        "Net Income": -3
    },
    "2020-11-30": {
        "Diluted EPS": -0.13,
        "Total Revenue": NaN,
        "Gross Profit": NaN,
        "Operating Income": 0,
        "EBIT": 0,
        "Net Income": 0
    },
    "2020-09-30": {
        "Diluted EPS": -0.24,
        "Total Revenue": NaN,
        "Gross Profit": NaN,
        "Operating Income": -1,
        "EBIT": -1,
        "Net Income": -1
    },
    "2020-08-31": {
        "Diluted EPS": -0.19,
        "Total Revenue": NaN,
        "Gross Profit": NaN,
        "Operating Income": -1,
        "EBIT": -1,
        "Net Income": -1
    },
    "2020-06-30": {
        "Diluted EPS": -0.31,
        "Total Revenue": NaN,
        "Gross Profit": NaN,
        "Operating Income": -1,
        "EBIT": -1,
        "Net Income": -1
    },
    "2020-05-31": {
        "Diluted EPS": -0.09,
        "Total Revenue": NaN,
        "Gross Profit": NaN,
        "Operating Income": 0,
        "EBIT": 0,
        "Net Income": 0
    },
    "2020-03-31": {
        "Diluted EPS": -0.27,
        "Total Revenue": NaN,
        "Gross Profit": NaN,
        "Operating Income": -1,
        "EBIT": -1,
        "Net Income": -1
    },
    "2020-02-29": {
        "Diluted EPS": 0.0,
        "Total Revenue": NaN,
        "Gross Profit": NaN,
        "Operating Income": NaN,
        "EBIT": NaN,
        "Net Income": NaN
    },
    "2019-12-31": {
        "Diluted EPS": -0.23,
        "Total Revenue": NaN,
        "Gross Profit": NaN,
        "Operating Income": 0,
        "EBIT": 0,
        "Net Income": -2
    },
    "2019-11-30": {
        "Diluted EPS": -0.05,
        "Total Revenue": NaN,
        "Gross Profit": NaN,
        "Operating Income": 0,
        "EBIT": 0,
        "Net Income": 0
    },
    "2019-08-31": {
        "Diluted EPS": -0.02,
        "Total Revenue": NaN,
        "Gross Profit": NaN,
        "Operating Income": 0,
        "EBIT": 0,
        "Net Income": 0
    },
    "2019-05-31": {
        "Diluted EPS": -0.01,
        "Total Revenue": NaN,
        "Gross Profit": NaN,
        "Operating Income": 0,
        "EBIT": 0,
        "Net Income": 0
    },
    "2019-02-28": {
        "Diluted EPS": 0.0,
        "Total Revenue": NaN,
        "Gross Profit": NaN,
        "Operating Income": NaN,
        "EBIT": NaN,
        "Net Income": NaN
    },
    "2018-12-31": {
        "Diluted EPS": 0.0,
        "Total Revenue": NaN,
        "Gross Profit": NaN,
        "Operating Income": 0,
        "EBIT": 0,
        "Net Income": 0
    },
    "2018-11-30": {
        "Diluted EPS": -0.02,
        "Total Revenue": NaN,
        "Gross Profit": NaN,
        "Operating Income": 0,
        "EBIT": 0,
        "Net Income": 0
    },
    "2018-08-31": {
        "Diluted EPS": 0.0,
        "Total Revenue": NaN,
        "Gross Profit": NaN,
        "Operating Income": 0,
        "EBIT": 0,
        "Net Income": 0
    },
    "2018-06-30": {
        "Diluted EPS": 0.0,
        "Total Revenue": NaN,
        "Gross Profit": NaN,
        "Operating Income": 0,
        "EBIT": 0,
        "Net Income": 0
    },
    "2018-05-31": {
        "Diluted EPS": -0.01,
        "Total Revenue": NaN,
        "Gross Profit": NaN,
        "Operating Income": 0,
        "EBIT": 0,
        "Net Income": 0
    },
    "2018-03-31": {
        "Diluted EPS": 0.0,
        "Total Revenue": NaN,
        "Gross Profit": NaN,
        "Operating Income": 0,
        "EBIT": 0,
        "Net Income": 0
    },
    "2023-06-30": {
        "Tax Effect Of Unusual Items": NaN,
        "Tax Rate For Calcs": NaN,
        "Normalized EBITDA": NaN,
        "Total Unusual Items": NaN,
        "Total Unusual Items Excluding Goodwill": NaN,
        "Net Income From Continuing Operation Net Minority Interest": NaN,
        "Reconciled Depreciation": NaN,
        "EBITDA": NaN,
        "EBIT": NaN,
        "Net Interest Income": NaN,
        "Interest Expense": 12759.0,
        "Interest Income": NaN,
        "Normalized Income": NaN,
        "Net Income From Continuing And Discontinued Operation": NaN,
        "Total Expenses": NaN,
        "Total Operating Income As Reported": NaN,
        "Diluted Average Shares": 22434781.0,
        "Basic Average Shares": 22434781.0,
        "Diluted EPS": -0.52,
        "Basic EPS": -0.52,
        "Diluted NI Availto Com Stockholders": NaN,
        "Net Income Common Stockholders": NaN,
        "Net Income": NaN,
        "Net Income Including Noncontrolling Interests": NaN,
        "Net Income Continuous Operations": NaN,
        "Tax Provision": NaN,
        "Pretax Income": NaN,
        "Other Income Expense": NaN,
        "Other Non Operating Income Expenses": -19.0,
        "Gain On Sale Of Security": NaN,
        "Net Non Operating Interest Income Expense": NaN,
        "Interest Expense Non Operating": 12759.0,
        "Interest Income Non Operating": NaN,
        "Operating Income": NaN,
        "Operating Expense": NaN,
        "Research And Development": NaN,
        "Selling General And Administration": NaN,
        "General And Administrative Expense": NaN,
        "Other Gand A": NaN,
        "Total Revenue": NaN,
        "Operating Revenue": NaN
    },
    "2023-09-30": {
        "Tax Effect Of Unusual Items": 29206.59,
        "Tax Rate For Calcs": 0.21,
        "Normalized EBITDA": -11466997.0,
        "Total Unusual Items": 139079.0,
        "Total Unusual Items Excluding Goodwill": 139079.0,
        "Net Income From Continuing Operation Net Minority Interest": -11345936.0,
        "Reconciled Depreciation": NaN,
        "EBITDA": -11327918.0,
        "EBIT": -11327918.0,
        "Net Interest Income": 85862.0,
        "Interest Expense": 5901.0,
        "Interest Income": 91763.0,
        "Normalized Income": -11455808.41,
        "Net Income From Continuing And Discontinued Operation": -11345936.0,
        "Total Expenses": 11563954.0,
        "Total Operating Income As Reported": -11563954.0,
        "Diluted Average Shares": 23637367.0,
        "Basic Average Shares": 23637367.0,
        "Diluted EPS": -0.48,
        "Basic EPS": -0.48,
        "Diluted NI Availto Com Stockholders": -11345936.0,
        "Net Income Common Stockholders": -11345936.0,
        "Net Income": -11345936.0,
        "Net Income Including Noncontrolling Interests": -11345936.0,
        "Net Income Continuous Operations": -11345936.0,
        "Tax Provision": 12117.0,
        "Pretax Income": -11333819.0,
        "Other Income Expense": 144273.0,
        "Other Non Operating Income Expenses": 5194.0,
        "Gain On Sale Of Security": 139079.0,
        "Net Non Operating Interest Income Expense": 85862.0,
        "Interest Expense Non Operating": 5901.0,
        "Interest Income Non Operating": 91763.0,
        "Operating Income": -11563954.0,
        "Operating Expense": 11563954.0,
        "Research And Development": 9572180.0,
        "Selling General And Administration": 1991774.0,
        "General And Administrative Expense": 1991774.0,
        "Other Gand A": 1991774.0,
        "Total Revenue": 0.0,
        "Operating Revenue": 0.0
    },
    "2023-12-31": {
        "Tax Effect Of Unusual Items": 31.439661,
        "Tax Rate For Calcs": 0.000471,
        "Normalized EBITDA": -10075903.0,
        "Total Unusual Items": 66756.0,
        "Total Unusual Items Excluding Goodwill": 66756.0,
        "Net Income From Continuing Operation Net Minority Interest": -9724403.0,
        "Reconciled Depreciation": NaN,
        "EBITDA": -10009147.0,
        "EBIT": -10009147.0,
        "Net Interest Income": 177524.0,
        "Interest Expense": NaN,
        "Interest Income": 157110.0,
        "Normalized Income": -9791127.560339,
        "Net Income From Continuing And Discontinued Operation": -9724403.0,
        "Total Expenses": 9988485.0,
        "Total Operating Income As Reported": -9988485.0,
        "Diluted Average Shares": NaN,
        "Basic Average Shares": NaN,
        "Diluted EPS": NaN,
        "Basic EPS": NaN,
        "Diluted NI Availto Com Stockholders": -9724403.0,
        "Net Income Common Stockholders": -9724403.0,
        "Net Income": -9724403.0,
        "Net Income Including Noncontrolling Interests": -9724403.0,
        "Net Income Continuous Operations": -9724403.0,
        "Tax Provision": -4582.0,
        "Pretax Income": -9728985.0,
        "Other Income Expense": 81976.0,
        "Other Non Operating Income Expenses": NaN,
        "Gain On Sale Of Security": 66756.0,
        "Net Non Operating Interest Income Expense": 177524.0,
        "Interest Expense Non Operating": NaN,
        "Interest Income Non Operating": 157110.0,
        "Operating Income": -9988485.0,
        "Operating Expense": 9988485.0,
        "Research And Development": 8476295.0,
        "Selling General And Administration": 1512190.0,
        "General And Administrative Expense": 1512190.0,
        "Other Gand A": 1512190.0,
        "Total Revenue": 0.0,
        "Operating Revenue": 0.0
    },
    "2024-03-31": {
        "Tax Effect Of Unusual Items": 95797.17,
        "Tax Rate For Calcs": 0.21,
        "Normalized EBITDA": -7878902.0,
        "Total Unusual Items": 456177.0,
        "Total Unusual Items Excluding Goodwill": 456177.0,
        "Net Income From Continuing Operation Net Minority Interest": -7433608.0,
        "Reconciled Depreciation": 0.0,
        "EBITDA": -7422725.0,
        "EBIT": -7422725.0,
        "Net Interest Income": 169611.0,
        "Interest Expense": 3487.0,
        "Interest Income": 173098.0,
        "Normalized Income": -7793987.83,
        "Net Income From Continuing And Discontinued Operation": -7433608.0,
        "Total Expenses": 7922106.0,
        "Total Operating Income As Reported": -7922106.0,
        "Diluted Average Shares": 29887325.0,
        "Basic Average Shares": 29887325.0,
        "Diluted EPS": -0.25,
        "Basic EPS": -0.25,
        "Diluted NI Availto Com Stockholders": -7433608.0,
        "Net Income Common Stockholders": -7433608.0,
        "Net Income": -7433608.0,
        "Net Income Including Noncontrolling Interests": -7433608.0,
        "Net Income Continuous Operations": -7433608.0,
        "Tax Provision": 7396.0,
        "Pretax Income": -7426212.0,
        "Other Income Expense": 326283.0,
        "Other Non Operating Income Expenses": -129894.0,
        "Gain On Sale Of Security": 456177.0,
        "Net Non Operating Interest Income Expense": 169611.0,
        "Interest Expense Non Operating": 3487.0,
        "Interest Income Non Operating": 173098.0,
        "Operating Income": -7922106.0,
        "Operating Expense": 7922106.0,
        "Research And Development": 5783865.0,
        "Selling General And Administration": 2138241.0,
        "General And Administrative Expense": 2138241.0,
        "Other Gand A": 2138241.0,
        "Total Revenue": 0.0,
        "Operating Revenue": 0.0
    },
    "2024-06-30": {
        "Tax Effect Of Unusual Items": 42057.33,
        "Tax Rate For Calcs": 0.21,
        "Normalized EBITDA": -8047654.0,
        "Total Unusual Items": 200273.0,
        "Total Unusual Items Excluding Goodwill": 200273.0,
        "Net Income From Continuing Operation Net Minority Interest": -7859919.0,
        "Reconciled Depreciation": NaN,
        "EBITDA": -7847381.0,
        "EBIT": -7847381.0,
        "Net Interest Income": 82457.0,
        "Interest Expense": 5153.0,
        "Interest Income": 87610.0,
        "Normalized Income": -8018134.67,
        "Net Income From Continuing And Discontinued Operation": -7859919.0,
        "Total Expenses": 8129643.0,
        "Total Operating Income As Reported": -8129643.0,
        "Diluted Average Shares": 30555012.0,
        "Basic Average Shares": 30555012.0,
        "Diluted EPS": -0.26,
        "Basic EPS": -0.26,
        "Diluted NI Availto Com Stockholders": -7859919.0,
        "Net Income Common Stockholders": -7859919.0,
        "Net Income": -7859919.0,
        "Net Income Including Noncontrolling Interests": -7859919.0,
        "Net Income Continuous Operations": -7859919.0,
        "Tax Provision": 7385.0,
        "Pretax Income": -7852534.0,
        "Other Income Expense": 194652.0,
        "Other Non Operating Income Expenses": -5621.0,
        "Gain On Sale Of Security": 200273.0,
        "Net Non Operating Interest Income Expense": 82457.0,
        "Interest Expense Non Operating": 5153.0,
        "Interest Income Non Operating": 87610.0,
        "Operating Income": -8129643.0,
        "Operating Expense": 8129643.0,
        "Research And Development": 5584347.0,
        "Selling General And Administration": 2545296.0,
        "General And Administrative Expense": 2545296.0,
        "Other Gand A": 2545296.0,
        "Total Revenue": 0.0,
        "Operating Revenue": 0.0
    },
    "2024-09-30": {
        "Tax Effect Of Unusual Items": 0.0,
        "Tax Rate For Calcs": 0.0,
        "Normalized EBITDA": -8432973.0,
        "Total Unusual Items": 72321.0,
        "Total Unusual Items Excluding Goodwill": 72321.0,
        "Net Income From Continuing Operation Net Minority Interest": -8365798.0,
        "Reconciled Depreciation": NaN,
        "EBITDA": -8360652.0,
        "EBIT": -8360652.0,
        "Net Interest Income": 48102.0,
        "Interest Expense": 5146.0,
        "Interest Income": 53248.0,
        "Normalized Income": -8438119.0,
        "Net Income From Continuing And Discontinued Operation": -8365798.0,
        "Total Expenses": 8462534.0,
        "Total Operating Income As Reported": -8462534.0,
        "Diluted Average Shares": 33804693.0,
        "Basic Average Shares": 33804693.0,
        "Diluted EPS": -0.25,
        "Basic EPS": -0.25,
        "Diluted NI Availto Com Stockholders": -8365798.0,
        "Net Income Common Stockholders": -8365798.0,
        "Net Income": -8365798.0,
        "Net Income Including Noncontrolling Interests": -8365798.0,
        "Net Income Continuous Operations": -8365798.0,
        "Tax Provision": 0.0,
        "Pretax Income": -8365798.0,
        "Other Income Expense": 48634.0,
        "Other Non Operating Income Expenses": -23687.0,
        "Gain On Sale Of Security": 72321.0,
        "Net Non Operating Interest Income Expense": 48102.0,
        "Interest Expense Non Operating": 5146.0,
        "Interest Income Non Operating": 53248.0,
        "Operating Income": -8462534.0,
        "Operating Expense": 8462534.0,
        "Research And Development": 6858285.0,
        "Selling General And Administration": 1604249.0,
        "General And Administrative Expense": 1604249.0,
        "Other Gand A": 1604249.0,
        "Total Revenue": 0.0,
        "Operating Revenue": 0.0
    }
}