{
    "2023-03-31": {
        "Tax Effect Of Unusual Items": NaN,
        "Tax Rate For Calcs": NaN,
        "Normalized EBITDA": NaN,
        "Total Unusual Items": NaN,
        "Total Unusual Items Excluding Goodwill": NaN,
        "Net Income From Continuing Operation Net Minority Interest": NaN,
        "Reconciled Depreciation": NaN,
        "Reconciled Cost Of Revenue": NaN,
        "EBITDA": NaN,
        "EBIT": NaN,
        "Net Interest Income": NaN,
        "Interest Expense": NaN,
        "Normalized Income": NaN,
        "Net Income From Continuing And Discontinued Operation": NaN,
        "Total Expenses": NaN,
        "Total Operating Income As Reported": NaN,
        "Diluted Average Shares": NaN,
        "Basic Average Shares": NaN,
        "Diluted EPS": NaN,
        "Basic EPS": NaN,
        "Diluted NI Availto Com Stockholders": NaN,
        "Net Income Common Stockholders": NaN,
        "Net Income": NaN,
        "Net Income Including Noncontrolling Interests": NaN,
        "Net Income Continuous Operations": NaN,
        "Tax Provision": NaN,
        "Pretax Income": NaN,
        "Other Income Expense": NaN,
        "Other Non Operating Income Expenses": NaN,
        "Special Income Charges": NaN,
        "Other Special Charges": NaN,
        "Impairment Of Capital Assets": NaN,
        "Restructuring And Mergern Acquisition": NaN,
        "Gain On Sale Of Security": 168000.0,
        "Net Non Operating Interest Income Expense": NaN,
        "Interest Expense Non Operating": NaN,
        "Operating Income": NaN,
        "Operating Expense": NaN,
        "Depreciation Amortization Depletion Income Statement": NaN,
        "Depreciation And Amortization In Income Statement": NaN,
        "Research And Development": NaN,
        "Selling General And Administration": NaN,
        "Selling And Marketing Expense": NaN,
        "General And Administrative Expense": NaN,
        "Other Gand A": NaN,
        "Salaries And Wages": NaN,
        "Gross Profit": NaN,
        "Cost Of Revenue": NaN,
        "Total Revenue": NaN,
        "Operating Revenue": NaN
    },
    "2022-12-31": {
        "Tax Effect Of Unusual Items": NaN,
        "Tax Rate For Calcs": NaN,
        "Normalized EBITDA": NaN,
        "Total Unusual Items": 2265148.0,
        "Total Unusual Items Excluding Goodwill": 2265148.0,
        "Net Income From Continuing Operation Net Minority Interest": NaN,
        "Reconciled Depreciation": NaN,
        "Reconciled Cost Of Revenue": NaN,
        "EBITDA": NaN,
        "EBIT": NaN,
        "Net Interest Income": NaN,
        "Interest Expense": NaN,
        "Normalized Income": NaN,
        "Net Income From Continuing And Discontinued Operation": NaN,
        "Total Expenses": NaN,
        "Total Operating Income As Reported": NaN,
        "Diluted Average Shares": NaN,
        "Basic Average Shares": NaN,
        "Diluted EPS": NaN,
        "Basic EPS": NaN,
        "Diluted NI Availto Com Stockholders": NaN,
        "Net Income Common Stockholders": NaN,
        "Net Income": NaN,
        "Net Income Including Noncontrolling Interests": NaN,
        "Net Income Continuous Operations": NaN,
        "Tax Provision": NaN,
        "Pretax Income": NaN,
        "Other Income Expense": NaN,
        "Other Non Operating Income Expenses": NaN,
        "Special Income Charges": NaN,
        "Other Special Charges": NaN,
        "Gain On Sale Of Security": 2265148.0,
        "Net Non Operating Interest Income Expense": NaN,
        "Interest Expense Non Operating": NaN,
        "Operating Income": NaN,
        "Operating Expense": NaN,
        "Depreciation Amortization Depletion Income Statement": NaN,
        "Depreciation And Amortization In Income Statement": NaN,
        "Research And Development": NaN,
        "Selling General And Administration": NaN,
        "Selling And Marketing Expense": NaN,
        "General And Administrative Expense": NaN,
        "Other Gand A": NaN,
        "Salaries And Wages": NaN,
        "Gross Profit": NaN,
        "Cost Of Revenue": NaN,
        "Total Revenue": NaN,
        "Operating Revenue": NaN
    },
    "2022-09-30": {
        "Tax Effect Of Unusual Items": NaN,
        "Tax Rate For Calcs": NaN,
        "Normalized EBITDA": NaN,
        "Total Unusual Items": NaN,
        "Total Unusual Items Excluding Goodwill": NaN,
        "Net Income From Continuing Operation Net Minority Interest": NaN,
        "Reconciled Depreciation": NaN,
        "Reconciled Cost Of Revenue": NaN,
        "EBITDA": NaN,
        "EBIT": NaN,
        "Net Interest Income": NaN,
        "Interest Expense": NaN,
        "Interest Income": 1632000.0,
        "Normalized Income": NaN,
        "Net Income From Continuing And Discontinued Operation": NaN,
        "Total Expenses": NaN,
        "Total Operating Income As Reported": NaN,
        "Diluted Average Shares": 4710495.0,
        "Basic Average Shares": 4710495.0,
        "Diluted EPS": -3.37,
        "Basic EPS": -3.37,
        "Diluted NI Availto Com Stockholders": NaN,
        "Net Income Common Stockholders": NaN,
        "Net Income": NaN,
        "Net Income Including Noncontrolling Interests": NaN,
        "Net Income Continuous Operations": NaN,
        "Tax Provision": NaN,
        "Pretax Income": NaN,
        "Other Income Expense": NaN,
        "Other Non Operating Income Expenses": NaN,
        "Special Income Charges": -8105000.0,
        "Other Special Charges": 8105000.0,
        "Gain On Sale Of Security": NaN,
        "Net Non Operating Interest Income Expense": NaN,
        "Interest Expense Non Operating": NaN,
        "Interest Income Non Operating": 1632000.0,
        "Operating Income": NaN,
        "Operating Expense": NaN,
        "Depreciation Amortization Depletion Income Statement": NaN,
        "Depreciation And Amortization In Income Statement": NaN,
        "Research And Development": NaN,
        "Selling General And Administration": NaN,
        "Selling And Marketing Expense": NaN,
        "General And Administrative Expense": NaN,
        "Other Gand A": NaN,
        "Salaries And Wages": NaN,
        "Gross Profit": NaN,
        "Cost Of Revenue": NaN,
        "Total Revenue": NaN,
        "Operating Revenue": NaN
    },
    "2022-06-30": {
        "Tax Effect Of Unusual Items": 10549597.6,
        "Tax Rate For Calcs": 0.4,
        "Normalized EBITDA": -6466565.0,
        "Total Unusual Items": 26373994.0,
        "Total Unusual Items Excluding Goodwill": 26373994.0,
        "Net Income From Continuing Operation Net Minority Interest": 10410085.0,
        "Reconciled Depreciation": 2126607.0,
        "Reconciled Cost Of Revenue": 4142878.0,
        "EBITDA": 19907429.0,
        "EBIT": 17780822.0,
        "Net Interest Income": -7448180.0,
        "Interest Expense": 7448180.0,
        "Normalized Income": -5414311.4,
        "Net Income From Continuing And Discontinued Operation": 10410085.0,
        "Total Expenses": 15744643.0,
        "Total Operating Income As Reported": -8779065.0,
        "Diluted Average Shares": 4297746.0,
        "Basic Average Shares": 4297746.0,
        "Diluted EPS": 2.8,
        "Basic EPS": 2.8,
        "Diluted NI Availto Com Stockholders": 10410085.0,
        "Net Income Common Stockholders": 10410085.0,
        "Net Income": 10410085.0,
        "Net Income Including Noncontrolling Interests": 10410085.0,
        "Net Income Continuous Operations": 10410085.0,
        "Tax Provision": -77443.0,
        "Pretax Income": 10332642.0,
        "Other Income Expense": 26559887.0,
        "Other Non Operating Income Expenses": 185893.0,
        "Special Income Charges": NaN,
        "Gain On Sale Of Security": 26373994.0,
        "Net Non Operating Interest Income Expense": -7448180.0,
        "Interest Expense Non Operating": 7448180.0,
        "Operating Income": -8779065.0,
        "Operating Expense": 11601765.0,
        "Depreciation Amortization Depletion Income Statement": 2126607.0,
        "Depreciation And Amortization In Income Statement": 2126607.0,
        "Amortization": 2092267.0,
        "Amortization Of Intangibles Income Statement": 2092267.0,
        "Depreciation Income Statement": 34340.0,
        "Research And Development": 1919944.0,
        "Selling General And Administration": 7555214.0,
        "Selling And Marketing Expense": 526852.0,
        "General And Administrative Expense": 7028362.0,
        "Other Gand A": 2521402.0,
        "Salaries And Wages": 4506960.0,
        "Gross Profit": 2822700.0,
        "Cost Of Revenue": 4142878.0,
        "Total Revenue": 6965578.0,
        "Operating Revenue": 6965578.0
    },
    "2022-03-31": {
        "Diluted EPS": -0.72,
        "Total Revenue": 4,
        "Gross Profit": 1,
        "Operating Income": -7,
        "EBIT": -7,
        "Net Income": -29
    },
    "2021-12-31": {
        "Diluted EPS": -0.35,
        "Total Revenue": 7,
        "Gross Profit": 2,
        "Operating Income": -17,
        "EBIT": -17,
        "Net Income": -16
    },
    "2021-09-30": {
        "Diluted EPS": -0.14,
        "Total Revenue": 8,
        "Gross Profit": 6,
        "Operating Income": -3,
        "EBIT": -2,
        "Net Income": -6
    },
    "2021-06-30": {
        "Diluted EPS": 0.0,
        "Total Revenue": 6,
        "Gross Profit": 5,
        "Operating Income": 0,
        "EBIT": 0,
        "Net Income": 0
    },
    "2021-03-31": {
        "Diluted EPS": -0.38,
        "Total Revenue": 5,
        "Gross Profit": 3,
        "Operating Income": -9,
        "EBIT": -9,
        "Net Income": -13
    },
    "2020-12-31": {
        "Diluted EPS": -0.14,
        "Total Revenue": 3,
        "Gross Profit": 2,
        "Operating Income": -3,
        "EBIT": -3,
        "Net Income": -4
    },
    "2020-09-30": {
        "Diluted EPS": -0.02,
        "Total Revenue": 3,
        "Gross Profit": 1,
        "Operating Income": 0,
        "EBIT": 0,
        "Net Income": 0
    },
    "2020-06-30": {
        "Diluted EPS": 0.17,
        "Total Revenue": 2,
        "Gross Profit": 1,
        "Operating Income": 0,
        "EBIT": 0,
        "Net Income": 5
    },
    "2020-03-31": {
        "Diluted EPS": -0.18,
        "Total Revenue": 0,
        "Gross Profit": 0,
        "Operating Income": -1,
        "EBIT": -1,
        "Net Income": -5
    },
    "2019-12-31": {
        "Diluted EPS": -0.11,
        "Total Revenue": -9,
        "Gross Profit": -10,
        "Operating Income": -5,
        "EBIT": -5,
        "Net Income": -3
    },
    "2019-09-30": {
        "Diluted EPS": 0.06,
        "Total Revenue": 15,
        "Gross Profit": 8,
        "Operating Income": 1,
        "EBIT": 1,
        "Net Income": 1
    },
    "2019-06-30": {
        "Diluted EPS": -0.06,
        "Total Revenue": 3,
        "Gross Profit": 0,
        "Operating Income": -1,
        "EBIT": -1,
        "Net Income": -1
    },
    "2019-03-31": {
        "Diluted EPS": -0.06,
        "Total Revenue": 1,
        "Gross Profit": 0,
        "Operating Income": 0,
        "EBIT": 0,
        "Net Income": -1
    },
    "2018-12-31": {
        "Diluted EPS": 0.0,
        "Total Revenue": 1,
        "Gross Profit": 0,
        "Operating Income": 0,
        "EBIT": 0,
        "Net Income": 0
    },
    "2018-09-30": {
        "Diluted EPS": 0.0,
        "Total Revenue": 0,
        "Gross Profit": 0,
        "Operating Income": -1,
        "EBIT": -1,
        "Net Income": -1
    },
    "2018-06-30": {
        "Diluted EPS": 0.0,
        "Total Revenue": 0,
        "Gross Profit": 0,
        "Operating Income": 0,
        "EBIT": 0,
        "Net Income": 0
    },
    "2018-03-31": {
        "Diluted EPS": 0.0,
        "Total Revenue": NaN,
        "Gross Profit": NaN,
        "Operating Income": 0,
        "EBIT": 0,
        "Net Income": 0
    },
    "2017-12-31": {
        "Diluted EPS": 0.0,
        "Total Revenue": NaN,
        "Gross Profit": NaN,
        "Operating Income": NaN,
        "EBIT": NaN,
        "Net Income": 0
    },
    "2017-09-30": {
        "Diluted EPS": 0.0,
        "Total Revenue": NaN,
        "Gross Profit": NaN,
        "Operating Income": NaN,
        "EBIT": NaN,
        "Net Income": 0
    },
    "2017-06-30": {
        "Diluted EPS": 0.0,
        "Total Revenue": NaN,
        "Gross Profit": NaN,
        "Operating Income": NaN,
        "EBIT": NaN,
        "Net Income": 0
    },
    "2017-03-31": {
        "Diluted EPS": 0.0,
        "Total Revenue": 0,
        "Gross Profit": 0,
        "Operating Income": 0,
        "EBIT": 0,
        "Net Income": 0
    },
    "2016-12-31": {
        "Diluted EPS": 0.06,
        "Total Revenue": 1,
        "Gross Profit": 0,
        "Operating Income": 0,
        "EBIT": 0,
        "Net Income": 0
    },
    "2016-09-30": {
        "Diluted EPS": -0.06,
        "Total Revenue": 0,
        "Gross Profit": 0,
        "Operating Income": 0,
        "EBIT": 0,
        "Net Income": 0
    },
    "2016-06-30": {
        "Diluted EPS": 0.0,
        "Total Revenue": 1,
        "Gross Profit": 0,
        "Operating Income": 0,
        "EBIT": 0,
        "Net Income": 0
    },
    "2016-03-31": {
        "Diluted EPS": 0.0,
        "Total Revenue": 0,
        "Gross Profit": 0,
        "Operating Income": 0,
        "EBIT": 0,
        "Net Income": 0
    },
    "2015-12-31": {
        "Diluted EPS": 0.0,
        "Total Revenue": 1,
        "Gross Profit": 0,
        "Operating Income": 0,
        "EBIT": 0,
        "Net Income": 0
    },
    "2015-09-30": {
        "Diluted EPS": 0.0,
        "Total Revenue": 0,
        "Gross Profit": 0,
        "Operating Income": 0,
        "EBIT": 0,
        "Net Income": 0
    },
    "2015-06-30": {
        "Diluted EPS": 0.06,
        "Total Revenue": 0,
        "Gross Profit": 0,
        "Operating Income": 0,
        "EBIT": 0,
        "Net Income": 0
    },
    "2015-03-31": {
        "Diluted EPS": 0.06,
        "Total Revenue": 0,
        "Gross Profit": 0,
        "Operating Income": 0,
        "EBIT": 0,
        "Net Income": 0
    },
    "2014-12-31": {
        "Diluted EPS": -0.06,
        "Total Revenue": 1,
        "Gross Profit": 0,
        "Operating Income": 0,
        "EBIT": 0,
        "Net Income": 0
    },
    "2014-09-30": {
        "Diluted EPS": 0.06,
        "Total Revenue": 0,
        "Gross Profit": 0,
        "Operating Income": 0,
        "EBIT": 0,
        "Net Income": 0
    },
    "2014-06-30": {
        "Diluted EPS": 0.0,
        "Total Revenue": 0,
        "Gross Profit": 0,
        "Operating Income": 0,
        "EBIT": 0,
        "Net Income": 0
    },
    "2014-03-31": {
        "Diluted EPS": 0.0,
        "Total Revenue": 1,
        "Gross Profit": 0,
        "Operating Income": 0,
        "EBIT": 0,
        "Net Income": 0
    },
    "2013-12-31": {
        "Diluted EPS": -0.18,
        "Total Revenue": 0,
        "Gross Profit": 0,
        "Operating Income": 0,
        "EBIT": 0,
        "Net Income": 0
    },
    "2013-09-30": {
        "Diluted EPS": 0.06,
        "Total Revenue": 1,
        "Gross Profit": 0,
        "Operating Income": 0,
        "EBIT": 0,
        "Net Income": 0
    },
    "2013-06-30": {
        "Diluted EPS": 0.0,
        "Total Revenue": 0,
        "Gross Profit": 0,
        "Operating Income": 0,
        "EBIT": 0,
        "Net Income": 0
    },
    "2013-03-31": {
        "Diluted EPS": 0.24,
        "Total Revenue": 1,
        "Gross Profit": 0,
        "Operating Income": 0,
        "EBIT": 0,
        "Net Income": 0
    },
    "2012-12-31": {
        "Diluted EPS": 0.12,
        "Total Revenue": 0,
        "Gross Profit": 0,
        "Operating Income": 0,
        "EBIT": 0,
        "Net Income": 0
    },
    "2012-09-30": {
        "Diluted EPS": 0.0,
        "Total Revenue": 0,
        "Gross Profit": 0,
        "Operating Income": 0,
        "EBIT": 0,
        "Net Income": 0
    },
    "2012-06-30": {
        "Diluted EPS": -0.06,
        "Total Revenue": 0,
        "Gross Profit": 0,
        "Operating Income": 0,
        "EBIT": 0,
        "Net Income": 0
    },
    "2012-03-31": {
        "Diluted EPS": 0.0,
        "Total Revenue": 0,
        "Gross Profit": 0,
        "Operating Income": 0,
        "EBIT": 0,
        "Net Income": 0
    },
    "2011-12-31": {
        "Diluted EPS": 0.0,
        "Total Revenue": 0,
        "Gross Profit": 0,
        "Operating Income": 0,
        "EBIT": 0,
        "Net Income": 0
    },
    "2011-09-30": {
        "Diluted EPS": 0.24,
        "Total Revenue": 0,
        "Gross Profit": 0,
        "Operating Income": 0,
        "EBIT": 0,
        "Net Income": 0
    },
    "2011-06-30": {
        "Diluted EPS": -0.06,
        "Total Revenue": NaN,
        "Gross Profit": NaN,
        "Operating Income": 0,
        "EBIT": 0,
        "Net Income": 0
    },
    "2011-03-31": {
        "Diluted EPS": -0.06,
        "Total Revenue": NaN,
        "Gross Profit": NaN,
        "Operating Income": 0,
        "EBIT": 0,
        "Net Income": 0
    },
    "2010-12-31": {
        "Diluted EPS": 0.0,
        "Total Revenue": 0,
        "Gross Profit": 0,
        "Operating Income": 0,
        "EBIT": 0,
        "Net Income": 0
    },
    "2010-09-30": {
        "Diluted EPS": -0.12,
        "Total Revenue": 0,
        "Gross Profit": 0,
        "Operating Income": 0,
        "EBIT": 0,
        "Net Income": 0
    },
    "2010-06-30": {
        "Diluted EPS": -0.12,
        "Total Revenue": 0,
        "Gross Profit": 0,
        "Operating Income": 0,
        "EBIT": 0,
        "Net Income": 0
    },
    "2010-03-31": {
        "Diluted EPS": -0.12,
        "Total Revenue": 0,
        "Gross Profit": 0,
        "Operating Income": 0,
        "EBIT": 0,
        "Net Income": 0
    },
    "2009-12-31": {
        "Diluted EPS": -0.06,
        "Total Revenue": 0,
        "Gross Profit": 0,
        "Operating Income": 0,
        "EBIT": 0,
        "Net Income": 0
    },
    "2009-09-30": {
        "Diluted EPS": 0.0,
        "Total Revenue": 0,
        "Gross Profit": 0,
        "Operating Income": 0,
        "EBIT": 0,
        "Net Income": 0
    },
    "2009-06-30": {
        "Diluted EPS": -0.06,
        "Total Revenue": 0,
        "Gross Profit": 0,
        "Operating Income": 0,
        "EBIT": 0,
        "Net Income": 0
    },
    "2009-03-31": {
        "Diluted EPS": -0.06,
        "Total Revenue": 0,
        "Gross Profit": 0,
        "Operating Income": 0,
        "EBIT": 0,
        "Net Income": 0
    },
    "2023-06-30": {
        "Tax Effect Of Unusual Items": NaN,
        "Tax Rate For Calcs": NaN,
        "Normalized EBITDA": NaN,
        "Total Unusual Items": -2610000.0,
        "Total Unusual Items Excluding Goodwill": -2610000.0,
        "Net Income From Continuing Operation Net Minority Interest": NaN,
        "Reconciled Depreciation": NaN,
        "Reconciled Cost Of Revenue": NaN,
        "EBITDA": NaN,
        "EBIT": NaN,
        "Net Interest Income": NaN,
        "Interest Expense": NaN,
        "Normalized Income": NaN,
        "Net Income From Continuing And Discontinued Operation": NaN,
        "Total Expenses": NaN,
        "Total Operating Income As Reported": NaN,
        "Diluted Average Shares": 5141710.0,
        "Basic Average Shares": 5141710.0,
        "Diluted EPS": -2.33,
        "Basic EPS": -2.33,
        "Diluted NI Availto Com Stockholders": NaN,
        "Net Income Common Stockholders": NaN,
        "Net Income": NaN,
        "Net Income Including Noncontrolling Interests": NaN,
        "Net Income Continuous Operations": NaN,
        "Tax Provision": NaN,
        "Pretax Income": NaN,
        "Other Income Expense": NaN,
        "Other Non Operating Income Expenses": NaN,
        "Special Income Charges": -2113000.0,
        "Other Special Charges": 2113000.0,
        "Impairment Of Capital Assets": 0.0,
        "Restructuring And Mergern Acquisition": 0.0,
        "Gain On Sale Of Security": -497000.0,
        "Net Non Operating Interest Income Expense": NaN,
        "Interest Expense Non Operating": NaN,
        "Operating Income": NaN,
        "Operating Expense": NaN,
        "Depreciation Amortization Depletion Income Statement": NaN,
        "Depreciation And Amortization In Income Statement": NaN,
        "Research And Development": NaN,
        "Selling General And Administration": NaN,
        "Selling And Marketing Expense": NaN,
        "General And Administrative Expense": NaN,
        "Other Gand A": NaN,
        "Salaries And Wages": NaN,
        "Gross Profit": NaN,
        "Cost Of Revenue": NaN,
        "Total Revenue": NaN,
        "Operating Revenue": NaN
    },
    "2023-09-30": {
        "Tax Effect Of Unusual Items": 1045800.0,
        "Tax Rate For Calcs": 0.21,
        "Normalized EBITDA": -3063000.0,
        "Total Unusual Items": 4980000.0,
        "Total Unusual Items Excluding Goodwill": 4980000.0,
        "Net Income From Continuing Operation Net Minority Interest": -3116000.0,
        "Reconciled Depreciation": 657000.0,
        "Reconciled Cost Of Revenue": 10800000.0,
        "EBITDA": 1917000.0,
        "EBIT": 1260000.0,
        "Net Interest Income": -4248000.0,
        "Interest Expense": 4248000.0,
        "Normalized Income": -7050200.0,
        "Net Income From Continuing And Discontinued Operation": -3116000.0,
        "Total Expenses": 19844000.0,
        "Total Operating Income As Reported": -2364000.0,
        "Diluted Average Shares": 5231588.0,
        "Basic Average Shares": 5231588.0,
        "Diluted EPS": -0.6,
        "Basic EPS": -0.6,
        "Diluted NI Availto Com Stockholders": -3116000.0,
        "Net Income Common Stockholders": -3116000.0,
        "Net Income": -3116000.0,
        "Net Income Including Noncontrolling Interests": -3116000.0,
        "Net Income Continuous Operations": -3116000.0,
        "Tax Provision": 128000.0,
        "Pretax Income": -2988000.0,
        "Other Income Expense": 3624000.0,
        "Other Non Operating Income Expenses": -1356000.0,
        "Special Income Charges": -1929000.0,
        "Other Special Charges": 1929000.0,
        "Impairment Of Capital Assets": 0.0,
        "Restructuring And Mergern Acquisition": 0.0,
        "Gain On Sale Of Security": 6909000.0,
        "Net Non Operating Interest Income Expense": -4248000.0,
        "Interest Expense Non Operating": 4248000.0,
        "Operating Income": -2364000.0,
        "Operating Expense": 9044000.0,
        "Depreciation Amortization Depletion Income Statement": 657000.0,
        "Depreciation And Amortization In Income Statement": 657000.0,
        "Research And Development": 1315000.0,
        "Selling General And Administration": 7072000.0,
        "Selling And Marketing Expense": 45000.0,
        "General And Administrative Expense": 7027000.0,
        "Other Gand A": 4275000.0,
        "Salaries And Wages": 2752000.0,
        "Gross Profit": 6680000.0,
        "Cost Of Revenue": 10800000.0,
        "Total Revenue": 17480000.0,
        "Operating Revenue": 17480000.0
    },
    "2023-12-31": {
        "Tax Effect Of Unusual Items": 535710.0,
        "Tax Rate For Calcs": 0.21,
        "Normalized EBITDA": -28211000.0,
        "Total Unusual Items": 2551000.0,
        "Total Unusual Items Excluding Goodwill": 2551000.0,
        "Net Income From Continuing Operation Net Minority Interest": -30003000.0,
        "Reconciled Depreciation": 654000.0,
        "Reconciled Cost Of Revenue": 14454000.0,
        "EBITDA": -25660000.0,
        "EBIT": -26314000.0,
        "Net Interest Income": -3538000.0,
        "Interest Expense": 3538000.0,
        "Normalized Income": -32018290.0,
        "Net Income From Continuing And Discontinued Operation": -30003000.0,
        "Total Expenses": 25081000.0,
        "Total Operating Income As Reported": -2832000.0,
        "Diluted Average Shares": NaN,
        "Basic Average Shares": NaN,
        "Diluted EPS": NaN,
        "Basic EPS": NaN,
        "Diluted NI Availto Com Stockholders": -30003000.0,
        "Net Income Common Stockholders": -30003000.0,
        "Net Income": -30003000.0,
        "Net Income Including Noncontrolling Interests": -30003000.0,
        "Net Income Continuous Operations": -30003000.0,
        "Tax Provision": 151000.0,
        "Pretax Income": -29852000.0,
        "Other Income Expense": -23482000.0,
        "Other Non Operating Income Expenses": -26033000.0,
        "Special Income Charges": 2587000.0,
        "Other Special Charges": -1518000.0,
        "Impairment Of Capital Assets": NaN,
        "Restructuring And Mergern Acquisition": NaN,
        "Gain On Sale Of Security": -36000.0,
        "Net Non Operating Interest Income Expense": -3538000.0,
        "Interest Expense Non Operating": 3538000.0,
        "Operating Income": -2832000.0,
        "Operating Expense": 10627000.0,
        "Depreciation Amortization Depletion Income Statement": 654000.0,
        "Depreciation And Amortization In Income Statement": 654000.0,
        "Research And Development": 1323000.0,
        "Selling General And Administration": 8650000.0,
        "Selling And Marketing Expense": -73000.0,
        "General And Administrative Expense": 8723000.0,
        "Other Gand A": 3394000.0,
        "Salaries And Wages": 5329000.0,
        "Gross Profit": 7795000.0,
        "Cost Of Revenue": 14454000.0,
        "Total Revenue": 22249000.0,
        "Operating Revenue": 22249000.0
    },
    "2024-03-31": {
        "Tax Effect Of Unusual Items": 0.0,
        "Tax Rate For Calcs": 0.21,
        "Normalized EBITDA": -906000.0,
        "Total Unusual Items": NaN,
        "Total Unusual Items Excluding Goodwill": NaN,
        "Net Income From Continuing Operation Net Minority Interest": -2689000.0,
        "Reconciled Depreciation": 657000.0,
        "Reconciled Cost Of Revenue": 9743000.0,
        "EBITDA": -906000.0,
        "EBIT": -1563000.0,
        "Net Interest Income": -936000.0,
        "Interest Expense": 936000.0,
        "Normalized Income": -2689000.0,
        "Net Income From Continuing And Discontinued Operation": -2689000.0,
        "Total Expenses": 18680000.0,
        "Total Operating Income As Reported": -1906000.0,
        "Diluted Average Shares": 5988424.0,
        "Basic Average Shares": 5988424.0,
        "Diluted EPS": -0.45,
        "Basic EPS": -0.45,
        "Diluted NI Availto Com Stockholders": -2689000.0,
        "Net Income Common Stockholders": -2689000.0,
        "Net Income": -2689000.0,
        "Net Income Including Noncontrolling Interests": -2689000.0,
        "Net Income Continuous Operations": -2689000.0,
        "Tax Provision": 190000.0,
        "Pretax Income": -2499000.0,
        "Other Income Expense": 343000.0,
        "Other Non Operating Income Expenses": 343000.0,
        "Special Income Charges": NaN,
        "Other Special Charges": NaN,
        "Impairment Of Capital Assets": NaN,
        "Restructuring And Mergern Acquisition": NaN,
        "Gain On Sale Of Security": NaN,
        "Net Non Operating Interest Income Expense": -936000.0,
        "Interest Expense Non Operating": 936000.0,
        "Operating Income": -1906000.0,
        "Operating Expense": 8937000.0,
        "Depreciation Amortization Depletion Income Statement": 657000.0,
        "Depreciation And Amortization In Income Statement": 657000.0,
        "Research And Development": 1393000.0,
        "Selling General And Administration": 6887000.0,
        "Selling And Marketing Expense": 17000.0,
        "General And Administrative Expense": 6870000.0,
        "Other Gand A": 3077000.0,
        "Salaries And Wages": 3793000.0,
        "Gross Profit": 7031000.0,
        "Cost Of Revenue": 9743000.0,
        "Total Revenue": 16774000.0,
        "Operating Revenue": 16774000.0
    },
    "2024-06-30": {
        "Tax Effect Of Unusual Items": -1742370.0,
        "Tax Rate For Calcs": 0.21,
        "Normalized EBITDA": -1875000.0,
        "Total Unusual Items": -8297000.0,
        "Total Unusual Items Excluding Goodwill": -8297000.0,
        "Net Income From Continuing Operation Net Minority Interest": -12111000.0,
        "Reconciled Depreciation": 578000.0,
        "Reconciled Cost Of Revenue": 7151000.0,
        "EBITDA": -10172000.0,
        "EBIT": -10750000.0,
        "Net Interest Income": -922000.0,
        "Interest Expense": 922000.0,
        "Normalized Income": -5556370.0,
        "Net Income From Continuing And Discontinued Operation": -12111000.0,
        "Total Expenses": 14479000.0,
        "Total Operating Income As Reported": -10890000.0,
        "Diluted Average Shares": 6438409.0,
        "Basic Average Shares": 6438409.0,
        "Diluted EPS": -1.88,
        "Basic EPS": -1.88,
        "Diluted NI Availto Com Stockholders": -12111000.0,
        "Net Income Common Stockholders": -12111000.0,
        "Net Income": -12111000.0,
        "Net Income Including Noncontrolling Interests": -12111000.0,
        "Net Income Continuous Operations": -12111000.0,
        "Tax Provision": 439000.0,
        "Pretax Income": -11672000.0,
        "Other Income Expense": -8171000.0,
        "Other Non Operating Income Expenses": 126000.0,
        "Special Income Charges": -8311000.0,
        "Other Special Charges": NaN,
        "Impairment Of Capital Assets": 6675000.0,
        "Restructuring And Mergern Acquisition": 1636000.0,
        "Gain On Sale Of Security": 14000.0,
        "Net Non Operating Interest Income Expense": -922000.0,
        "Interest Expense Non Operating": 922000.0,
        "Operating Income": -2579000.0,
        "Operating Expense": 7328000.0,
        "Depreciation Amortization Depletion Income Statement": 578000.0,
        "Depreciation And Amortization In Income Statement": 578000.0,
        "Research And Development": 819000.0,
        "Selling General And Administration": 5931000.0,
        "Selling And Marketing Expense": 17000.0,
        "General And Administrative Expense": 5914000.0,
        "Other Gand A": 2882000.0,
        "Salaries And Wages": 3032000.0,
        "Gross Profit": 4749000.0,
        "Cost Of Revenue": 7151000.0,
        "Total Revenue": 11900000.0,
        "Operating Revenue": 11900000.0
    },
    "2024-09-30": {
        "Tax Effect Of Unusual Items": -335580.0,
        "Tax Rate For Calcs": 0.21,
        "Normalized EBITDA": -1817000.0,
        "Total Unusual Items": -1598000.0,
        "Total Unusual Items Excluding Goodwill": -1598000.0,
        "Net Income From Continuing Operation Net Minority Interest": -5174000.0,
        "Reconciled Depreciation": 591000.0,
        "Reconciled Cost Of Revenue": 7748000.0,
        "EBITDA": -3415000.0,
        "EBIT": -4006000.0,
        "Net Interest Income": -582000.0,
        "Interest Expense": 582000.0,
        "Normalized Income": -3911580.0,
        "Net Income From Continuing And Discontinued Operation": -5174000.0,
        "Total Expenses": 15086000.0,
        "Total Operating Income As Reported": -2480000.0,
        "Diluted Average Shares": 6812248.0,
        "Basic Average Shares": 6812248.0,
        "Diluted EPS": -0.76,
        "Basic EPS": -0.76,
        "Diluted NI Availto Com Stockholders": -5174000.0,
        "Net Income Common Stockholders": -5174000.0,
        "Net Income": -5174000.0,
        "Net Income Including Noncontrolling Interests": -5174000.0,
        "Net Income Continuous Operations": -5174000.0,
        "Tax Provision": 586000.0,
        "Pretax Income": -4588000.0,
        "Other Income Expense": -1526000.0,
        "Other Non Operating Income Expenses": 72000.0,
        "Special Income Charges": -1598000.0,
        "Other Special Charges": 1598000.0,
        "Impairment Of Capital Assets": 0.0,
        "Restructuring And Mergern Acquisition": 0.0,
        "Gain On Sale Of Security": NaN,
        "Net Non Operating Interest Income Expense": -582000.0,
        "Interest Expense Non Operating": 582000.0,
        "Operating Income": -2480000.0,
        "Operating Expense": 7337000.0,
        "Depreciation Amortization Depletion Income Statement": 590000.0,
        "Depreciation And Amortization In Income Statement": 590000.0,
        "Research And Development": 815000.0,
        "Selling General And Administration": 5932000.0,
        "Selling And Marketing Expense": 42000.0,
        "General And Administrative Expense": 5890000.0,
        "Other Gand A": 2503000.0,
        "Salaries And Wages": 3387000.0,
        "Gross Profit": 4857000.0,
        "Cost Of Revenue": 7749000.0,
        "Total Revenue": 12606000.0,
        "Operating Revenue": 12606000.0
    }
}