{
    "2023-03-31": {
        "Tax Effect Of Unusual Items": 0.0,
        "Tax Rate For Calcs": 0.23,
        "Normalized EBITDA": -4375000.0,
        "Total Unusual Items": 13000.0,
        "Total Unusual Items Excluding Goodwill": 13000.0,
        "Net Income From Continuing Operation Net Minority Interest": -4321000.0,
        "Reconciled Depreciation": 36000.0,
        "Reconciled Cost Of Revenue": 659000.0,
        "EBITDA": -4375000.0,
        "EBIT": -4375000.0,
        "Net Interest Income": 78000.0,
        "Interest Expense": NaN,
        "Interest Income": 73000.0,
        "Normalized Income": -4321000.0,
        "Net Income From Continuing And Discontinued Operation": -4321000.0,
        "Total Expenses": 5605000.0,
        "Total Operating Income As Reported": -4375000.0,
        "Diluted Average Shares": 59515524.0,
        "Basic Average Shares": 59515524.0,
        "Diluted EPS": -0.07,
        "Basic EPS": -0.07,
        "Diluted NI Availto Com Stockholders": -4321000.0,
        "Net Income Common Stockholders": -4321000.0,
        "Net Income": -4321000.0,
        "Net Income Including Noncontrolling Interests": -4321000.0,
        "Net Income Continuous Operations": -4321000.0,
        "Tax Provision": 24000.0,
        "Pretax Income": -4297000.0,
        "Other Income Expense": 13000.0,
        "Gain On Sale Of Security": 13000.0,
        "Net Non Operating Interest Income Expense": 78000.0,
        "Total Other Finance Cost": -78000.0,
        "Interest Expense Non Operating": NaN,
        "Interest Income Non Operating": 73000.0,
        "Operating Income": -4375000.0,
        "Operating Expense": 4946000.0,
        "Research And Development": 752000.0,
        "Selling General And Administration": 4194000.0,
        "Selling And Marketing Expense": 2484000.0,
        "General And Administrative Expense": 1710000.0,
        "Other Gand A": 1710000.0,
        "Gross Profit": 571000.0,
        "Cost Of Revenue": 659000.0,
        "Total Revenue": 1230000.0,
        "Operating Revenue": 1230000.0
    },
    "2022-12-31": {
        "Tax Effect Of Unusual Items": 0.0,
        "Tax Rate For Calcs": 0.23,
        "Normalized EBITDA": -5005000.0,
        "Total Unusual Items": 72000.0,
        "Total Unusual Items Excluding Goodwill": 72000.0,
        "Net Income From Continuing Operation Net Minority Interest": -5313000.0,
        "Reconciled Depreciation": 41000.0,
        "Reconciled Cost Of Revenue": 1506000.0,
        "EBITDA": -5005000.0,
        "EBIT": -5005000.0,
        "Net Interest Income": 69000.0,
        "Interest Expense": NaN,
        "Interest Income": NaN,
        "Normalized Income": -5313000.0,
        "Net Income From Continuing And Discontinued Operation": -5313000.0,
        "Total Expenses": 7184000.0,
        "Total Operating Income As Reported": -5005000.0,
        "Diluted Average Shares": 61679207.0,
        "Basic Average Shares": 61679207.0,
        "Diluted EPS": -0.09,
        "Basic EPS": -0.09,
        "Diluted NI Availto Com Stockholders": -5313000.0,
        "Net Income Common Stockholders": -5313000.0,
        "Net Income": -5313000.0,
        "Net Income Including Noncontrolling Interests": -5313000.0,
        "Net Income Continuous Operations": -5313000.0,
        "Tax Provision": 377000.0,
        "Pretax Income": -4936000.0,
        "Other Income Expense": 72000.0,
        "Gain On Sale Of Security": 72000.0,
        "Net Non Operating Interest Income Expense": 69000.0,
        "Total Other Finance Cost": -69000.0,
        "Interest Expense Non Operating": NaN,
        "Interest Income Non Operating": NaN,
        "Operating Income": -5005000.0,
        "Operating Expense": 5678000.0,
        "Research And Development": 1103000.0,
        "Selling General And Administration": 4575000.0,
        "Selling And Marketing Expense": 2723000.0,
        "General And Administrative Expense": 1852000.0,
        "Other Gand A": 1852000.0,
        "Gross Profit": 673000.0,
        "Cost Of Revenue": 1506000.0,
        "Total Revenue": 2179000.0,
        "Operating Revenue": 2179000.0
    },
    "2022-09-30": {
        "Tax Effect Of Unusual Items": 0.0,
        "Tax Rate For Calcs": 0.23,
        "Normalized EBITDA": -5433000.0,
        "Total Unusual Items": -1000.0,
        "Total Unusual Items Excluding Goodwill": -1000.0,
        "Net Income From Continuing Operation Net Minority Interest": -5460000.0,
        "Reconciled Depreciation": 51000.0,
        "Reconciled Cost Of Revenue": 665000.0,
        "EBITDA": -5433000.0,
        "EBIT": -5433000.0,
        "Net Interest Income": -1000.0,
        "Interest Expense": 1000.0,
        "Interest Income": NaN,
        "Normalized Income": -5460000.0,
        "Net Income From Continuing And Discontinued Operation": -5460000.0,
        "Total Expenses": 6319000.0,
        "Total Operating Income As Reported": -5433000.0,
        "Diluted Average Shares": 62793847.0,
        "Basic Average Shares": 62793847.0,
        "Diluted EPS": -0.09,
        "Basic EPS": -0.09,
        "Diluted NI Availto Com Stockholders": -5460000.0,
        "Net Income Common Stockholders": -5460000.0,
        "Net Income": -5460000.0,
        "Net Income Including Noncontrolling Interests": -5460000.0,
        "Net Income Continuous Operations": -5460000.0,
        "Tax Provision": 26000.0,
        "Pretax Income": -5434000.0,
        "Other Income Expense": -1000.0,
        "Gain On Sale Of Security": -1000.0,
        "Net Non Operating Interest Income Expense": -1000.0,
        "Total Other Finance Cost": 1000.0,
        "Interest Expense Non Operating": 1000.0,
        "Interest Income Non Operating": NaN,
        "Operating Income": -5433000.0,
        "Operating Expense": 5654000.0,
        "Research And Development": 1065000.0,
        "Selling General And Administration": 4589000.0,
        "Selling And Marketing Expense": 2588000.0,
        "General And Administrative Expense": 2001000.0,
        "Other Gand A": 2001000.0,
        "Gross Profit": 221000.0,
        "Cost Of Revenue": 665000.0,
        "Total Revenue": 886000.0,
        "Operating Revenue": 886000.0
    },
    "2022-06-30": {
        "Tax Effect Of Unusual Items": -15600.0,
        "Tax Rate For Calcs": 0.4,
        "Normalized EBITDA": -4280000.0,
        "Total Unusual Items": -39000.0,
        "Total Unusual Items Excluding Goodwill": -39000.0,
        "Net Income From Continuing Operation Net Minority Interest": -4446000.0,
        "Reconciled Depreciation": 57000.0,
        "Reconciled Cost Of Revenue": 824000.0,
        "EBITDA": -4319000.0,
        "EBIT": -4376000.0,
        "Net Interest Income": -5000.0,
        "Interest Expense": NaN,
        "Interest Income": NaN,
        "Normalized Income": -4422600.0,
        "Net Income From Continuing And Discontinued Operation": -4446000.0,
        "Total Expenses": 5946000.0,
        "Total Operating Income As Reported": -4376000.0,
        "Diluted Average Shares": 62544467.0,
        "Basic Average Shares": 62544467.0,
        "Diluted EPS": -0.07,
        "Basic EPS": -0.07,
        "Diluted NI Availto Com Stockholders": -4446000.0,
        "Net Income Common Stockholders": -4446000.0,
        "Net Income": -4446000.0,
        "Net Income Including Noncontrolling Interests": -4446000.0,
        "Net Income Continuous Operations": -4446000.0,
        "Tax Provision": 26000.0,
        "Pretax Income": -4420000.0,
        "Other Income Expense": -39000.0,
        "Gain On Sale Of Security": -39000.0,
        "Net Non Operating Interest Income Expense": -5000.0,
        "Total Other Finance Cost": 5000.0,
        "Interest Expense Non Operating": NaN,
        "Interest Income Non Operating": NaN,
        "Operating Income": -4376000.0,
        "Operating Expense": 5122000.0,
        "Research And Development": 956000.0,
        "Selling General And Administration": 4166000.0,
        "Selling And Marketing Expense": 2347000.0,
        "General And Administrative Expense": 1819000.0,
        "Other Gand A": 1819000.0,
        "Gross Profit": 746000.0,
        "Cost Of Revenue": 824000.0,
        "Total Revenue": 1570000.0,
        "Operating Revenue": 1570000.0
    },
    "2022-03-31": {
        "Diluted EPS": -0.07,
        "Total Revenue": 1,
        "Gross Profit": 0,
        "Operating Income": -4,
        "EBIT": -4,
        "Net Income": -4
    },
    "2021-12-31": {
        "Diluted EPS": -0.06,
        "Total Revenue": 1,
        "Gross Profit": 0,
        "Operating Income": -4,
        "EBIT": -4,
        "Net Income": -4
    },
    "2021-09-30": {
        "Diluted EPS": -0.06,
        "Total Revenue": 2,
        "Gross Profit": 1,
        "Operating Income": -3,
        "EBIT": -3,
        "Net Income": -3
    },
    "2021-06-30": {
        "Diluted EPS": -0.07,
        "Total Revenue": 1,
        "Gross Profit": 1,
        "Operating Income": -3,
        "EBIT": -3,
        "Net Income": -3
    },
    "2021-03-31": {
        "Diluted EPS": -0.08,
        "Total Revenue": 1,
        "Gross Profit": 1,
        "Operating Income": -3,
        "EBIT": -3,
        "Net Income": -3
    },
    "2020-12-31": {
        "Diluted EPS": -0.05,
        "Total Revenue": 1,
        "Gross Profit": 0,
        "Operating Income": -3,
        "EBIT": -3,
        "Net Income": -3
    },
    "2020-09-30": {
        "Diluted EPS": -0.18,
        "Total Revenue": 1,
        "Gross Profit": 0,
        "Operating Income": -3,
        "EBIT": -3,
        "Net Income": -3
    },
    "2020-06-30": {
        "Diluted EPS": -0.22,
        "Total Revenue": 2,
        "Gross Profit": 1,
        "Operating Income": -3,
        "EBIT": -2,
        "Net Income": -3
    },
    "2020-03-31": {
        "Diluted EPS": -0.37,
        "Total Revenue": 1,
        "Gross Profit": 0,
        "Operating Income": -4,
        "EBIT": -4,
        "Net Income": -4
    },
    "2019-12-31": {
        "Diluted EPS": -0.11,
        "Total Revenue": 1,
        "Gross Profit": 1,
        "Operating Income": -3,
        "EBIT": -3,
        "Net Income": -4
    },
    "2019-09-30": {
        "Diluted EPS": -0.46,
        "Total Revenue": 1,
        "Gross Profit": 1,
        "Operating Income": -3,
        "EBIT": -3,
        "Net Income": -3
    },
    "2019-06-30": {
        "Diluted EPS": -0.88,
        "Total Revenue": 1,
        "Gross Profit": 0,
        "Operating Income": -4,
        "EBIT": -4,
        "Net Income": -5
    },
    "2019-03-31": {
        "Diluted EPS": -1.25,
        "Total Revenue": 2,
        "Gross Profit": 1,
        "Operating Income": -4,
        "EBIT": -3,
        "Net Income": -4
    },
    "2018-12-31": {
        "Diluted EPS": -1.85,
        "Total Revenue": 2,
        "Gross Profit": 1,
        "Operating Income": -4,
        "EBIT": -4,
        "Net Income": -5
    },
    "2018-09-30": {
        "Diluted EPS": -3.19,
        "Total Revenue": 2,
        "Gross Profit": 1,
        "Operating Income": -4,
        "EBIT": -4,
        "Net Income": -5
    },
    "2018-06-30": {
        "Diluted EPS": -4.42,
        "Total Revenue": 2,
        "Gross Profit": 1,
        "Operating Income": -5,
        "EBIT": -5,
        "Net Income": -6
    },
    "2018-03-31": {
        "Diluted EPS": -5.26,
        "Total Revenue": 2,
        "Gross Profit": 1,
        "Operating Income": -6,
        "EBIT": -6,
        "Net Income": -6
    },
    "2017-12-31": {
        "Diluted EPS": -4.75,
        "Total Revenue": 2,
        "Gross Profit": 1,
        "Operating Income": -6,
        "EBIT": -5,
        "Net Income": -6
    },
    "2017-09-30": {
        "Diluted EPS": -6.75,
        "Total Revenue": 2,
        "Gross Profit": 1,
        "Operating Income": -5,
        "EBIT": -5,
        "Net Income": -6
    },
    "2017-06-30": {
        "Diluted EPS": -9.25,
        "Total Revenue": 2,
        "Gross Profit": 1,
        "Operating Income": -5,
        "EBIT": -5,
        "Net Income": -6
    },
    "2017-03-31": {
        "Diluted EPS": -9.75,
        "Total Revenue": 2,
        "Gross Profit": 1,
        "Operating Income": -6,
        "EBIT": -5,
        "Net Income": -6
    },
    "2016-12-31": {
        "Diluted EPS": -13.75,
        "Total Revenue": 2,
        "Gross Profit": 0,
        "Operating Income": -8,
        "EBIT": -8,
        "Net Income": -9
    },
    "2016-09-30": {
        "Diluted EPS": -15.5,
        "Total Revenue": 1,
        "Gross Profit": 0,
        "Operating Income": -7,
        "EBIT": -7,
        "Net Income": -8
    },
    "2016-06-30": {
        "Diluted EPS": -18.5,
        "Total Revenue": 1,
        "Gross Profit": 0,
        "Operating Income": -9,
        "EBIT": -8,
        "Net Income": -9
    },
    "2016-03-31": {
        "Diluted EPS": -14.0,
        "Total Revenue": 2,
        "Gross Profit": 0,
        "Operating Income": -6,
        "EBIT": -6,
        "Net Income": -7
    },
    "2015-12-31": {
        "Diluted EPS": -15.5,
        "Total Revenue": 1,
        "Gross Profit": 0,
        "Operating Income": -8,
        "EBIT": -7,
        "Net Income": -8
    },
    "2015-09-30": {
        "Diluted EPS": -13.25,
        "Total Revenue": 1,
        "Gross Profit": 0,
        "Operating Income": -6,
        "EBIT": -6,
        "Net Income": -6
    },
    "2015-06-30": {
        "Diluted EPS": -12.0,
        "Total Revenue": 1,
        "Gross Profit": 0,
        "Operating Income": -6,
        "EBIT": -6,
        "Net Income": -6
    },
    "2015-03-31": {
        "Diluted EPS": -12.0,
        "Total Revenue": 1,
        "Gross Profit": 0,
        "Operating Income": -6,
        "EBIT": -5,
        "Net Income": -6
    },
    "2014-12-31": {
        "Diluted EPS": -11.5,
        "Total Revenue": 1,
        "Gross Profit": -2,
        "Operating Income": -13,
        "EBIT": -13,
        "Net Income": -5
    },
    "2014-09-30": {
        "Diluted EPS": -70.25,
        "Total Revenue": 2,
        "Gross Profit": 0,
        "Operating Income": -8,
        "EBIT": -8,
        "Net Income": -6
    },
    "2014-06-30": {
        "Diluted EPS": -718.75,
        "Total Revenue": 1,
        "Gross Profit": 1,
        "Operating Income": 1,
        "EBIT": 1,
        "Net Income": -5
    },
    "2014-03-31": {
        "Diluted EPS": -767.25,
        "Total Revenue": 0,
        "Gross Profit": 0,
        "Operating Income": 0,
        "EBIT": 0,
        "Net Income": -5
    },
    "2013-12-31": {
        "Diluted EPS": 0.0,
        "Total Revenue": NaN,
        "Gross Profit": NaN,
        "Operating Income": NaN,
        "EBIT": NaN,
        "Net Income": NaN
    },
    "2013-09-30": {
        "Diluted EPS": -488.0,
        "Total Revenue": 0,
        "Gross Profit": 0,
        "Operating Income": 0,
        "EBIT": 0,
        "Net Income": -3
    },
    "2023-06-30": {
        "Tax Effect Of Unusual Items": 3600.0,
        "Tax Rate For Calcs": 0.4,
        "Normalized EBITDA": -5136000.0,
        "Total Unusual Items": 9000.0,
        "Total Unusual Items Excluding Goodwill": 9000.0,
        "Net Income From Continuing Operation Net Minority Interest": -4642000.0,
        "Reconciled Depreciation": 31000.0,
        "Reconciled Cost Of Revenue": 761000.0,
        "EBITDA": -5127000.0,
        "EBIT": -5158000.0,
        "Net Interest Income": 549000.0,
        "Interest Expense": NaN,
        "Interest Income": 557000.0,
        "Normalized Income": -4647400.0,
        "Net Income From Continuing And Discontinued Operation": -4642000.0,
        "Total Expenses": 6495000.0,
        "Total Operating Income As Reported": -5158000.0,
        "Diluted Average Shares": 59515410.0,
        "Basic Average Shares": 59515410.0,
        "Diluted EPS": -0.08,
        "Basic EPS": -0.08,
        "Diluted NI Availto Com Stockholders": -4642000.0,
        "Net Income Common Stockholders": -4642000.0,
        "Net Income": -4642000.0,
        "Net Income Including Noncontrolling Interests": -4642000.0,
        "Net Income Continuous Operations": -4642000.0,
        "Tax Provision": 42000.0,
        "Pretax Income": -4600000.0,
        "Other Income Expense": 9000.0,
        "Gain On Sale Of Security": 9000.0,
        "Net Non Operating Interest Income Expense": 549000.0,
        "Total Other Finance Cost": 8000.0,
        "Interest Expense Non Operating": NaN,
        "Interest Income Non Operating": 557000.0,
        "Operating Income": -5158000.0,
        "Operating Expense": 5734000.0,
        "Research And Development": 816000.0,
        "Selling General And Administration": 4918000.0,
        "Selling And Marketing Expense": 2504000.0,
        "General And Administrative Expense": 2414000.0,
        "Other Gand A": 2414000.0,
        "Gross Profit": 576000.0,
        "Cost Of Revenue": 761000.0,
        "Total Revenue": 1337000.0,
        "Operating Revenue": 1337000.0
    }
}