{
    "2023-03-31": {
        "Tax Effect Of Unusual Items": NaN,
        "Tax Rate For Calcs": NaN,
        "Normalized EBITDA": NaN,
        "Total Unusual Items": NaN,
        "Total Unusual Items Excluding Goodwill": NaN,
        "Net Income From Continuing Operation Net Minority Interest": NaN,
        "Reconciled Depreciation": NaN,
        "Reconciled Cost Of Revenue": NaN,
        "EBITDA": NaN,
        "EBIT": NaN,
        "Net Interest Income": NaN,
        "Interest Expense": NaN,
        "Normalized Income": NaN,
        "Net Income From Continuing And Discontinued Operation": NaN,
        "Total Expenses": NaN,
        "Total Operating Income As Reported": NaN,
        "Diluted Average Shares": NaN,
        "Basic Average Shares": NaN,
        "Diluted EPS": NaN,
        "Basic EPS": NaN,
        "Diluted NI Availto Com Stockholders": NaN,
        "Net Income Common Stockholders": NaN,
        "Net Income": NaN,
        "Net Income Including Noncontrolling Interests": NaN,
        "Net Income Continuous Operations": NaN,
        "Tax Provision": NaN,
        "Pretax Income": NaN,
        "Other Income Expense": NaN,
        "Other Non Operating Income Expenses": NaN,
        "Special Income Charges": NaN,
        "Gain On Sale Of Business": -6000000.0,
        "Restructuring And Mergern Acquisition": NaN,
        "Net Non Operating Interest Income Expense": NaN,
        "Total Other Finance Cost": NaN,
        "Interest Expense Non Operating": NaN,
        "Operating Income": NaN,
        "Operating Expense": NaN,
        "Other Operating Expenses": 61000000.0,
        "Depreciation Amortization Depletion Income Statement": 18000000.0,
        "Depreciation And Amortization In Income Statement": 18000000.0,
        "Selling General And Administration": NaN,
        "Selling And Marketing Expense": 153000000.0,
        "Gross Profit": NaN,
        "Cost Of Revenue": NaN,
        "Total Revenue": NaN,
        "Operating Revenue": NaN
    },
    "2022-12-31": {
        "Tax Effect Of Unusual Items": NaN,
        "Tax Rate For Calcs": NaN,
        "Normalized EBITDA": NaN,
        "Total Unusual Items": NaN,
        "Total Unusual Items Excluding Goodwill": NaN,
        "Net Income From Continuing Operation Net Minority Interest": NaN,
        "Reconciled Depreciation": NaN,
        "Reconciled Cost Of Revenue": NaN,
        "EBITDA": NaN,
        "EBIT": NaN,
        "Net Interest Income": NaN,
        "Interest Expense": NaN,
        "Normalized Income": NaN,
        "Net Income From Continuing And Discontinued Operation": NaN,
        "Total Expenses": NaN,
        "Total Operating Income As Reported": NaN,
        "Diluted Average Shares": NaN,
        "Basic Average Shares": NaN,
        "Diluted EPS": NaN,
        "Basic EPS": NaN,
        "Diluted NI Availto Com Stockholders": NaN,
        "Net Income Common Stockholders": NaN,
        "Net Income": NaN,
        "Net Income Including Noncontrolling Interests": NaN,
        "Net Income Continuous Operations": NaN,
        "Tax Provision": NaN,
        "Pretax Income": NaN,
        "Other Income Expense": NaN,
        "Other Non Operating Income Expenses": NaN,
        "Special Income Charges": NaN,
        "Gain On Sale Of Business": -40000000.0,
        "Restructuring And Mergern Acquisition": NaN,
        "Net Non Operating Interest Income Expense": NaN,
        "Total Other Finance Cost": NaN,
        "Interest Expense Non Operating": NaN,
        "Operating Income": NaN,
        "Operating Expense": NaN,
        "Other Operating Expenses": 59000000.0,
        "Depreciation Amortization Depletion Income Statement": 21000000.0,
        "Depreciation And Amortization In Income Statement": 21000000.0,
        "Selling General And Administration": NaN,
        "Selling And Marketing Expense": 155000000.0,
        "General And Administrative Expense": 40000000.0,
        "Other Gand A": 40000000.0,
        "Gross Profit": NaN,
        "Cost Of Revenue": NaN,
        "Total Revenue": NaN,
        "Operating Revenue": NaN
    },
    "2022-09-30": {
        "Tax Effect Of Unusual Items": NaN,
        "Tax Rate For Calcs": NaN,
        "Normalized EBITDA": NaN,
        "Total Unusual Items": NaN,
        "Total Unusual Items Excluding Goodwill": NaN,
        "Net Income From Continuing Operation Net Minority Interest": NaN,
        "Reconciled Depreciation": NaN,
        "Reconciled Cost Of Revenue": NaN,
        "EBITDA": NaN,
        "EBIT": NaN,
        "Net Interest Income": NaN,
        "Interest Expense": NaN,
        "Interest Income": 1000000.0,
        "Normalized Income": NaN,
        "Net Income From Continuing And Discontinued Operation": NaN,
        "Total Expenses": NaN,
        "Total Operating Income As Reported": NaN,
        "Diluted Average Shares": NaN,
        "Basic Average Shares": NaN,
        "Diluted EPS": NaN,
        "Basic EPS": NaN,
        "Diluted NI Availto Com Stockholders": NaN,
        "Net Income Common Stockholders": NaN,
        "Net Income": NaN,
        "Net Income Including Noncontrolling Interests": NaN,
        "Net Income Continuous Operations": NaN,
        "Tax Provision": NaN,
        "Pretax Income": NaN,
        "Other Income Expense": NaN,
        "Other Non Operating Income Expenses": -1000000.0,
        "Special Income Charges": NaN,
        "Gain On Sale Of Business": -23000000.0,
        "Restructuring And Mergern Acquisition": NaN,
        "Net Non Operating Interest Income Expense": NaN,
        "Total Other Finance Cost": -1000000.0,
        "Interest Expense Non Operating": NaN,
        "Interest Income Non Operating": 1000000.0,
        "Operating Income": NaN,
        "Operating Expense": NaN,
        "Other Operating Expenses": NaN,
        "Depreciation Amortization Depletion Income Statement": NaN,
        "Depreciation And Amortization In Income Statement": NaN,
        "Selling General And Administration": NaN,
        "Selling And Marketing Expense": 158000000.0,
        "General And Administrative Expense": 23000000.0,
        "Other Gand A": 23000000.0,
        "Gross Profit": NaN,
        "Cost Of Revenue": NaN,
        "Total Revenue": NaN,
        "Operating Revenue": NaN
    },
    "2022-06-30": {
        "Tax Effect Of Unusual Items": -762711.864407,
        "Tax Rate For Calcs": 0.254237,
        "Normalized EBITDA": 85000000.0,
        "Total Unusual Items": -3000000.0,
        "Total Unusual Items Excluding Goodwill": -3000000.0,
        "Net Income From Continuing Operation Net Minority Interest": 44000000.0,
        "Reconciled Depreciation": 21000000.0,
        "Reconciled Cost Of Revenue": 904000000.0,
        "EBITDA": 82000000.0,
        "EBIT": 61000000.0,
        "Net Interest Income": NaN,
        "Interest Expense": NaN,
        "Interest Income": NaN,
        "Normalized Income": 46237288.135593,
        "Net Income From Continuing And Discontinued Operation": 44000000.0,
        "Total Expenses": 1165000000.0,
        "Total Operating Income As Reported": 58000000.0,
        "Diluted Average Shares": 115113629.0,
        "Basic Average Shares": 115113629.0,
        "Diluted EPS": 0.382231,
        "Basic EPS": 0.382231,
        "Diluted NI Availto Com Stockholders": 44000000.0,
        "Net Income Common Stockholders": 44000000.0,
        "Net Income": 44000000.0,
        "Net Income Including Noncontrolling Interests": 44000000.0,
        "Net Income Continuous Operations": 44000000.0,
        "Tax Provision": 15000000.0,
        "Pretax Income": 59000000.0,
        "Other Income Expense": -2000000.0,
        "Other Non Operating Income Expenses": 1000000.0,
        "Special Income Charges": -3000000.0,
        "Gain On Sale Of Business": -18000000.0,
        "Restructuring And Mergern Acquisition": 3000000.0,
        "Net Non Operating Interest Income Expense": NaN,
        "Interest Expense Non Operating": NaN,
        "Interest Income Non Operating": NaN,
        "Operating Income": 61000000.0,
        "Operating Expense": 261000000.0,
        "Other Operating Expenses": 56000000.0,
        "Depreciation Amortization Depletion Income Statement": 21000000.0,
        "Depreciation And Amortization In Income Statement": 21000000.0,
        "Selling General And Administration": 184000000.0,
        "Selling And Marketing Expense": 166000000.0,
        "General And Administrative Expense": 18000000.0,
        "Other Gand A": 18000000.0,
        "Gross Profit": 322000000.0,
        "Cost Of Revenue": 904000000.0,
        "Total Revenue": 1226000000.0,
        "Operating Revenue": 1226000000.0
    },
    "2023-06-30": {
        "Tax Effect Of Unusual Items": NaN,
        "Tax Rate For Calcs": NaN,
        "Normalized EBITDA": NaN,
        "Total Unusual Items": NaN,
        "Total Unusual Items Excluding Goodwill": NaN,
        "Net Income From Continuing Operation Net Minority Interest": NaN,
        "Reconciled Depreciation": NaN,
        "Reconciled Cost Of Revenue": NaN,
        "EBITDA": NaN,
        "EBIT": NaN,
        "Net Interest Income": NaN,
        "Interest Expense": 8000000.0,
        "Normalized Income": NaN,
        "Net Income From Continuing And Discontinued Operation": NaN,
        "Total Expenses": NaN,
        "Total Operating Income As Reported": NaN,
        "Diluted Average Shares": NaN,
        "Basic Average Shares": NaN,
        "Diluted EPS": NaN,
        "Basic EPS": NaN,
        "Diluted NI Availto Com Stockholders": NaN,
        "Net Income Common Stockholders": NaN,
        "Net Income": NaN,
        "Net Income Including Noncontrolling Interests": NaN,
        "Net Income Continuous Operations": NaN,
        "Tax Provision": NaN,
        "Pretax Income": NaN,
        "Other Income Expense": NaN,
        "Other Non Operating Income Expenses": NaN,
        "Special Income Charges": NaN,
        "Gain On Sale Of Business": -4000000.0,
        "Restructuring And Mergern Acquisition": NaN,
        "Net Non Operating Interest Income Expense": NaN,
        "Total Other Finance Cost": NaN,
        "Interest Expense Non Operating": 8000000.0,
        "Operating Income": NaN,
        "Operating Expense": NaN,
        "Other Operating Expenses": 59000000.0,
        "Depreciation Amortization Depletion Income Statement": 18000000.0,
        "Depreciation And Amortization In Income Statement": 18000000.0,
        "Selling General And Administration": NaN,
        "Selling And Marketing Expense": 144000000.0,
        "Gross Profit": NaN,
        "Cost Of Revenue": NaN,
        "Total Revenue": NaN,
        "Operating Revenue": NaN
    },
    "2022-03-31": {
        "Diluted EPS": 0.34,
        "Total Revenue": NaN,
        "Gross Profit": 236,
        "Operating Income": 51,
        "EBIT": 72,
        "Net Income": 39
    },
    "2021-12-31": {
        "Diluted EPS": 0.0,
        "Total Revenue": NaN,
        "Gross Profit": NaN,
        "Operating Income": NaN,
        "EBIT": NaN,
        "Net Income": NaN
    },
    "2021-09-30": {
        "Diluted EPS": 0.29,
        "Total Revenue": NaN,
        "Gross Profit": 192,
        "Operating Income": 38,
        "EBIT": 38,
        "Net Income": 33
    },
    "2020-12-31": {
        "Diluted EPS": 0.0,
        "Total Revenue": NaN,
        "Gross Profit": NaN,
        "Operating Income": NaN,
        "EBIT": NaN,
        "Net Income": NaN
    },
    "2023-09-30": {
        "Tax Effect Of Unusual Items": -1050000.0,
        "Tax Rate For Calcs": 0.21,
        "Normalized EBITDA": 26000000.0,
        "Total Unusual Items": -5000000.0,
        "Total Unusual Items Excluding Goodwill": -5000000.0,
        "Net Income From Continuing Operation Net Minority Interest": -1000000.0,
        "Reconciled Depreciation": 16000000.0,
        "Reconciled Cost Of Revenue": 817000000.0,
        "EBITDA": 21000000.0,
        "EBIT": 5000000.0,
        "Net Interest Income": -8000000.0,
        "Interest Expense": 8000000.0,
        "Normalized Income": 2950000.0,
        "Net Income From Continuing And Discontinued Operation": -1000000.0,
        "Total Expenses": 965000000.0,
        "Total Operating Income As Reported": 6000000.0,
        "Diluted Average Shares": 116970000.0,
        "Basic Average Shares": 116970000.0,
        "Diluted EPS": -0.01,
        "Basic EPS": -0.01,
        "Diluted NI Availto Com Stockholders": -1000000.0,
        "Net Income Common Stockholders": -1000000.0,
        "Net Income": -1000000.0,
        "Net Income Including Noncontrolling Interests": -1000000.0,
        "Net Income Continuous Operations": -1000000.0,
        "Tax Provision": -2000000.0,
        "Pretax Income": -3000000.0,
        "Other Income Expense": -6000000.0,
        "Other Non Operating Income Expenses": -1000000.0,
        "Special Income Charges": -5000000.0,
        "Gain On Sale Of Business": NaN,
        "Restructuring And Mergern Acquisition": 5000000.0,
        "Net Non Operating Interest Income Expense": -8000000.0,
        "Total Other Finance Cost": 8000000.0,
        "Interest Expense Non Operating": 8000000.0,
        "Operating Income": 11000000.0,
        "Operating Expense": 148000000.0,
        "Other Operating Expenses": 59000000.0,
        "Depreciation Amortization Depletion Income Statement": 16000000.0,
        "Depreciation And Amortization In Income Statement": 16000000.0,
        "Selling General And Administration": 148000000.0,
        "Selling And Marketing Expense": NaN,
        "Gross Profit": 159000000.0,
        "Cost Of Revenue": 817000000.0,
        "Total Revenue": 976000000.0,
        "Operating Revenue": 976000000.0
    },
    "2023-12-31": {
        "Tax Effect Of Unusual Items": -840000.0,
        "Tax Rate For Calcs": 0.21,
        "Normalized EBITDA": 6000000.0,
        "Total Unusual Items": -4000000.0,
        "Total Unusual Items Excluding Goodwill": -4000000.0,
        "Net Income From Continuing Operation Net Minority Interest": 2000000.0,
        "Reconciled Depreciation": 15000000.0,
        "Reconciled Cost Of Revenue": 814000000.0,
        "EBITDA": 2000000.0,
        "EBIT": -13000000.0,
        "Net Interest Income": -8000000.0,
        "Interest Expense": NaN,
        "Normalized Income": 5160000.0,
        "Net Income From Continuing And Discontinued Operation": 2000000.0,
        "Total Expenses": 960000000.0,
        "Total Operating Income As Reported": 14000000.0,
        "Diluted Average Shares": 119575000.0,
        "Basic Average Shares": 117012000.0,
        "Diluted EPS": 0.02,
        "Basic EPS": 0.02,
        "Diluted NI Availto Com Stockholders": 2000000.0,
        "Net Income Common Stockholders": 2000000.0,
        "Net Income": 2000000.0,
        "Net Income Including Noncontrolling Interests": 2000000.0,
        "Net Income Continuous Operations": 2000000.0,
        "Tax Provision": 2000000.0,
        "Pretax Income": 4000000.0,
        "Other Income Expense": -6000000.0,
        "Other Non Operating Income Expenses": -2000000.0,
        "Special Income Charges": -4000000.0,
        "Gain On Sale Of Business": NaN,
        "Restructuring And Mergern Acquisition": 4000000.0,
        "Net Non Operating Interest Income Expense": -8000000.0,
        "Total Other Finance Cost": NaN,
        "Interest Expense Non Operating": NaN,
        "Operating Income": 18000000.0,
        "Operating Expense": 146000000.0,
        "Other Operating Expenses": 56000000.0,
        "Depreciation Amortization Depletion Income Statement": 15000000.0,
        "Depreciation And Amortization In Income Statement": 15000000.0,
        "Selling General And Administration": 146000000.0,
        "Selling And Marketing Expense": NaN,
        "Gross Profit": 164000000.0,
        "Cost Of Revenue": 814000000.0,
        "Total Revenue": 978000000.0,
        "Operating Revenue": 978000000.0
    },
    "2024-03-31": {
        "Tax Effect Of Unusual Items": -3324000.0,
        "Tax Rate For Calcs": 0.277,
        "Normalized EBITDA": 15000000.0,
        "Total Unusual Items": -12000000.0,
        "Total Unusual Items Excluding Goodwill": -12000000.0,
        "Net Income From Continuing Operation Net Minority Interest": -15000000.0,
        "Reconciled Depreciation": 16000000.0,
        "Reconciled Cost Of Revenue": 768000000.0,
        "EBITDA": 3000000.0,
        "EBIT": -13000000.0,
        "Net Interest Income": -8000000.0,
        "Interest Expense": 8000000.0,
        "Normalized Income": -6324000.0,
        "Net Income From Continuing And Discontinued Operation": -15000000.0,
        "Total Expenses": 913000000.0,
        "Total Operating Income As Reported": -12000000.0,
        "Diluted Average Shares": 117217000.0,
        "Basic Average Shares": 117217000.0,
        "Diluted EPS": -0.13,
        "Basic EPS": -0.13,
        "Diluted NI Availto Com Stockholders": -15000000.0,
        "Net Income Common Stockholders": -15000000.0,
        "Net Income": -15000000.0,
        "Net Income Including Noncontrolling Interests": -15000000.0,
        "Net Income Continuous Operations": -15000000.0,
        "Tax Provision": -6000000.0,
        "Pretax Income": -21000000.0,
        "Other Income Expense": -13000000.0,
        "Other Non Operating Income Expenses": -1000000.0,
        "Special Income Charges": -12000000.0,
        "Gain On Sale Of Business": NaN,
        "Restructuring And Mergern Acquisition": 12000000.0,
        "Net Non Operating Interest Income Expense": -8000000.0,
        "Total Other Finance Cost": NaN,
        "Interest Expense Non Operating": 8000000.0,
        "Operating Income": 0.0,
        "Operating Expense": 145000000.0,
        "Other Operating Expenses": NaN,
        "Depreciation Amortization Depletion Income Statement": NaN,
        "Depreciation And Amortization In Income Statement": NaN,
        "Selling General And Administration": 145000000.0,
        "Selling And Marketing Expense": NaN,
        "Gross Profit": 145000000.0,
        "Cost Of Revenue": 768000000.0,
        "Total Revenue": 913000000.0,
        "Operating Revenue": 913000000.0
    },
    "2024-06-30": {
        "Tax Effect Of Unusual Items": -1017000.0,
        "Tax Rate For Calcs": 0.113,
        "Normalized EBITDA": 26000000.0,
        "Total Unusual Items": -9000000.0,
        "Total Unusual Items Excluding Goodwill": -9000000.0,
        "Net Income From Continuing Operation Net Minority Interest": -7000000.0,
        "Reconciled Depreciation": 17000000.0,
        "Reconciled Cost Of Revenue": 767000000.0,
        "EBITDA": 17000000.0,
        "EBIT": 0.0,
        "Net Interest Income": -8000000.0,
        "Interest Expense": 8000000.0,
        "Normalized Income": 983000.0,
        "Net Income From Continuing And Discontinued Operation": -7000000.0,
        "Total Expenses": 921000000.0,
        "Total Operating Income As Reported": 0.0,
        "Diluted Average Shares": 117579000.0,
        "Basic Average Shares": 117579000.0,
        "Diluted EPS": -0.06,
        "Basic EPS": -0.06,
        "Diluted NI Availto Com Stockholders": -7000000.0,
        "Net Income Common Stockholders": -7000000.0,
        "Net Income": -7000000.0,
        "Net Income Including Noncontrolling Interests": -7000000.0,
        "Net Income Continuous Operations": -7000000.0,
        "Tax Provision": -1000000.0,
        "Pretax Income": -8000000.0,
        "Other Income Expense": -9000000.0,
        "Other Non Operating Income Expenses": NaN,
        "Special Income Charges": -9000000.0,
        "Gain On Sale Of Business": NaN,
        "Restructuring And Mergern Acquisition": 9000000.0,
        "Net Non Operating Interest Income Expense": -8000000.0,
        "Total Other Finance Cost": NaN,
        "Interest Expense Non Operating": 8000000.0,
        "Operating Income": 9000000.0,
        "Operating Expense": 154000000.0,
        "Other Operating Expenses": NaN,
        "Depreciation Amortization Depletion Income Statement": NaN,
        "Depreciation And Amortization In Income Statement": NaN,
        "Selling General And Administration": 154000000.0,
        "Selling And Marketing Expense": NaN,
        "Gross Profit": 163000000.0,
        "Cost Of Revenue": 767000000.0,
        "Total Revenue": 930000000.0,
        "Operating Revenue": 930000000.0
    },
    "2024-09-30": {
        "Tax Effect Of Unusual Items": -6720000.0,
        "Tax Rate For Calcs": 0.21,
        "Normalized EBITDA": -183000000.0,
        "Total Unusual Items": -32000000.0,
        "Total Unusual Items Excluding Goodwill": -32000000.0,
        "Net Income From Continuing Operation Net Minority Interest": -243000000.0,
        "Reconciled Depreciation": 21000000.0,
        "Reconciled Cost Of Revenue": 879000000.0,
        "EBITDA": -215000000.0,
        "EBIT": -236000000.0,
        "Net Interest Income": -6000000.0,
        "Interest Expense": 6000000.0,
        "Normalized Income": -217720000.0,
        "Net Income From Continuing And Discontinued Operation": -243000000.0,
        "Total Expenses": 1028000000.0,
        "Total Operating Income As Reported": -20000000.0,
        "Diluted Average Shares": 134095000.0,
        "Basic Average Shares": 134095000.0,
        "Diluted EPS": -1.81,
        "Basic EPS": -1.81,
        "Diluted NI Availto Com Stockholders": -243000000.0,
        "Net Income Common Stockholders": -243000000.0,
        "Net Income": -243000000.0,
        "Net Income Including Noncontrolling Interests": -243000000.0,
        "Net Income Continuous Operations": -243000000.0,
        "Tax Provision": 1000000.0,
        "Pretax Income": -242000000.0,
        "Other Income Expense": -248000000.0,
        "Other Non Operating Income Expenses": -216000000.0,
        "Special Income Charges": -32000000.0,
        "Gain On Sale Of Business": NaN,
        "Restructuring And Mergern Acquisition": 32000000.0,
        "Net Non Operating Interest Income Expense": -6000000.0,
        "Total Other Finance Cost": NaN,
        "Interest Expense Non Operating": 6000000.0,
        "Operating Income": 12000000.0,
        "Operating Expense": 149000000.0,
        "Other Operating Expenses": NaN,
        "Depreciation Amortization Depletion Income Statement": NaN,
        "Depreciation And Amortization In Income Statement": NaN,
        "Selling General And Administration": 149000000.0,
        "Selling And Marketing Expense": NaN,
        "Gross Profit": 161000000.0,
        "Cost Of Revenue": 879000000.0,
        "Total Revenue": 1040000000.0,
        "Operating Revenue": 1040000000.0
    }
}