{
    "2023-03-31": {
        "Tax Effect Of Unusual Items": NaN,
        "Tax Rate For Calcs": NaN,
        "Normalized EBITDA": NaN,
        "Total Unusual Items": NaN,
        "Total Unusual Items Excluding Goodwill": NaN,
        "Net Income From Continuing Operation Net Minority Interest": NaN,
        "Reconciled Depreciation": NaN,
        "Reconciled Cost Of Revenue": NaN,
        "EBITDA": NaN,
        "EBIT": NaN,
        "Net Interest Income": NaN,
        "Interest Expense": NaN,
        "Interest Income": NaN,
        "Normalized Income": NaN,
        "Net Income From Continuing And Discontinued Operation": NaN,
        "Total Expenses": NaN,
        "Total Operating Income As Reported": NaN,
        "Diluted Average Shares": NaN,
        "Basic Average Shares": NaN,
        "Diluted EPS": NaN,
        "Basic EPS": NaN,
        "Diluted NI Availto Com Stockholders": NaN,
        "Net Income Common Stockholders": NaN,
        "Net Income": NaN,
        "Net Income Including Noncontrolling Interests": NaN,
        "Net Income Continuous Operations": NaN,
        "Tax Provision": 0.0,
        "Pretax Income": NaN,
        "Other Income Expense": NaN,
        "Other Non Operating Income Expenses": NaN,
        "Special Income Charges": NaN,
        "Net Non Operating Interest Income Expense": NaN,
        "Interest Expense Non Operating": NaN,
        "Interest Income Non Operating": NaN,
        "Operating Income": NaN,
        "Operating Expense": NaN,
        "Other Operating Expenses": NaN,
        "Research And Development": NaN,
        "Selling General And Administration": NaN,
        "General And Administrative Expense": NaN,
        "Other Gand A": NaN,
        "Gross Profit": NaN,
        "Cost Of Revenue": NaN,
        "Total Revenue": NaN,
        "Operating Revenue": NaN
    },
    "2022-12-31": {
        "Tax Effect Of Unusual Items": NaN,
        "Tax Rate For Calcs": NaN,
        "Normalized EBITDA": NaN,
        "Total Unusual Items": 0.0,
        "Total Unusual Items Excluding Goodwill": 0.0,
        "Net Income From Continuing Operation Net Minority Interest": NaN,
        "Reconciled Depreciation": NaN,
        "Reconciled Cost Of Revenue": NaN,
        "EBITDA": NaN,
        "EBIT": NaN,
        "Net Interest Income": NaN,
        "Interest Expense": NaN,
        "Interest Income": NaN,
        "Normalized Income": NaN,
        "Net Income From Continuing And Discontinued Operation": NaN,
        "Total Expenses": NaN,
        "Total Operating Income As Reported": NaN,
        "Diluted Average Shares": NaN,
        "Basic Average Shares": NaN,
        "Diluted EPS": NaN,
        "Basic EPS": NaN,
        "Diluted NI Availto Com Stockholders": NaN,
        "Net Income Common Stockholders": NaN,
        "Net Income": NaN,
        "Net Income Including Noncontrolling Interests": NaN,
        "Net Income Continuous Operations": NaN,
        "Tax Provision": NaN,
        "Pretax Income": NaN,
        "Other Income Expense": NaN,
        "Other Non Operating Income Expenses": NaN,
        "Special Income Charges": 0.0,
        "Net Non Operating Interest Income Expense": NaN,
        "Interest Expense Non Operating": NaN,
        "Interest Income Non Operating": NaN,
        "Operating Income": NaN,
        "Operating Expense": NaN,
        "Other Operating Expenses": NaN,
        "Research And Development": NaN,
        "Selling General And Administration": NaN,
        "General And Administrative Expense": NaN,
        "Other Gand A": NaN,
        "Gross Profit": NaN,
        "Cost Of Revenue": NaN,
        "Total Revenue": NaN,
        "Operating Revenue": NaN
    },
    "2022-09-30": {
        "Tax Effect Of Unusual Items": NaN,
        "Tax Rate For Calcs": NaN,
        "Normalized EBITDA": NaN,
        "Total Unusual Items": 0.0,
        "Total Unusual Items Excluding Goodwill": 0.0,
        "Net Income From Continuing Operation Net Minority Interest": NaN,
        "Reconciled Depreciation": NaN,
        "Reconciled Cost Of Revenue": NaN,
        "EBITDA": NaN,
        "EBIT": NaN,
        "Net Interest Income": NaN,
        "Interest Expense": NaN,
        "Interest Income": NaN,
        "Normalized Income": NaN,
        "Net Income From Continuing And Discontinued Operation": NaN,
        "Total Expenses": NaN,
        "Total Operating Income As Reported": NaN,
        "Diluted Average Shares": NaN,
        "Basic Average Shares": NaN,
        "Diluted EPS": NaN,
        "Basic EPS": NaN,
        "Diluted NI Availto Com Stockholders": NaN,
        "Net Income Common Stockholders": NaN,
        "Net Income": NaN,
        "Net Income Including Noncontrolling Interests": NaN,
        "Net Income Continuous Operations": NaN,
        "Tax Provision": NaN,
        "Pretax Income": NaN,
        "Other Income Expense": NaN,
        "Other Non Operating Income Expenses": NaN,
        "Special Income Charges": 0.0,
        "Net Non Operating Interest Income Expense": NaN,
        "Interest Expense Non Operating": NaN,
        "Interest Income Non Operating": NaN,
        "Operating Income": NaN,
        "Operating Expense": NaN,
        "Other Operating Expenses": NaN,
        "Research And Development": NaN,
        "Selling General And Administration": NaN,
        "General And Administrative Expense": NaN,
        "Other Gand A": NaN,
        "Gross Profit": NaN,
        "Cost Of Revenue": NaN,
        "Total Revenue": NaN,
        "Operating Revenue": NaN
    },
    "2022-06-30": {
        "Tax Effect Of Unusual Items": 0.0,
        "Tax Rate For Calcs": 0.0,
        "Normalized EBITDA": -62760000.0,
        "Total Unusual Items": NaN,
        "Total Unusual Items Excluding Goodwill": NaN,
        "Net Income From Continuing Operation Net Minority Interest": -65560000.0,
        "Reconciled Depreciation": 2786000.0,
        "Reconciled Cost Of Revenue": 14227000.0,
        "EBITDA": -62760000.0,
        "EBIT": -65546000.0,
        "Net Interest Income": 638000.0,
        "Interest Expense": 14000.0,
        "Interest Income": 652000.0,
        "Normalized Income": -65560000.0,
        "Net Income From Continuing And Discontinued Operation": -65560000.0,
        "Total Expenses": 73844000.0,
        "Total Operating Income As Reported": -66191000.0,
        "Diluted Average Shares": 172212390.0,
        "Basic Average Shares": 172212390.0,
        "Diluted EPS": -0.38,
        "Basic EPS": -0.38,
        "Diluted NI Availto Com Stockholders": -65560000.0,
        "Net Income Common Stockholders": -65560000.0,
        "Net Income": -65560000.0,
        "Net Income Including Noncontrolling Interests": -65560000.0,
        "Net Income Continuous Operations": -65560000.0,
        "Pretax Income": -65560000.0,
        "Other Income Expense": -7000.0,
        "Other Non Operating Income Expenses": -7000.0,
        "Special Income Charges": NaN,
        "Net Non Operating Interest Income Expense": 638000.0,
        "Interest Expense Non Operating": 14000.0,
        "Interest Income Non Operating": 652000.0,
        "Operating Income": -66191000.0,
        "Operating Expense": 59617000.0,
        "Other Operating Expenses": -21000.0,
        "Research And Development": 38439000.0,
        "Selling General And Administration": 21199000.0,
        "General And Administrative Expense": 21199000.0,
        "Other Gand A": 21199000.0,
        "Gross Profit": -6574000.0,
        "Cost Of Revenue": 14227000.0,
        "Total Revenue": 7653000.0,
        "Operating Revenue": 7653000.0
    },
    "2022-03-31": {
        "Diluted EPS": -0.33,
        "Total Revenue": 5,
        "Gross Profit": -2,
        "Operating Income": -56,
        "EBIT": -53,
        "Net Income": -56
    },
    "2021-12-31": {
        "Diluted EPS": -0.28,
        "Total Revenue": 3,
        "Gross Profit": 3,
        "Operating Income": -46,
        "EBIT": -44,
        "Net Income": -47
    },
    "2021-09-30": {
        "Diluted EPS": -0.28,
        "Total Revenue": 3,
        "Gross Profit": 3,
        "Operating Income": -46,
        "EBIT": -44,
        "Net Income": -47
    },
    "2021-06-30": {
        "Diluted EPS": -0.31,
        "Total Revenue": 3,
        "Gross Profit": 3,
        "Operating Income": -41,
        "EBIT": -39,
        "Net Income": -43
    },
    "2021-03-31": {
        "Diluted EPS": -1.33,
        "Total Revenue": 3,
        "Gross Profit": 3,
        "Operating Income": -30,
        "EBIT": -29,
        "Net Income": -31
    },
    "2020-12-31": {
        "Diluted EPS": -1.17,
        "Total Revenue": 3,
        "Gross Profit": 3,
        "Operating Income": -26,
        "EBIT": -24,
        "Net Income": -26
    },
    "2020-09-30": {
        "Diluted EPS": -1.09,
        "Total Revenue": 1,
        "Gross Profit": 1,
        "Operating Income": -22,
        "EBIT": -22,
        "Net Income": -24
    },
    "2020-06-30": {
        "Diluted EPS": -0.88,
        "Total Revenue": 0,
        "Gross Profit": 0,
        "Operating Income": -18,
        "EBIT": -17,
        "Net Income": -19
    },
    "2020-03-31": {
        "Diluted EPS": -0.85,
        "Total Revenue": 0,
        "Gross Profit": 0,
        "Operating Income": -18,
        "EBIT": -17,
        "Net Income": -18
    },
    "2019-12-31": {
        "Diluted EPS": 0.0,
        "Total Revenue": NaN,
        "Gross Profit": NaN,
        "Operating Income": NaN,
        "EBIT": NaN,
        "Net Income": NaN
    },
    "2023-06-30": {
        "Tax Effect Of Unusual Items": 0.0,
        "Tax Rate For Calcs": 0.0,
        "Normalized EBITDA": -71158000.0,
        "Total Unusual Items": NaN,
        "Total Unusual Items Excluding Goodwill": NaN,
        "Net Income From Continuing Operation Net Minority Interest": -76726000.0,
        "Reconciled Depreciation": 5543000.0,
        "Reconciled Cost Of Revenue": 9382000.0,
        "EBITDA": -71158000.0,
        "EBIT": -76701000.0,
        "Net Interest Income": 4931000.0,
        "Interest Expense": 26000.0,
        "Interest Income": 4957000.0,
        "Normalized Income": -76726000.0,
        "Net Income From Continuing And Discontinued Operation": -76726000.0,
        "Total Expenses": 92731000.0,
        "Total Operating Income As Reported": -81715000.0,
        "Diluted Average Shares": 201415475.0,
        "Basic Average Shares": 201415475.0,
        "Diluted EPS": -0.38,
        "Basic EPS": -0.38,
        "Diluted NI Availto Com Stockholders": -76726000.0,
        "Net Income Common Stockholders": -76726000.0,
        "Net Income": -76726000.0,
        "Net Income Including Noncontrolling Interests": -76727000.0,
        "Net Income Continuous Operations": -76727000.0,
        "Tax Provision": 0.0,
        "Pretax Income": -76727000.0,
        "Other Income Expense": 57000.0,
        "Other Non Operating Income Expenses": 57000.0,
        "Special Income Charges": NaN,
        "Net Non Operating Interest Income Expense": 4931000.0,
        "Interest Expense Non Operating": 26000.0,
        "Interest Income Non Operating": 4957000.0,
        "Operating Income": -81715000.0,
        "Operating Expense": 83349000.0,
        "Other Operating Expenses": -1000.0,
        "Research And Development": 55060000.0,
        "Selling General And Administration": 28290000.0,
        "General And Administrative Expense": 28290000.0,
        "Other Gand A": 28290000.0,
        "Gross Profit": 1634000.0,
        "Cost Of Revenue": 9382000.0,
        "Total Revenue": 11016000.0,
        "Operating Revenue": 11016000.0
    },
    "2023-09-30": {
        "Tax Effect Of Unusual Items": 0.0,
        "Tax Rate For Calcs": 0.0,
        "Normalized EBITDA": -85414000.0,
        "Total Unusual Items": NaN,
        "Total Unusual Items Excluding Goodwill": NaN,
        "Net Income From Continuing Operation Net Minority Interest": -93017000.0,
        "Reconciled Depreciation": 7578000.0,
        "Reconciled Cost Of Revenue": 10877000.0,
        "EBITDA": -85414000.0,
        "EBIT": -92992000.0,
        "Net Interest Income": 4952000.0,
        "Interest Expense": 25000.0,
        "Interest Income": 4977000.0,
        "Normalized Income": -93017000.0,
        "Net Income From Continuing And Discontinued Operation": -93017000.0,
        "Total Expenses": 109652000.0,
        "Total Operating Income As Reported": -99550000.0,
        "Diluted Average Shares": 214327186.0,
        "Basic Average Shares": 214327186.0,
        "Diluted EPS": -0.43,
        "Basic EPS": -0.43,
        "Diluted NI Availto Com Stockholders": -93017000.0,
        "Net Income Common Stockholders": -93017000.0,
        "Net Income": -93017000.0,
        "Net Income Including Noncontrolling Interests": -93017000.0,
        "Net Income Continuous Operations": -93017000.0,
        "Tax Provision": NaN,
        "Pretax Income": -93017000.0,
        "Other Income Expense": 1581000.0,
        "Other Non Operating Income Expenses": 1581000.0,
        "Special Income Charges": NaN,
        "Net Non Operating Interest Income Expense": 4952000.0,
        "Interest Expense Non Operating": 25000.0,
        "Interest Income Non Operating": 4977000.0,
        "Operating Income": -99550000.0,
        "Operating Expense": 98775000.0,
        "Other Operating Expenses": -431000.0,
        "Research And Development": 70007000.0,
        "Selling General And Administration": 29199000.0,
        "General And Administrative Expense": 29199000.0,
        "Other Gand A": 29199000.0,
        "Gross Profit": -775000.0,
        "Cost Of Revenue": 10877000.0,
        "Total Revenue": 10102000.0,
        "Operating Revenue": 10102000.0
    },
    "2023-12-31": {
        "Tax Effect Of Unusual Items": 0.0,
        "Tax Rate For Calcs": 0.0,
        "Normalized EBITDA": -89479000.0,
        "Total Unusual Items": NaN,
        "Total Unusual Items Excluding Goodwill": NaN,
        "Net Income From Continuing Operation Net Minority Interest": -92996000.0,
        "Reconciled Depreciation": 7553000.0,
        "Reconciled Cost Of Revenue": 9881000.0,
        "EBITDA": -89479000.0,
        "EBIT": -97032000.0,
        "Net Interest Income": 4496000.0,
        "Interest Expense": 26000.0,
        "Interest Income": 4522000.0,
        "Normalized Income": -92996000.0,
        "Net Income From Continuing And Discontinued Operation": -92996000.0,
        "Total Expenses": 109554000.0,
        "Total Operating Income As Reported": -98930000.0,
        "Diluted Average Shares": 223158161.0,
        "Basic Average Shares": 223158161.0,
        "Diluted EPS": -0.42,
        "Basic EPS": -0.42,
        "Diluted NI Availto Com Stockholders": -92996000.0,
        "Net Income Common Stockholders": -92996000.0,
        "Net Income": -92996000.0,
        "Net Income Including Noncontrolling Interests": -92996000.0,
        "Net Income Continuous Operations": -92996000.0,
        "Tax Provision": NaN,
        "Pretax Income": -97058000.0,
        "Other Income Expense": -2624000.0,
        "Other Non Operating Income Expenses": -2624000.0,
        "Special Income Charges": NaN,
        "Net Non Operating Interest Income Expense": 4496000.0,
        "Interest Expense Non Operating": 26000.0,
        "Interest Income Non Operating": 4522000.0,
        "Operating Income": -98930000.0,
        "Operating Expense": 99673000.0,
        "Other Operating Expenses": -267000.0,
        "Research And Development": 69482000.0,
        "Selling General And Administration": 30458000.0,
        "General And Administrative Expense": 30458000.0,
        "Other Gand A": 30458000.0,
        "Gross Profit": 743000.0,
        "Cost Of Revenue": 9881000.0,
        "Total Revenue": 10624000.0,
        "Operating Revenue": 10624000.0
    },
    "2024-03-31": {
        "Tax Effect Of Unusual Items": 0.0,
        "Tax Rate For Calcs": 0.008453,
        "Normalized EBITDA": -84755000.0,
        "Total Unusual Items": NaN,
        "Total Unusual Items Excluding Goodwill": NaN,
        "Net Income From Continuing Operation Net Minority Interest": -91373000.0,
        "Reconciled Depreciation": 7377000.0,
        "Reconciled Cost Of Revenue": 11166000.0,
        "EBITDA": -84755000.0,
        "EBIT": -92132000.0,
        "Net Interest Income": 4028000.0,
        "Interest Expense": 20000.0,
        "Interest Income": 4048000.0,
        "Normalized Income": -91373000.0,
        "Net Income From Continuing And Discontinued Operation": -91373000.0,
        "Total Expenses": 109831000.0,
        "Total Operating Income As Reported": -96340000.0,
        "Diluted Average Shares": 236019349.0,
        "Basic Average Shares": 236019349.0,
        "Diluted EPS": -0.39,
        "Basic EPS": -0.39,
        "Diluted NI Availto Com Stockholders": -91373000.0,
        "Net Income Common Stockholders": -91373000.0,
        "Net Income": -91373000.0,
        "Net Income Including Noncontrolling Interests": -91373000.0,
        "Net Income Continuous Operations": -91373000.0,
        "Tax Provision": -779000.0,
        "Pretax Income": -92152000.0,
        "Other Income Expense": 160000.0,
        "Other Non Operating Income Expenses": 160000.0,
        "Special Income Charges": NaN,
        "Net Non Operating Interest Income Expense": 4028000.0,
        "Interest Expense Non Operating": 20000.0,
        "Interest Income Non Operating": 4048000.0,
        "Operating Income": -96340000.0,
        "Operating Expense": 98665000.0,
        "Other Operating Expenses": -303000.0,
        "Research And Development": 67560000.0,
        "Selling General And Administration": 31408000.0,
        "General And Administrative Expense": 31408000.0,
        "Other Gand A": 31408000.0,
        "Gross Profit": 2325000.0,
        "Cost Of Revenue": 11166000.0,
        "Total Revenue": 13491000.0,
        "Operating Revenue": 13491000.0
    },
    "2024-06-30": {
        "Tax Effect Of Unusual Items": 0.0,
        "Tax Rate For Calcs": 0.005333,
        "Normalized EBITDA": -88701000.0,
        "Total Unusual Items": NaN,
        "Total Unusual Items Excluding Goodwill": NaN,
        "Net Income From Continuing Operation Net Minority Interest": -97540000.0,
        "Reconciled Depreciation": 8968000.0,
        "Reconciled Cost Of Revenue": 9199000.0,
        "EBITDA": -88701000.0,
        "EBIT": -97669000.0,
        "Net Interest Income": 2872000.0,
        "Interest Expense": 394000.0,
        "Interest Income": 3266000.0,
        "Normalized Income": -97540000.0,
        "Net Income From Continuing And Discontinued Operation": -97540000.0,
        "Total Expenses": 114947000.0,
        "Total Operating Income As Reported": -100543000.0,
        "Diluted Average Shares": 242196409.0,
        "Basic Average Shares": 242196409.0,
        "Diluted EPS": -0.4,
        "Basic EPS": -0.4,
        "Diluted NI Availto Com Stockholders": -97540000.0,
        "Net Income Common Stockholders": -97540000.0,
        "Net Income": -97540000.0,
        "Net Income Including Noncontrolling Interests": -97540000.0,
        "Net Income Continuous Operations": -97540000.0,
        "Tax Provision": -523000.0,
        "Pretax Income": -98063000.0,
        "Other Income Expense": -392000.0,
        "Other Non Operating Income Expenses": -392000.0,
        "Special Income Charges": NaN,
        "Net Non Operating Interest Income Expense": 2872000.0,
        "Interest Expense Non Operating": 394000.0,
        "Interest Income Non Operating": 3266000.0,
        "Operating Income": -100543000.0,
        "Operating Expense": 105748000.0,
        "Other Operating Expenses": -13000.0,
        "Research And Development": 73928000.0,
        "Selling General And Administration": 31833000.0,
        "General And Administrative Expense": 31833000.0,
        "Other Gand A": 31833000.0,
        "Gross Profit": 5205000.0,
        "Cost Of Revenue": 9199000.0,
        "Total Revenue": 14404000.0,
        "Operating Revenue": 14404000.0
    }
}