{
    "2023-03-31": {
        "Tax Effect Of Unusual Items": NaN,
        "Tax Rate For Calcs": NaN,
        "Normalized EBITDA": NaN,
        "Total Unusual Items": NaN,
        "Total Unusual Items Excluding Goodwill": NaN,
        "Net Income From Continuing Operation Net Minority Interest": NaN,
        "Reconciled Depreciation": NaN,
        "Reconciled Cost Of Revenue": NaN,
        "EBITDA": NaN,
        "EBIT": NaN,
        "Net Interest Income": NaN,
        "Interest Expense": NaN,
        "Interest Income": NaN,
        "Normalized Income": NaN,
        "Net Income From Continuing And Discontinued Operation": NaN,
        "Total Expenses": NaN,
        "Total Operating Income As Reported": NaN,
        "Diluted Average Shares": 31637097.0,
        "Basic Average Shares": 31637097.0,
        "Diluted EPS": -0.42,
        "Basic EPS": -0.42,
        "Diluted NI Availto Com Stockholders": NaN,
        "Net Income Common Stockholders": NaN,
        "Net Income": NaN,
        "Net Income Including Noncontrolling Interests": NaN,
        "Net Income Continuous Operations": NaN,
        "Tax Provision": NaN,
        "Pretax Income": NaN,
        "Other Income Expense": NaN,
        "Special Income Charges": NaN,
        "Other Special Charges": NaN,
        "Net Non Operating Interest Income Expense": NaN,
        "Interest Expense Non Operating": NaN,
        "Interest Income Non Operating": NaN,
        "Operating Income": NaN,
        "Operating Expense": NaN,
        "Research And Development": NaN,
        "Selling General And Administration": NaN,
        "Gross Profit": NaN,
        "Cost Of Revenue": NaN,
        "Total Revenue": NaN,
        "Operating Revenue": NaN
    },
    "2022-12-31": {
        "Tax Effect Of Unusual Items": NaN,
        "Tax Rate For Calcs": NaN,
        "Normalized EBITDA": NaN,
        "Total Unusual Items": NaN,
        "Total Unusual Items Excluding Goodwill": NaN,
        "Net Income From Continuing Operation Net Minority Interest": NaN,
        "Reconciled Depreciation": NaN,
        "Reconciled Cost Of Revenue": NaN,
        "EBITDA": NaN,
        "EBIT": NaN,
        "Net Interest Income": NaN,
        "Interest Expense": NaN,
        "Interest Income": NaN,
        "Normalized Income": NaN,
        "Net Income From Continuing And Discontinued Operation": NaN,
        "Total Expenses": NaN,
        "Total Operating Income As Reported": NaN,
        "Diluted Average Shares": 27990322.0,
        "Basic Average Shares": 27990322.0,
        "Diluted EPS": -0.56,
        "Basic EPS": -0.56,
        "Diluted NI Availto Com Stockholders": NaN,
        "Net Income Common Stockholders": NaN,
        "Net Income": NaN,
        "Net Income Including Noncontrolling Interests": NaN,
        "Net Income Continuous Operations": NaN,
        "Tax Provision": NaN,
        "Pretax Income": NaN,
        "Other Income Expense": NaN,
        "Special Income Charges": NaN,
        "Other Special Charges": NaN,
        "Net Non Operating Interest Income Expense": NaN,
        "Interest Expense Non Operating": NaN,
        "Interest Income Non Operating": NaN,
        "Operating Income": NaN,
        "Operating Expense": NaN,
        "Research And Development": NaN,
        "Selling General And Administration": NaN,
        "Gross Profit": NaN,
        "Cost Of Revenue": NaN,
        "Total Revenue": NaN,
        "Operating Revenue": NaN
    },
    "2022-09-30": {
        "Tax Effect Of Unusual Items": NaN,
        "Tax Rate For Calcs": NaN,
        "Normalized EBITDA": NaN,
        "Total Unusual Items": 0.0,
        "Total Unusual Items Excluding Goodwill": 0.0,
        "Net Income From Continuing Operation Net Minority Interest": NaN,
        "Reconciled Depreciation": NaN,
        "Reconciled Cost Of Revenue": NaN,
        "EBITDA": NaN,
        "EBIT": NaN,
        "Net Interest Income": NaN,
        "Interest Expense": NaN,
        "Interest Income": NaN,
        "Normalized Income": NaN,
        "Net Income From Continuing And Discontinued Operation": NaN,
        "Total Expenses": NaN,
        "Total Operating Income As Reported": NaN,
        "Diluted Average Shares": NaN,
        "Basic Average Shares": NaN,
        "Diluted EPS": NaN,
        "Basic EPS": NaN,
        "Diluted NI Availto Com Stockholders": NaN,
        "Net Income Common Stockholders": NaN,
        "Net Income": NaN,
        "Net Income Including Noncontrolling Interests": NaN,
        "Net Income Continuous Operations": NaN,
        "Tax Provision": NaN,
        "Pretax Income": NaN,
        "Other Income Expense": NaN,
        "Special Income Charges": 0.0,
        "Other Special Charges": NaN,
        "Net Non Operating Interest Income Expense": NaN,
        "Interest Expense Non Operating": NaN,
        "Interest Income Non Operating": NaN,
        "Operating Income": NaN,
        "Operating Expense": NaN,
        "Research And Development": NaN,
        "Selling General And Administration": NaN,
        "Gross Profit": NaN,
        "Cost Of Revenue": NaN,
        "Total Revenue": NaN,
        "Operating Revenue": NaN
    },
    "2022-06-30": {
        "Tax Effect Of Unusual Items": 0.0,
        "Tax Rate For Calcs": 0.0,
        "Normalized EBITDA": -14550000.0,
        "Total Unusual Items": NaN,
        "Total Unusual Items Excluding Goodwill": NaN,
        "Net Income From Continuing Operation Net Minority Interest": -16732000.0,
        "Reconciled Depreciation": 1046000.0,
        "Reconciled Cost Of Revenue": 6572000.0,
        "EBITDA": -14550000.0,
        "EBIT": -15596000.0,
        "Net Interest Income": -940000.0,
        "Interest Expense": 1136000.0,
        "Interest Income": 196000.0,
        "Normalized Income": -16732000.0,
        "Net Income From Continuing And Discontinued Operation": -16732000.0,
        "Total Expenses": 27152000.0,
        "Total Operating Income As Reported": -15792000.0,
        "Diluted Average Shares": 27559908.0,
        "Basic Average Shares": 27559908.0,
        "Diluted EPS": -0.61,
        "Basic EPS": -0.61,
        "Diluted NI Availto Com Stockholders": -16732000.0,
        "Net Income Common Stockholders": -16732000.0,
        "Net Income": -16732000.0,
        "Net Income Including Noncontrolling Interests": -16732000.0,
        "Net Income Continuous Operations": -16732000.0,
        "Tax Provision": 0.0,
        "Pretax Income": -16732000.0,
        "Other Income Expense": NaN,
        "Special Income Charges": NaN,
        "Other Special Charges": NaN,
        "Net Non Operating Interest Income Expense": -940000.0,
        "Interest Expense Non Operating": 1136000.0,
        "Interest Income Non Operating": 196000.0,
        "Operating Income": -15792000.0,
        "Operating Expense": 20580000.0,
        "Research And Development": 6192000.0,
        "Selling General And Administration": 14388000.0,
        "Gross Profit": 4788000.0,
        "Cost Of Revenue": 6572000.0,
        "Total Revenue": 11360000.0,
        "Operating Revenue": 11360000.0
    },
    "2022-03-31": {
        "Diluted EPS": -0.64,
        "Total Revenue": 9,
        "Gross Profit": 4,
        "Operating Income": -17,
        "EBIT": -15,
        "Net Income": -18
    },
    "2021-12-31": {
        "Diluted EPS": 2.34,
        "Total Revenue": 8,
        "Gross Profit": 3,
        "Operating Income": -15,
        "EBIT": -14,
        "Net Income": -16
    },
    "2021-09-30": {
        "Diluted EPS": -0.68,
        "Total Revenue": 6,
        "Gross Profit": 1,
        "Operating Income": -13,
        "EBIT": -12,
        "Net Income": -13
    },
    "2021-06-30": {
        "Diluted EPS": -3.53,
        "Total Revenue": 5,
        "Gross Profit": -1,
        "Operating Income": -14,
        "EBIT": -13,
        "Net Income": -13
    },
    "2021-03-31": {
        "Diluted EPS": -1.7,
        "Total Revenue": 3,
        "Gross Profit": 1,
        "Operating Income": -11,
        "EBIT": -10,
        "Net Income": -7
    },
    "2020-12-31": {
        "Diluted EPS": 0.0,
        "Total Revenue": NaN,
        "Gross Profit": NaN,
        "Operating Income": NaN,
        "EBIT": NaN,
        "Net Income": NaN
    },
    "2020-09-30": {
        "Diluted EPS": 0.0,
        "Total Revenue": 4,
        "Gross Profit": 1,
        "Operating Income": -9,
        "EBIT": -8,
        "Net Income": 6
    },
    "2020-06-30": {
        "Diluted EPS": 0.0,
        "Total Revenue": 3,
        "Gross Profit": 0,
        "Operating Income": -9,
        "EBIT": -9,
        "Net Income": -17
    },
    "2023-06-30": {
        "Tax Effect Of Unusual Items": NaN,
        "Tax Rate For Calcs": NaN,
        "Normalized EBITDA": NaN,
        "Total Unusual Items": -362000.0,
        "Total Unusual Items Excluding Goodwill": -362000.0,
        "Net Income From Continuing Operation Net Minority Interest": NaN,
        "Reconciled Depreciation": NaN,
        "Reconciled Cost Of Revenue": NaN,
        "EBITDA": NaN,
        "EBIT": NaN,
        "Net Interest Income": NaN,
        "Interest Expense": NaN,
        "Interest Income": NaN,
        "Normalized Income": NaN,
        "Net Income From Continuing And Discontinued Operation": NaN,
        "Total Expenses": NaN,
        "Total Operating Income As Reported": NaN,
        "Diluted Average Shares": 34498265.0,
        "Basic Average Shares": 34498265.0,
        "Diluted EPS": -0.4,
        "Basic EPS": -0.4,
        "Diluted NI Availto Com Stockholders": NaN,
        "Net Income Common Stockholders": NaN,
        "Net Income": NaN,
        "Net Income Including Noncontrolling Interests": NaN,
        "Net Income Continuous Operations": NaN,
        "Tax Provision": NaN,
        "Pretax Income": NaN,
        "Other Income Expense": -362000.0,
        "Special Income Charges": -362000.0,
        "Other Special Charges": 362000.0,
        "Net Non Operating Interest Income Expense": NaN,
        "Interest Expense Non Operating": NaN,
        "Interest Income Non Operating": NaN,
        "Operating Income": NaN,
        "Operating Expense": NaN,
        "Research And Development": NaN,
        "Selling General And Administration": NaN,
        "Gross Profit": NaN,
        "Cost Of Revenue": NaN,
        "Total Revenue": NaN,
        "Operating Revenue": NaN
    },
    "2023-09-30": {
        "Tax Effect Of Unusual Items": -295470.0,
        "Tax Rate For Calcs": 0.21,
        "Normalized EBITDA": -9636000.0,
        "Total Unusual Items": -1407000.0,
        "Total Unusual Items Excluding Goodwill": -1407000.0,
        "Net Income From Continuing Operation Net Minority Interest": -12415000.0,
        "Reconciled Depreciation": 1130000.0,
        "Reconciled Cost Of Revenue": 8468000.0,
        "EBITDA": -11043000.0,
        "EBIT": -12173000.0,
        "Net Interest Income": 1516000.0,
        "Interest Expense": 230000.0,
        "Interest Income": 1746000.0,
        "Normalized Income": -11303470.0,
        "Net Income From Continuing And Discontinued Operation": -12415000.0,
        "Total Expenses": 34711000.0,
        "Total Operating Income As Reported": -12512000.0,
        "Diluted Average Shares": 35662397.0,
        "Basic Average Shares": 35662397.0,
        "Diluted EPS": -0.35,
        "Basic EPS": -0.35,
        "Diluted NI Availto Com Stockholders": -12415000.0,
        "Net Income Common Stockholders": -12415000.0,
        "Net Income": -12415000.0,
        "Net Income Including Noncontrolling Interests": -12415000.0,
        "Net Income Continuous Operations": -12415000.0,
        "Tax Provision": 12000.0,
        "Pretax Income": -12403000.0,
        "Other Income Expense": -1407000.0,
        "Special Income Charges": -1407000.0,
        "Other Special Charges": 1407000.0,
        "Net Non Operating Interest Income Expense": 1516000.0,
        "Interest Expense Non Operating": 230000.0,
        "Interest Income Non Operating": 1746000.0,
        "Operating Income": -12512000.0,
        "Operating Expense": 26243000.0,
        "Research And Development": 7101000.0,
        "Selling General And Administration": 19142000.0,
        "Gross Profit": 13731000.0,
        "Cost Of Revenue": 8468000.0,
        "Total Revenue": 22199000.0,
        "Operating Revenue": 22199000.0
    },
    "2023-12-31": {
        "Tax Effect Of Unusual Items": 0.0,
        "Tax Rate For Calcs": 0.001958,
        "Normalized EBITDA": -8107000.0,
        "Total Unusual Items": 0.0,
        "Total Unusual Items Excluding Goodwill": 0.0,
        "Net Income From Continuing Operation Net Minority Interest": -9177000.0,
        "Reconciled Depreciation": 1084000.0,
        "Reconciled Cost Of Revenue": 10926000.0,
        "EBITDA": -8107000.0,
        "EBIT": -9191000.0,
        "Net Interest Income": 1657000.0,
        "Interest Expense": 4000.0,
        "Interest Income": 1661000.0,
        "Normalized Income": -9177000.0,
        "Net Income From Continuing And Discontinued Operation": -9177000.0,
        "Total Expenses": 39432000.0,
        "Total Operating Income As Reported": -10852000.0,
        "Diluted Average Shares": NaN,
        "Basic Average Shares": NaN,
        "Diluted EPS": NaN,
        "Basic EPS": NaN,
        "Diluted NI Availto Com Stockholders": -9177000.0,
        "Net Income Common Stockholders": -9177000.0,
        "Net Income": -9177000.0,
        "Net Income Including Noncontrolling Interests": -9177000.0,
        "Net Income Continuous Operations": -9177000.0,
        "Tax Provision": -18000.0,
        "Pretax Income": -9195000.0,
        "Other Income Expense": 0.0,
        "Special Income Charges": 0.0,
        "Other Special Charges": 0.0,
        "Net Non Operating Interest Income Expense": 1657000.0,
        "Interest Expense Non Operating": 4000.0,
        "Interest Income Non Operating": 1661000.0,
        "Operating Income": -10852000.0,
        "Operating Expense": 28506000.0,
        "Research And Development": 7341000.0,
        "Selling General And Administration": 21165000.0,
        "Gross Profit": 17654000.0,
        "Cost Of Revenue": 10926000.0,
        "Total Revenue": 28580000.0,
        "Operating Revenue": 28580000.0
    },
    "2024-03-31": {
        "Tax Effect Of Unusual Items": 0.0,
        "Tax Rate For Calcs": 0.21,
        "Normalized EBITDA": -7945000.0,
        "Total Unusual Items": NaN,
        "Total Unusual Items Excluding Goodwill": NaN,
        "Net Income From Continuing Operation Net Minority Interest": -9100000.0,
        "Reconciled Depreciation": 1140000.0,
        "Reconciled Cost Of Revenue": 8827000.0,
        "EBITDA": -7945000.0,
        "EBIT": -9085000.0,
        "Net Interest Income": 1579000.0,
        "Interest Expense": 6000.0,
        "Interest Income": 1585000.0,
        "Normalized Income": -9100000.0,
        "Net Income From Continuing And Discontinued Operation": -9100000.0,
        "Total Expenses": 40182000.0,
        "Total Operating Income As Reported": -10670000.0,
        "Diluted Average Shares": 36843087.0,
        "Basic Average Shares": 36843087.0,
        "Diluted EPS": -0.25,
        "Basic EPS": -0.25,
        "Diluted NI Availto Com Stockholders": -9100000.0,
        "Net Income Common Stockholders": -9100000.0,
        "Net Income": -9100000.0,
        "Net Income Including Noncontrolling Interests": -9100000.0,
        "Net Income Continuous Operations": -9100000.0,
        "Tax Provision": 9000.0,
        "Pretax Income": -9091000.0,
        "Other Income Expense": NaN,
        "Special Income Charges": NaN,
        "Other Special Charges": NaN,
        "Net Non Operating Interest Income Expense": 1579000.0,
        "Interest Expense Non Operating": 6000.0,
        "Interest Income Non Operating": 1585000.0,
        "Operating Income": -10670000.0,
        "Operating Expense": 31355000.0,
        "Research And Development": 8031000.0,
        "Selling General And Administration": 23324000.0,
        "Gross Profit": 20685000.0,
        "Cost Of Revenue": 8827000.0,
        "Total Revenue": 29512000.0,
        "Operating Revenue": 29512000.0
    },
    "2024-06-30": {
        "Tax Effect Of Unusual Items": 0.0,
        "Tax Rate For Calcs": 0.21,
        "Normalized EBITDA": -5237000.0,
        "Total Unusual Items": 0.0,
        "Total Unusual Items Excluding Goodwill": 0.0,
        "Net Income From Continuing Operation Net Minority Interest": -6079000.0,
        "Reconciled Depreciation": 820000.0,
        "Reconciled Cost Of Revenue": 10637000.0,
        "EBITDA": -5237000.0,
        "EBIT": -6057000.0,
        "Net Interest Income": 2270000.0,
        "Interest Expense": 6000.0,
        "Interest Income": 2276000.0,
        "Normalized Income": -6079000.0,
        "Net Income From Continuing And Discontinued Operation": -6079000.0,
        "Total Expenses": 43220000.0,
        "Total Operating Income As Reported": -8333000.0,
        "Diluted Average Shares": 38455955.0,
        "Basic Average Shares": 38455955.0,
        "Diluted EPS": -0.16,
        "Basic EPS": -0.16,
        "Diluted NI Availto Com Stockholders": -6079000.0,
        "Net Income Common Stockholders": -6079000.0,
        "Net Income": -6079000.0,
        "Net Income Including Noncontrolling Interests": -6079000.0,
        "Net Income Continuous Operations": -6079000.0,
        "Tax Provision": 16000.0,
        "Pretax Income": -6063000.0,
        "Other Income Expense": NaN,
        "Special Income Charges": 0.0,
        "Other Special Charges": NaN,
        "Net Non Operating Interest Income Expense": 2270000.0,
        "Interest Expense Non Operating": 6000.0,
        "Interest Income Non Operating": 2276000.0,
        "Operating Income": -8333000.0,
        "Operating Expense": 32583000.0,
        "Research And Development": 8291000.0,
        "Selling General And Administration": 24292000.0,
        "Gross Profit": 24250000.0,
        "Cost Of Revenue": 10637000.0,
        "Total Revenue": 34887000.0,
        "Operating Revenue": 34887000.0
    },
    "2024-09-30": {
        "Tax Effect Of Unusual Items": 0.0,
        "Tax Rate For Calcs": 0.21,
        "Normalized EBITDA": -5179000.0,
        "Total Unusual Items": 0.0,
        "Total Unusual Items Excluding Goodwill": 0.0,
        "Net Income From Continuing Operation Net Minority Interest": -6338000.0,
        "Reconciled Depreciation": 1141000.0,
        "Reconciled Cost Of Revenue": 10094000.0,
        "EBITDA": -5179000.0,
        "EBIT": -6320000.0,
        "Net Interest Income": 2901000.0,
        "Interest Expense": 5000.0,
        "Interest Income": 2906000.0,
        "Normalized Income": -6338000.0,
        "Net Income From Continuing And Discontinued Operation": -6338000.0,
        "Total Expenses": 44540000.0,
        "Total Operating Income As Reported": -9226000.0,
        "Diluted Average Shares": 39788621.0,
        "Basic Average Shares": 39788621.0,
        "Diluted EPS": -0.16,
        "Basic EPS": -0.16,
        "Diluted NI Availto Com Stockholders": -6338000.0,
        "Net Income Common Stockholders": -6338000.0,
        "Net Income": -6338000.0,
        "Net Income Including Noncontrolling Interests": -6338000.0,
        "Net Income Continuous Operations": -6338000.0,
        "Tax Provision": 13000.0,
        "Pretax Income": -6325000.0,
        "Other Income Expense": NaN,
        "Special Income Charges": 0.0,
        "Other Special Charges": NaN,
        "Net Non Operating Interest Income Expense": 2901000.0,
        "Interest Expense Non Operating": 5000.0,
        "Interest Income Non Operating": 2906000.0,
        "Operating Income": -9226000.0,
        "Operating Expense": 34446000.0,
        "Research And Development": 8838000.0,
        "Selling General And Administration": 25608000.0,
        "Gross Profit": 25220000.0,
        "Cost Of Revenue": 10094000.0,
        "Total Revenue": 35314000.0,
        "Operating Revenue": 35314000.0
    }
}