{
    "2023-04-30": {
        "Tax Effect Of Unusual Items": NaN,
        "Tax Rate For Calcs": NaN,
        "Total Unusual Items": NaN,
        "Total Unusual Items Excluding Goodwill": NaN,
        "Net Income From Continuing Operation Net Minority Interest": NaN,
        "Reconciled Depreciation": NaN,
        "Net Interest Income": NaN,
        "Interest Expense": NaN,
        "Interest Income": NaN,
        "Normalized Income": NaN,
        "Net Income From Continuing And Discontinued Operation": NaN,
        "Diluted Average Shares": 1390149000.0,
        "Basic Average Shares": 1388388000.0,
        "Diluted EPS": 2.6,
        "Basic EPS": 2.6,
        "Diluted NI Availto Com Stockholders": NaN,
        "Net Income Common Stockholders": NaN,
        "Preferred Stock Dividends": NaN,
        "Net Income": NaN,
        "Minority Interests": NaN,
        "Net Income Including Noncontrolling Interests": NaN,
        "Net Income Continuous Operations": NaN,
        "Tax Provision": NaN,
        "Pretax Income": NaN,
        "Special Income Charges": NaN,
        "Gain On Sale Of Business": NaN,
        "Restructuring And Mergern Acquisition": NaN,
        "Gain On Sale Of Security": NaN,
        "Depreciation Amortization Depletion Income Statement": NaN,
        "Depreciation And Amortization In Income Statement": NaN,
        "Amortization": NaN,
        "Amortization Of Intangibles Income Statement": NaN,
        "Selling General And Administration": NaN,
        "General And Administrative Expense": NaN,
        "Insurance And Claims": 1006000000.0,
        "Salaries And Wages": NaN,
        "Total Revenue": NaN,
        "Operating Revenue": NaN,
        "Occupancy And Equipment": NaN,
        "Professional Expense And Contract Services Expense": NaN,
        "Other Non Interest Expense": NaN
    },
    "2023-01-31": {
        "Tax Effect Of Unusual Items": NaN,
        "Tax Rate For Calcs": NaN,
        "Total Unusual Items": NaN,
        "Total Unusual Items Excluding Goodwill": NaN,
        "Net Income From Continuing Operation Net Minority Interest": NaN,
        "Reconciled Depreciation": NaN,
        "Net Interest Income": NaN,
        "Interest Expense": NaN,
        "Interest Income": NaN,
        "Normalized Income": NaN,
        "Net Income From Continuing And Discontinued Operation": NaN,
        "Diluted Average Shares": NaN,
        "Basic Average Shares": NaN,
        "Diluted EPS": NaN,
        "Basic EPS": NaN,
        "Diluted NI Availto Com Stockholders": NaN,
        "Net Income Common Stockholders": NaN,
        "Preferred Stock Dividends": NaN,
        "Net Income": NaN,
        "Minority Interests": NaN,
        "Net Income Including Noncontrolling Interests": NaN,
        "Net Income Continuous Operations": NaN,
        "Tax Provision": NaN,
        "Pretax Income": NaN,
        "Special Income Charges": NaN,
        "Gain On Sale Of Business": NaN,
        "Restructuring And Mergern Acquisition": NaN,
        "Gain On Sale Of Security": NaN,
        "Depreciation Amortization Depletion Income Statement": NaN,
        "Depreciation And Amortization In Income Statement": NaN,
        "Amortization": NaN,
        "Amortization Of Intangibles Income Statement": NaN,
        "Selling General And Administration": NaN,
        "General And Administrative Expense": NaN,
        "Insurance And Claims": 1545000000.0,
        "Salaries And Wages": NaN,
        "Total Revenue": NaN,
        "Operating Revenue": NaN,
        "Occupancy And Equipment": NaN,
        "Professional Expense And Contract Services Expense": NaN,
        "Other Non Interest Expense": NaN
    },
    "2022-10-31": {
        "Tax Effect Of Unusual Items": NaN,
        "Tax Rate For Calcs": NaN,
        "Total Unusual Items": NaN,
        "Total Unusual Items Excluding Goodwill": NaN,
        "Net Income From Continuing Operation Net Minority Interest": NaN,
        "Reconciled Depreciation": NaN,
        "Net Interest Income": NaN,
        "Interest Expense": NaN,
        "Interest Income": NaN,
        "Normalized Income": NaN,
        "Net Income From Continuing And Discontinued Operation": NaN,
        "Diluted Average Shares": NaN,
        "Basic Average Shares": NaN,
        "Diluted EPS": NaN,
        "Basic EPS": NaN,
        "Diluted NI Availto Com Stockholders": NaN,
        "Net Income Common Stockholders": NaN,
        "Preferred Stock Dividends": NaN,
        "Net Income": NaN,
        "Minority Interests": NaN,
        "Net Income Including Noncontrolling Interests": NaN,
        "Net Income Continuous Operations": NaN,
        "Tax Provision": NaN,
        "Pretax Income": NaN,
        "Special Income Charges": NaN,
        "Gain On Sale Of Business": NaN,
        "Restructuring And Mergern Acquisition": NaN,
        "Gain On Sale Of Security": NaN,
        "Depreciation Amortization Depletion Income Statement": NaN,
        "Depreciation And Amortization In Income Statement": NaN,
        "Amortization": NaN,
        "Amortization Of Intangibles Income Statement": NaN,
        "Selling General And Administration": NaN,
        "General And Administrative Expense": NaN,
        "Insurance And Claims": 116000000.0,
        "Salaries And Wages": NaN,
        "Total Revenue": NaN,
        "Operating Revenue": NaN,
        "Occupancy And Equipment": NaN,
        "Professional Expense And Contract Services Expense": NaN,
        "Other Non Interest Expense": NaN
    },
    "2022-07-31": {
        "Tax Effect Of Unusual Items": 2365000.0,
        "Tax Rate For Calcs": 0.215,
        "Total Unusual Items": 11000000.0,
        "Total Unusual Items Excluding Goodwill": 11000000.0,
        "Net Income From Continuing Operation Net Minority Interest": 3575000000.0,
        "Reconciled Depreciation": 657000000.0,
        "Net Interest Income": 5890000000.0,
        "Interest Expense": 4847000000.0,
        "Interest Income": 10737000000.0,
        "Normalized Income": 3566365000.0,
        "Net Income From Continuing And Discontinued Operation": 3575000000.0,
        "Diluted Average Shares": 1398667000.0,
        "Basic Average Shares": 1396381000.0,
        "Diluted EPS": 2.51,
        "Basic EPS": 2.52,
        "Diluted NI Availto Com Stockholders": 3517000000.0,
        "Net Income Common Stockholders": 3517000000.0,
        "Preferred Stock Dividends": 58000000.0,
        "Net Income": 3575000000.0,
        "Minority Interests": -2000000.0,
        "Net Income Including Noncontrolling Interests": 3577000000.0,
        "Net Income Continuous Operations": 3577000000.0,
        "Tax Provision": 979000000.0,
        "Pretax Income": 4556000000.0,
        "Special Income Charges": 11000000.0,
        "Gain On Sale Of Business": 11000000.0,
        "Restructuring And Mergern Acquisition": NaN,
        "Gain On Sale Of Security": 28000000.0,
        "Depreciation Amortization Depletion Income Statement": 342000000.0,
        "Depreciation And Amortization In Income Statement": 342000000.0,
        "Amortization": 342000000.0,
        "Amortization Of Intangibles Income Statement": 342000000.0,
        "Selling General And Administration": 4708000000.0,
        "General And Administrative Expense": 4708000000.0,
        "Insurance And Claims": 850000000.0,
        "Salaries And Wages": 3858000000.0,
        "Total Revenue": 12088000000.0,
        "Operating Revenue": 12088000000.0
    },
    "2023-07-31": {
        "Tax Effect Of Unusual Items": -2880000.0,
        "Tax Rate For Calcs": 0.16,
        "Total Unusual Items": -18000000.0,
        "Total Unusual Items Excluding Goodwill": -18000000.0,
        "Net Income From Continuing Operation Net Minority Interest": 3858000000.0,
        "Reconciled Depreciation": 707000000.0,
        "Net Interest Income": 6286000000.0,
        "Interest Expense": 16548000000.0,
        "Interest Income": 22834000000.0,
        "Normalized Income": 3873120000.0,
        "Net Income From Continuing And Discontinued Operation": 3858000000.0,
        "Diluted Average Shares": 1394939000.0,
        "Basic Average Shares": 1393515000.0,
        "Diluted EPS": 2.73,
        "Basic EPS": 2.73,
        "Diluted NI Availto Com Stockholders": 3800000000.0,
        "Net Income Common Stockholders": 3800000000.0,
        "Preferred Stock Dividends": 58000000.0,
        "Net Income": 3858000000.0,
        "Minority Interests": -2000000.0,
        "Net Income Including Noncontrolling Interests": 3860000000.0,
        "Net Income Continuous Operations": 3860000000.0,
        "Tax Provision": 736000000.0,
        "Pretax Income": 4596000000.0,
        "Special Income Charges": -18000000.0,
        "Gain On Sale Of Business": 92000000.0,
        "Restructuring And Mergern Acquisition": 110000000.0,
        "Gain On Sale Of Security": 27000000.0,
        "Depreciation Amortization Depletion Income Statement": 369000000.0,
        "Depreciation And Amortization In Income Statement": 369000000.0,
        "Amortization": 369000000.0,
        "Amortization Of Intangibles Income Statement": 369000000.0,
        "Selling General And Administration": 4764000000.0,
        "General And Administrative Expense": 4764000000.0,
        "Insurance And Claims": 1379000000.0,
        "Salaries And Wages": 4764000000.0,
        "Total Revenue": 12922000000.0,
        "Operating Revenue": 12922000000.0,
        "Occupancy And Equipment": 1020000000.0,
        "Professional Expense And Contract Services Expense": 591000000.0,
        "Other Non Interest Expense": 911000000.0
    },
    "2023-10-31": {
        "Tax Effect Of Unusual Items": -123600000.0,
        "Tax Rate For Calcs": 0.4,
        "Total Unusual Items": -309000000.0,
        "Total Unusual Items Excluding Goodwill": -309000000.0,
        "Net Income From Continuing Operation Net Minority Interest": 4129000000.0,
        "Reconciled Depreciation": 763000000.0,
        "Net Interest Income": 6542000000.0,
        "Interest Expense": 17960000000.0,
        "Interest Income": 24502000000.0,
        "Normalized Income": 4314400000.0,
        "Net Income From Continuing And Discontinued Operation": 4129000000.0,
        "Diluted Average Shares": NaN,
        "Basic Average Shares": NaN,
        "Diluted EPS": NaN,
        "Basic EPS": NaN,
        "Diluted NI Availto Com Stockholders": 4062000000.0,
        "Net Income Common Stockholders": 4062000000.0,
        "Preferred Stock Dividends": 67000000.0,
        "Net Income": 4129000000.0,
        "Minority Interests": -2000000.0,
        "Net Income Including Noncontrolling Interests": 4131000000.0,
        "Net Income Continuous Operations": 4131000000.0,
        "Tax Provision": -60000000.0,
        "Pretax Income": 4071000000.0,
        "Special Income Charges": -309000000.0,
        "Gain On Sale Of Business": 0.0,
        "Restructuring And Mergern Acquisition": 203000000.0,
        "Gain On Sale Of Security": 2000000.0,
        "Depreciation Amortization Depletion Income Statement": 369000000.0,
        "Depreciation And Amortization In Income Statement": 369000000.0,
        "Amortization": 369000000.0,
        "Amortization Of Intangibles Income Statement": 369000000.0,
        "Selling General And Administration": 4793000000.0,
        "General And Administrative Expense": 4793000000.0,
        "Insurance And Claims": 92000000.0,
        "Salaries And Wages": 4701000000.0,
        "Total Revenue": 13249000000.0,
        "Operating Revenue": 13249000000.0,
        "Occupancy And Equipment": 1016000000.0,
        "Professional Expense And Contract Services Expense": 706000000.0,
        "Other Non Interest Expense": 1042000000.0
    },
    "2024-01-31": {
        "Tax Effect Of Unusual Items": -96272000.0,
        "Tax Rate For Calcs": 0.176,
        "Total Unusual Items": -547000000.0,
        "Total Unusual Items Excluding Goodwill": -547000000.0,
        "Net Income From Continuing Operation Net Minority Interest": 3580000000.0,
        "Reconciled Depreciation": 674000000.0,
        "Net Interest Income": 6332000000.0,
        "Interest Expense": 19277000000.0,
        "Interest Income": 25609000000.0,
        "Normalized Income": 4030728000.0,
        "Net Income From Continuing And Discontinued Operation": 3580000000.0,
        "Diluted Average Shares": 1407641000.0,
        "Basic Average Shares": 1406324000.0,
        "Diluted EPS": 2.5,
        "Basic EPS": 2.5,
        "Diluted NI Availto Com Stockholders": 3522000000.0,
        "Net Income Common Stockholders": 3522000000.0,
        "Preferred Stock Dividends": 58000000.0,
        "Net Income": 3580000000.0,
        "Minority Interests": -2000000.0,
        "Net Income Including Noncontrolling Interests": 3582000000.0,
        "Net Income Continuous Operations": 3582000000.0,
        "Tax Provision": 766000000.0,
        "Pretax Income": 4348000000.0,
        "Special Income Charges": -547000000.0,
        "Gain On Sale Of Business": 4000000.0,
        "Restructuring And Mergern Acquisition": 551000000.0,
        "Gain On Sale Of Security": 70000000.0,
        "Depreciation Amortization Depletion Income Statement": 352000000.0,
        "Depreciation And Amortization In Income Statement": 352000000.0,
        "Amortization": 352000000.0,
        "Amortization Of Intangibles Income Statement": 352000000.0,
        "Selling General And Administration": 5163000000.0,
        "General And Administrative Expense": 5163000000.0,
        "Insurance And Claims": NaN,
        "Salaries And Wages": 5163000000.0,
        "Total Revenue": 13755000000.0,
        "Operating Revenue": 13755000000.0,
        "Occupancy And Equipment": 1026000000.0,
        "Professional Expense And Contract Services Expense": 624000000.0,
        "Other Non Interest Expense": 894000000.0
    },
    "2024-04-30": {
        "Tax Effect Of Unusual Items": -39996000.0,
        "Tax Rate For Calcs": 0.198,
        "Total Unusual Items": -202000000.0,
        "Total Unusual Items Excluding Goodwill": -202000000.0,
        "Net Income From Continuing Operation Net Minority Interest": 3948000000.0,
        "Reconciled Depreciation": 723000000.0,
        "Net Interest Income": 6623000000.0,
        "Interest Expense": 19131000000.0,
        "Interest Income": 25754000000.0,
        "Normalized Income": 4110004000.0,
        "Net Income From Continuing And Discontinued Operation": 3948000000.0,
        "Diluted Average Shares": 1414166000.0,
        "Basic Average Shares": 1412651000.0,
        "Diluted EPS": 2.74,
        "Basic EPS": 2.75,
        "Diluted NI Availto Com Stockholders": 3881000000.0,
        "Net Income Common Stockholders": 3881000000.0,
        "Preferred Stock Dividends": 67000000.0,
        "Net Income": 3948000000.0,
        "Minority Interests": -2000000.0,
        "Net Income Including Noncontrolling Interests": 3950000000.0,
        "Net Income Continuous Operations": 3950000000.0,
        "Tax Provision": 976000000.0,
        "Pretax Income": 4926000000.0,
        "Special Income Charges": -202000000.0,
        "Gain On Sale Of Business": 1000000.0,
        "Restructuring And Mergern Acquisition": 203000000.0,
        "Gain On Sale Of Security": 59000000.0,
        "Depreciation Amortization Depletion Income Statement": 373000000.0,
        "Depreciation And Amortization In Income Statement": 373000000.0,
        "Amortization": 373000000.0,
        "Amortization Of Intangibles Income Statement": 373000000.0,
        "Selling General And Administration": 5091000000.0,
        "General And Administrative Expense": 5091000000.0,
        "Insurance And Claims": NaN,
        "Salaries And Wages": 5091000000.0,
        "Total Revenue": 13980000000.0,
        "Operating Revenue": 13980000000.0,
        "Occupancy And Equipment": 1056000000.0,
        "Professional Expense And Contract Services Expense": 697000000.0,
        "Other Non Interest Expense": 733000000.0
    },
    "2024-07-31": {
        "Tax Effect Of Unusual Items": -32010000.0,
        "Tax Rate For Calcs": 0.165,
        "Total Unusual Items": -194000000.0,
        "Total Unusual Items Excluding Goodwill": -194000000.0,
        "Net Income From Continuing Operation Net Minority Interest": 4483000000.0,
        "Reconciled Depreciation": 763000000.0,
        "Net Interest Income": 7327000000.0,
        "Interest Expense": 19763000000.0,
        "Interest Income": 27090000000.0,
        "Normalized Income": 4644990000.0,
        "Net Income From Continuing And Discontinued Operation": 4483000000.0,
        "Diluted Average Shares": 1416149000.0,
        "Basic Average Shares": 1414194000.0,
        "Diluted EPS": 3.09,
        "Basic EPS": 3.09,
        "Diluted NI Availto Com Stockholders": 4377000000.0,
        "Net Income Common Stockholders": 4377000000.0,
        "Preferred Stock Dividends": 106000000.0,
        "Net Income": 4483000000.0,
        "Minority Interests": -3000000.0,
        "Net Income Including Noncontrolling Interests": 4486000000.0,
        "Net Income Continuous Operations": 4486000000.0,
        "Tax Provision": 887000000.0,
        "Pretax Income": 5373000000.0,
        "Special Income Charges": -194000000.0,
        "Gain On Sale Of Business": -34000000.0,
        "Restructuring And Mergern Acquisition": 160000000.0,
        "Gain On Sale Of Security": 28000000.0,
        "Depreciation Amortization Depletion Income Statement": 426000000.0,
        "Depreciation And Amortization In Income Statement": 426000000.0,
        "Amortization": 426000000.0,
        "Amortization Of Intangibles Income Statement": 426000000.0,
        "Selling General And Administration": 5406000000.0,
        "General And Administrative Expense": 5406000000.0,
        "Insurance And Claims": NaN,
        "Salaries And Wages": 5406000000.0,
        "Total Revenue": 14688000000.0,
        "Operating Revenue": 14688000000.0,
        "Occupancy And Equipment": 1072000000.0,
        "Professional Expense And Contract Services Expense": 547000000.0,
        "Other Non Interest Expense": 954000000.0
    }
}