{
    "2023-03-31": {
        "Tax Effect Of Unusual Items": NaN,
        "Tax Rate For Calcs": NaN,
        "Normalized EBITDA": NaN,
        "Total Unusual Items": NaN,
        "Total Unusual Items Excluding Goodwill": NaN,
        "Net Income From Continuing Operation Net Minority Interest": NaN,
        "Reconciled Depreciation": NaN,
        "Reconciled Cost Of Revenue": NaN,
        "EBITDA": NaN,
        "EBIT": NaN,
        "Net Interest Income": NaN,
        "Interest Expense": 34700000.0,
        "Interest Income": NaN,
        "Normalized Income": NaN,
        "Net Income From Continuing And Discontinued Operation": NaN,
        "Total Expenses": NaN,
        "Total Operating Income As Reported": NaN,
        "Diluted Average Shares": NaN,
        "Basic Average Shares": NaN,
        "Diluted EPS": NaN,
        "Basic EPS": NaN,
        "Diluted NI Availto Com Stockholders": NaN,
        "Net Income Common Stockholders": NaN,
        "Net Income": NaN,
        "Net Income Including Noncontrolling Interests": NaN,
        "Net Income Continuous Operations": NaN,
        "Tax Provision": NaN,
        "Pretax Income": NaN,
        "Other Income Expense": NaN,
        "Gain On Sale Of Security": NaN,
        "Net Non Operating Interest Income Expense": NaN,
        "Interest Expense Non Operating": 34700000.0,
        "Interest Income Non Operating": NaN,
        "Operating Income": NaN,
        "Operating Expense": NaN,
        "Selling General And Administration": NaN,
        "Selling And Marketing Expense": NaN,
        "Gross Profit": NaN,
        "Cost Of Revenue": NaN,
        "Total Revenue": NaN,
        "Operating Revenue": NaN
    },
    "2022-12-31": {
        "Tax Effect Of Unusual Items": NaN,
        "Tax Rate For Calcs": NaN,
        "Normalized EBITDA": NaN,
        "Total Unusual Items": NaN,
        "Total Unusual Items Excluding Goodwill": NaN,
        "Net Income From Continuing Operation Net Minority Interest": NaN,
        "Reconciled Depreciation": NaN,
        "Reconciled Cost Of Revenue": NaN,
        "EBITDA": NaN,
        "EBIT": NaN,
        "Net Interest Income": NaN,
        "Interest Expense": 5900000.0,
        "Interest Income": NaN,
        "Normalized Income": NaN,
        "Net Income From Continuing And Discontinued Operation": NaN,
        "Total Expenses": NaN,
        "Total Operating Income As Reported": NaN,
        "Diluted Average Shares": 569850000.0,
        "Basic Average Shares": 569000000.0,
        "Diluted EPS": 0.3546,
        "Basic EPS": 0.3552,
        "Diluted NI Availto Com Stockholders": NaN,
        "Net Income Common Stockholders": NaN,
        "Net Income": NaN,
        "Net Income Including Noncontrolling Interests": NaN,
        "Net Income Continuous Operations": NaN,
        "Tax Provision": NaN,
        "Pretax Income": NaN,
        "Other Income Expense": NaN,
        "Gain On Sale Of Security": NaN,
        "Net Non Operating Interest Income Expense": NaN,
        "Interest Expense Non Operating": 5900000.0,
        "Interest Income Non Operating": NaN,
        "Operating Income": NaN,
        "Operating Expense": NaN,
        "Selling General And Administration": NaN,
        "Selling And Marketing Expense": NaN,
        "Gross Profit": NaN,
        "Cost Of Revenue": NaN,
        "Total Revenue": NaN,
        "Operating Revenue": NaN
    },
    "2022-09-30": {
        "Tax Effect Of Unusual Items": -4715913.749283,
        "Tax Rate For Calcs": 0.117898,
        "Normalized EBITDA": 1502500000.0,
        "Total Unusual Items": -40000000.0,
        "Total Unusual Items Excluding Goodwill": -40000000.0,
        "Net Income From Continuing Operation Net Minority Interest": 1075900000.0,
        "Reconciled Depreciation": 226700000.0,
        "Reconciled Cost Of Revenue": 2545100000.0,
        "EBITDA": 1462500000.0,
        "EBIT": 1235800000.0,
        "Net Interest Income": -16100000.0,
        "Interest Expense": 16100000.0,
        "Interest Income": NaN,
        "Normalized Income": 1111184086.250717,
        "Net Income From Continuing And Discontinued Operation": 1075900000.0,
        "Total Expenses": 2738800000.0,
        "Total Operating Income As Reported": 1275800000.0,
        "Diluted Average Shares": 227560000.0,
        "Basic Average Shares": 227140000.0,
        "Diluted EPS": 4.728,
        "Basic EPS": 4.737,
        "Diluted NI Availto Com Stockholders": 1075900000.0,
        "Net Income Common Stockholders": 1075900000.0,
        "Net Income": 1075900000.0,
        "Net Income Including Noncontrolling Interests": 1075900000.0,
        "Net Income Continuous Operations": 1075900000.0,
        "Tax Provision": 143800000.0,
        "Pretax Income": 1219700000.0,
        "Other Income Expense": -40000000.0,
        "Gain On Sale Of Security": -40000000.0,
        "Net Non Operating Interest Income Expense": -16100000.0,
        "Interest Expense Non Operating": 16100000.0,
        "Interest Income Non Operating": NaN,
        "Operating Income": 1275800000.0,
        "Operating Expense": 193700000.0,
        "Selling General And Administration": 193700000.0,
        "Selling And Marketing Expense": 193700000.0,
        "Gross Profit": 1469500000.0,
        "Cost Of Revenue": 2545100000.0,
        "Total Revenue": 4014600000.0,
        "Operating Revenue": 4014600000.0
    },
    "2022-06-30": {
        "Tax Effect Of Unusual Items": -1259852.216749,
        "Tax Rate For Calcs": 0.076355,
        "Normalized EBITDA": 466000000.0,
        "Total Unusual Items": -16500000.0,
        "Total Unusual Items Excluding Goodwill": -16500000.0,
        "Net Income From Continuing Operation Net Minority Interest": 187500000.0,
        "Reconciled Depreciation": 226400000.0,
        "Reconciled Cost Of Revenue": 2188200000.0,
        "EBITDA": 449500000.0,
        "EBIT": 223100000.0,
        "Net Interest Income": -20100000.0,
        "Interest Expense": 20100000.0,
        "Normalized Income": 202740147.783251,
        "Net Income From Continuing And Discontinued Operation": 187500000.0,
        "Total Expenses": 2361900000.0,
        "Total Operating Income As Reported": 239600000.0,
        "Diluted Average Shares": 227860000.0,
        "Basic Average Shares": 226920000.0,
        "Diluted EPS": 0.823,
        "Basic EPS": 0.8265,
        "Diluted NI Availto Com Stockholders": 187500000.0,
        "Net Income Common Stockholders": 187500000.0,
        "Net Income": 187500000.0,
        "Net Income Including Noncontrolling Interests": 187500000.0,
        "Net Income Continuous Operations": 187500000.0,
        "Tax Provision": 15500000.0,
        "Pretax Income": 203000000.0,
        "Other Income Expense": -16500000.0,
        "Gain On Sale Of Security": -16500000.0,
        "Net Non Operating Interest Income Expense": -20100000.0,
        "Interest Expense Non Operating": 20100000.0,
        "Operating Income": 239600000.0,
        "Operating Expense": 173700000.0,
        "Selling General And Administration": 173700000.0,
        "Selling And Marketing Expense": 173700000.0,
        "Gross Profit": 413300000.0,
        "Cost Of Revenue": 2188200000.0,
        "Total Revenue": 2601500000.0,
        "Operating Revenue": 2601500000.0
    },
    "2022-03-31": {
        "Diluted EPS": -0.47,
        "Total Revenue": NaN,
        "Gross Profit": 642,
        "Operating Income": -194,
        "EBIT": 36,
        "Net Income": -107
    },
    "2021-12-31": {
        "Diluted EPS": -0.48,
        "Total Revenue": NaN,
        "Gross Profit": 712,
        "Operating Income": -133,
        "EBIT": 76,
        "Net Income": -110
    },
    "2021-09-30": {
        "Diluted EPS": 1.17,
        "Total Revenue": NaN,
        "Gross Profit": NaN,
        "Operating Income": 300,
        "EBIT": 534,
        "Net Income": 265
    },
    "2021-06-30": {
        "Diluted EPS": -1.46,
        "Total Revenue": 446,
        "Gross Profit": 153,
        "Operating Income": -367,
        "EBIT": -205,
        "Net Income": -328
    },
    "2021-03-31": {
        "Diluted EPS": -1.51,
        "Total Revenue": 137,
        "Gross Profit": 48,
        "Operating Income": -390,
        "EBIT": -247,
        "Net Income": -336
    },
    "2020-12-31": {
        "Diluted EPS": -1.7,
        "Total Revenue": 407,
        "Gross Profit": 125,
        "Operating Income": -396,
        "EBIT": -219,
        "Net Income": -383
    },
    "2020-09-30": {
        "Diluted EPS": -1.2,
        "Total Revenue": NaN,
        "Gross Profit": 661,
        "Operating Income": 13,
        "EBIT": 212,
        "Net Income": -264
    },
    "2020-06-30": {
        "Diluted EPS": -0.93,
        "Total Revenue": 138,
        "Gross Profit": 108,
        "Operating Income": -207,
        "EBIT": -59,
        "Net Income": -204
    },
    "2020-03-31": {
        "Diluted EPS": -2.92,
        "Total Revenue": NaN,
        "Gross Profit": 547,
        "Operating Income": -283,
        "EBIT": -84,
        "Net Income": -661
    },
    "2019-12-31": {
        "Diluted EPS": 0.43,
        "Total Revenue": NaN,
        "Gross Profit": NaN,
        "Operating Income": 101,
        "EBIT": 310,
        "Net Income": 97
    },
    "2019-09-30": {
        "Diluted EPS": 4.51,
        "Total Revenue": NaN,
        "Gross Profit": NaN,
        "Operating Income": NaN,
        "EBIT": NaN,
        "Net Income": NaN
    },
    "2019-06-30": {
        "Diluted EPS": 1.2,
        "Total Revenue": NaN,
        "Gross Profit": NaN,
        "Operating Income": 309,
        "EBIT": 526,
        "Net Income": 273
    },
    "2019-03-31": {
        "Diluted EPS": -1.04,
        "Total Revenue": NaN,
        "Gross Profit": 481,
        "Operating Income": -273,
        "EBIT": -77,
        "Net Income": -247
    },
    "2018-12-31": {
        "Diluted EPS": -0.33,
        "Total Revenue": NaN,
        "Gross Profit": 877,
        "Operating Income": -78,
        "EBIT": 97,
        "Net Income": -75
    },
    "2018-09-30": {
        "Diluted EPS": 4.24,
        "Total Revenue": NaN,
        "Gross Profit": NaN,
        "Operating Income": NaN,
        "EBIT": NaN,
        "Net Income": 978
    },
    "2018-06-30": {
        "Diluted EPS": 1.57,
        "Total Revenue": NaN,
        "Gross Profit": NaN,
        "Operating Income": 442,
        "EBIT": 629,
        "Net Income": 369
    },
    "2018-03-31": {
        "Diluted EPS": 0.39,
        "Total Revenue": NaN,
        "Gross Profit": 901,
        "Operating Income": 103,
        "EBIT": 265,
        "Net Income": 84
    },
    "2017-12-31": {
        "Diluted EPS": 0.52,
        "Total Revenue": NaN,
        "Gross Profit": 882,
        "Operating Income": 148,
        "EBIT": 314,
        "Net Income": 124
    },
    "2017-09-30": {
        "Diluted EPS": 4.36,
        "Total Revenue": NaN,
        "Gross Profit": NaN,
        "Operating Income": NaN,
        "EBIT": NaN,
        "Net Income": NaN
    },
    "2017-06-30": {
        "Diluted EPS": 1.78,
        "Total Revenue": NaN,
        "Gross Profit": NaN,
        "Operating Income": 506,
        "EBIT": 659,
        "Net Income": 437
    },
    "2017-03-31": {
        "Diluted EPS": 0.96,
        "Total Revenue": NaN,
        "Gross Profit": 979,
        "Operating Income": 275,
        "EBIT": 417,
        "Net Income": 236
    },
    "2016-12-31": {
        "Diluted EPS": 0.41,
        "Total Revenue": NaN,
        "Gross Profit": 741,
        "Operating Income": 128,
        "EBIT": 306,
        "Net Income": 102
    },
    "2016-09-30": {
        "Diluted EPS": 3.24,
        "Total Revenue": NaN,
        "Gross Profit": NaN,
        "Operating Income": 933,
        "EBIT": NaN,
        "Net Income": 817
    },
    "2016-06-30": {
        "Diluted EPS": 1.13,
        "Total Revenue": NaN,
        "Gross Profit": NaN,
        "Operating Income": 347,
        "EBIT": 458,
        "Net Income": 289
    },
    "2016-03-31": {
        "Diluted EPS": 3.96,
        "Total Revenue": NaN,
        "Gross Profit": NaN,
        "Operating Income": 892,
        "EBIT": NaN,
        "Net Income": NaN
    },
    "2015-12-31": {
        "Diluted EPS": 0.42,
        "Total Revenue": NaN,
        "Gross Profit": 704,
        "Operating Income": 138,
        "EBIT": 249,
        "Net Income": 112
    },
    "2015-09-30": {
        "Diluted EPS": 0.99,
        "Total Revenue": NaN,
        "Gross Profit": 677,
        "Operating Income": 264,
        "EBIT": 386,
        "Net Income": 273
    },
    "2015-06-30": {
        "Diluted EPS": 1.02,
        "Total Revenue": NaN,
        "Gross Profit": 727,
        "Operating Income": 319,
        "EBIT": 436,
        "Net Income": 271
    },
    "2015-03-31": {
        "Diluted EPS": 0.12,
        "Total Revenue": NaN,
        "Gross Profit": 832,
        "Operating Income": 478,
        "EBIT": 598,
        "Net Income": 35
    },
    "2014-12-31": {
        "Diluted EPS": 0.21,
        "Total Revenue": NaN,
        "Gross Profit": 535,
        "Operating Income": -43,
        "EBIT": 58,
        "Net Income": 55
    },
    "2014-09-30": {
        "Diluted EPS": 2.77,
        "Total Revenue": NaN,
        "Gross Profit": NaN,
        "Operating Income": 778,
        "EBIT": 905,
        "Net Income": 749
    },
    "2014-06-30": {
        "Diluted EPS": 0.97,
        "Total Revenue": NaN,
        "Gross Profit": NaN,
        "Operating Income": 275,
        "EBIT": 408,
        "Net Income": 265
    },
    "2014-03-31": {
        "Diluted EPS": -0.2,
        "Total Revenue": NaN,
        "Gross Profit": 437,
        "Operating Income": -67,
        "EBIT": 40,
        "Net Income": -60
    },
    "2013-12-31": {
        "Diluted EPS": -0.17,
        "Total Revenue": NaN,
        "Gross Profit": 501,
        "Operating Income": -42,
        "EBIT": 81,
        "Net Income": -48
    },
    "2013-09-30": {
        "Diluted EPS": 2.53,
        "Total Revenue": NaN,
        "Gross Profit": NaN,
        "Operating Income": 859,
        "EBIT": 982,
        "Net Income": 706
    },
    "2013-06-30": {
        "Diluted EPS": 0.36,
        "Total Revenue": NaN,
        "Gross Profit": 791,
        "Operating Income": 135,
        "EBIT": 253,
        "Net Income": 102
    },
    "2013-03-31": {
        "Diluted EPS": -0.21,
        "Total Revenue": NaN,
        "Gross Profit": 452,
        "Operating Income": -83,
        "EBIT": 18,
        "Net Income": -57
    },
    "2012-12-31": {
        "Diluted EPS": 0.08,
        "Total Revenue": NaN,
        "Gross Profit": 588,
        "Operating Income": 92,
        "EBIT": 203,
        "Net Income": 24
    },
    "2012-09-30": {
        "Diluted EPS": 2.21,
        "Total Revenue": NaN,
        "Gross Profit": NaN,
        "Operating Income": 727,
        "EBIT": 830,
        "Net Income": 622
    },
    "2012-06-30": {
        "Diluted EPS": 0.45,
        "Total Revenue": NaN,
        "Gross Profit": 767,
        "Operating Income": 170,
        "EBIT": 279,
        "Net Income": 127
    },
    "2012-03-31": {
        "Diluted EPS": 0.01,
        "Total Revenue": NaN,
        "Gross Profit": 465,
        "Operating Income": -7,
        "EBIT": 107,
        "Net Income": 3
    },
    "2011-12-31": {
        "Diluted EPS": 0.07,
        "Total Revenue": NaN,
        "Gross Profit": 495,
        "Operating Income": 7,
        "EBIT": 100,
        "Net Income": 20
    },
    "2011-09-30": {
        "Diluted EPS": 1.93,
        "Total Revenue": NaN,
        "Gross Profit": NaN,
        "Operating Income": 620,
        "EBIT": 729,
        "Net Income": 557
    },
    "2011-06-30": {
        "Diluted EPS": 0.69,
        "Total Revenue": NaN,
        "Gross Profit": 861,
        "Operating Income": 245,
        "EBIT": 357,
        "Net Income": 200
    },
    "2011-03-31": {
        "Diluted EPS": -0.17,
        "Total Revenue": 928,
        "Gross Profit": 786,
        "Operating Income": -96,
        "EBIT": -7,
        "Net Income": -52
    },
    "2010-12-31": {
        "Diluted EPS": -0.05,
        "Total Revenue": NaN,
        "Gross Profit": 317,
        "Operating Income": 0,
        "EBIT": 103,
        "Net Income": -14
    },
    "2010-09-30": {
        "Diluted EPS": 1.49,
        "Total Revenue": NaN,
        "Gross Profit": 858,
        "Operating Income": 485,
        "EBIT": 581,
        "Net Income": 426
    },
    "2010-06-30": {
        "Diluted EPS": 0.41,
        "Total Revenue": NaN,
        "Gross Profit": 510,
        "Operating Income": 216,
        "EBIT": 295,
        "Net Income": 120
    },
    "2010-03-31": {
        "Diluted EPS": -0.25,
        "Total Revenue": 750,
        "Gross Profit": -76,
        "Operating Income": -168,
        "EBIT": -85,
        "Net Income": -70
    },
    "2009-12-31": {
        "Diluted EPS": -0.05,
        "Total Revenue": 904,
        "Gross Profit": 569,
        "Operating Income": 2,
        "EBIT": 93,
        "Net Income": -16
    },
    "2009-09-30": {
        "Diluted EPS": 1.23,
        "Total Revenue": NaN,
        "Gross Profit": NaN,
        "Operating Income": 426,
        "EBIT": 510,
        "Net Income": 358
    },
    "2009-06-30": {
        "Diluted EPS": 0.0,
        "Total Revenue": NaN,
        "Gross Profit": 737,
        "Operating Income": 211,
        "EBIT": 286,
        "Net Income": 168
    },
    "2009-03-31": {
        "Diluted EPS": 0.0,
        "Total Revenue": 620,
        "Gross Profit": 107,
        "Operating Income": -42,
        "EBIT": 71,
        "Net Income": -223
    },
    "2023-09-30": {
        "Tax Effect Of Unusual Items": -58970.776575,
        "Tax Rate For Calcs": 0.117942,
        "Normalized EBITDA": 1989000000.0,
        "Total Unusual Items": -500000.0,
        "Total Unusual Items Excluding Goodwill": -500000.0,
        "Net Income From Continuing Operation Net Minority Interest": 1515200000.0,
        "Reconciled Depreciation": 283900000.0,
        "Reconciled Cost Of Revenue": 2982100000.0,
        "EBITDA": 1988500000.0,
        "EBIT": 1704600000.0,
        "Net Interest Income": 13700000.0,
        "Interest Expense": NaN,
        "Interest Income": 13700000.0,
        "Normalized Income": 1515641029.223425,
        "Net Income From Continuing And Discontinued Operation": 1515200000.0,
        "Total Expenses": 3221300000.0,
        "Total Operating Income As Reported": 1704600000.0,
        "Diluted Average Shares": 228900000.0,
        "Basic Average Shares": 227780000.0,
        "Diluted EPS": 6.6195,
        "Basic EPS": 6.652,
        "Diluted NI Availto Com Stockholders": 1515200000.0,
        "Net Income Common Stockholders": 1515200000.0,
        "Net Income": 1515200000.0,
        "Net Income Including Noncontrolling Interests": 1515200000.0,
        "Net Income Continuous Operations": 1515200000.0,
        "Tax Provision": 202600000.0,
        "Pretax Income": 1717800000.0,
        "Other Income Expense": -500000.0,
        "Gain On Sale Of Security": -500000.0,
        "Net Non Operating Interest Income Expense": 13700000.0,
        "Interest Expense Non Operating": NaN,
        "Interest Income Non Operating": 13700000.0,
        "Operating Income": 1704600000.0,
        "Operating Expense": 239200000.0,
        "Selling General And Administration": 239200000.0,
        "Selling And Marketing Expense": 239200000.0,
        "Gross Profit": 1943800000.0,
        "Cost Of Revenue": 2982100000.0,
        "Total Revenue": 4925900000.0,
        "Operating Revenue": 4925900000.0
    },
    "2023-12-31": {
        "Tax Effect Of Unusual Items": 725000.0,
        "Tax Rate For Calcs": 0.125,
        "Normalized EBITDA": 238700000.0,
        "Total Unusual Items": 5800000.0,
        "Total Unusual Items Excluding Goodwill": 5800000.0,
        "Net Income From Continuing Operation Net Minority Interest": 14800000.0,
        "Reconciled Depreciation": 263400000.0,
        "Reconciled Cost Of Revenue": 2563000000.0,
        "EBITDA": 244500000.0,
        "EBIT": -18900000.0,
        "Net Interest Income": 15800000.0,
        "Interest Expense": NaN,
        "Interest Income": 15800000.0,
        "Normalized Income": 9725000.0,
        "Net Income From Continuing And Discontinued Operation": 14800000.0,
        "Total Expenses": 2717600000.0,
        "Total Operating Income As Reported": -18900000.0,
        "Diluted Average Shares": 572550000.0,
        "Basic Average Shares": 569650000.0,
        "Diluted EPS": 0.0258,
        "Basic EPS": 0.026,
        "Diluted NI Availto Com Stockholders": 14800000.0,
        "Net Income Common Stockholders": 14800000.0,
        "Net Income": 14800000.0,
        "Net Income Including Noncontrolling Interests": 14800000.0,
        "Net Income Continuous Operations": 14800000.0,
        "Tax Provision": -12100000.0,
        "Pretax Income": 2700000.0,
        "Other Income Expense": 5800000.0,
        "Gain On Sale Of Security": 5800000.0,
        "Net Non Operating Interest Income Expense": 15800000.0,
        "Interest Expense Non Operating": NaN,
        "Interest Income Non Operating": 15800000.0,
        "Operating Income": -18900000.0,
        "Operating Expense": 154600000.0,
        "Selling General And Administration": 154600000.0,
        "Selling And Marketing Expense": 154600000.0,
        "Gross Profit": 135700000.0,
        "Cost Of Revenue": 2563000000.0,
        "Total Revenue": 2698700000.0,
        "Operating Revenue": 2698700000.0
    },
    "2024-03-31": {
        "Tax Effect Of Unusual Items": -1929411.764706,
        "Tax Rate For Calcs": 0.172269,
        "Normalized EBITDA": 62600000.0,
        "Total Unusual Items": -11200000.0,
        "Total Unusual Items Excluding Goodwill": -11200000.0,
        "Net Income From Continuing Operation Net Minority Interest": -275800000.0,
        "Reconciled Depreciation": 237300000.0,
        "Reconciled Cost Of Revenue": 2179400000.0,
        "EBITDA": 51400000.0,
        "EBIT": -185900000.0,
        "Net Interest Income": 14200000.0,
        "Interest Expense": NaN,
        "Interest Income": 97200000.0,
        "Normalized Income": -266529411.764706,
        "Net Income From Continuing And Discontinued Operation": -275800000.0,
        "Total Expenses": 2506100000.0,
        "Total Operating Income As Reported": -336200000.0,
        "Diluted Average Shares": NaN,
        "Basic Average Shares": NaN,
        "Diluted EPS": NaN,
        "Basic EPS": NaN,
        "Diluted NI Availto Com Stockholders": -275800000.0,
        "Net Income Common Stockholders": -275800000.0,
        "Net Income": -275800000.0,
        "Net Income Including Noncontrolling Interests": -275800000.0,
        "Net Income Continuous Operations": -275800000.0,
        "Tax Provision": -57400000.0,
        "Pretax Income": -333200000.0,
        "Other Income Expense": -11200000.0,
        "Gain On Sale Of Security": -11200000.0,
        "Net Non Operating Interest Income Expense": 14200000.0,
        "Interest Expense Non Operating": NaN,
        "Interest Income Non Operating": 97200000.0,
        "Operating Income": -336200000.0,
        "Operating Expense": 326700000.0,
        "Selling General And Administration": 326700000.0,
        "Selling And Marketing Expense": 162100000.0,
        "Gross Profit": -9500000.0,
        "Cost Of Revenue": 2179400000.0,
        "Total Revenue": 2169900000.0,
        "Operating Revenue": 2169900000.0
    },
    "2024-06-30": {
        "Tax Effect Of Unusual Items": 712574.850299,
        "Tax Rate For Calcs": 0.101796,
        "Normalized EBITDA": 671900000.0,
        "Total Unusual Items": 7000000.0,
        "Total Unusual Items Excluding Goodwill": 7000000.0,
        "Net Income From Continuing Operation Net Minority Interest": 360000000.0,
        "Reconciled Depreciation": 313200000.0,
        "Reconciled Cost Of Revenue": 3041100000.0,
        "EBITDA": 678900000.0,
        "EBIT": 365700000.0,
        "Net Interest Income": 28100000.0,
        "Interest Expense": NaN,
        "Interest Income": 28100000.0,
        "Normalized Income": 353712574.850299,
        "Net Income From Continuing And Discontinued Operation": 360000000.0,
        "Total Expenses": 3260400000.0,
        "Total Operating Income As Reported": 365700000.0,
        "Diluted Average Shares": 572300000.0,
        "Basic Average Shares": 568950000.0,
        "Diluted EPS": 0.629,
        "Basic EPS": 0.6328,
        "Diluted NI Availto Com Stockholders": 360000000.0,
        "Net Income Common Stockholders": 360000000.0,
        "Net Income": 360000000.0,
        "Net Income Including Noncontrolling Interests": 360000000.0,
        "Net Income Continuous Operations": 360000000.0,
        "Tax Provision": 40800000.0,
        "Pretax Income": 400800000.0,
        "Other Income Expense": 7000000.0,
        "Gain On Sale Of Security": 7000000.0,
        "Net Non Operating Interest Income Expense": 28100000.0,
        "Interest Expense Non Operating": NaN,
        "Interest Income Non Operating": 28100000.0,
        "Operating Income": 365700000.0,
        "Operating Expense": 219300000.0,
        "Selling General And Administration": 219300000.0,
        "Selling And Marketing Expense": 219300000.0,
        "Gross Profit": 585000000.0,
        "Cost Of Revenue": 3041100000.0,
        "Total Revenue": 3626100000.0,
        "Operating Revenue": 3626100000.0
    },
    "2023-06-30": {
        "Tax Effect Of Unusual Items": NaN,
        "Tax Rate For Calcs": NaN,
        "Normalized EBITDA": NaN,
        "Total Unusual Items": NaN,
        "Total Unusual Items Excluding Goodwill": NaN,
        "Net Income From Continuing Operation Net Minority Interest": NaN,
        "Reconciled Depreciation": NaN,
        "Reconciled Cost Of Revenue": NaN,
        "EBITDA": NaN,
        "EBIT": NaN,
        "Net Interest Income": NaN,
        "Interest Expense": NaN,
        "Interest Income": NaN,
        "Normalized Income": NaN,
        "Net Income From Continuing And Discontinued Operation": NaN,
        "Total Expenses": NaN,
        "Total Operating Income As Reported": NaN,
        "Diluted Average Shares": 572050000.0,
        "Basic Average Shares": 569350000.0,
        "Diluted EPS": 1.1588,
        "Basic EPS": 1.1644,
        "Diluted NI Availto Com Stockholders": NaN,
        "Net Income Common Stockholders": NaN,
        "Net Income": NaN,
        "Net Income Including Noncontrolling Interests": NaN,
        "Net Income Continuous Operations": NaN,
        "Tax Provision": NaN,
        "Pretax Income": NaN,
        "Other Income Expense": NaN,
        "Gain On Sale Of Security": NaN,
        "Net Non Operating Interest Income Expense": NaN,
        "Interest Expense Non Operating": NaN,
        "Interest Income Non Operating": NaN,
        "Operating Income": NaN,
        "Operating Expense": NaN,
        "Selling General And Administration": NaN,
        "Selling And Marketing Expense": NaN,
        "Gross Profit": NaN,
        "Cost Of Revenue": NaN,
        "Total Revenue": NaN,
        "Operating Revenue": NaN
    },
    "2024-09-30": {
        "Tax Effect Of Unusual Items": -648544.505132,
        "Tax Rate For Calcs": 0.140988,
        "Normalized EBITDA": 1967600000.0,
        "Total Unusual Items": -4600000.0,
        "Total Unusual Items Excluding Goodwill": -4600000.0,
        "Net Income From Continuing Operation Net Minority Interest": 1431200000.0,
        "Reconciled Depreciation": 314200000.0,
        "Reconciled Cost Of Revenue": 3169700000.0,
        "EBITDA": 1963000000.0,
        "EBIT": 1648800000.0,
        "Net Interest Income": 21900000.0,
        "Interest Expense": NaN,
        "Interest Income": 21900000.0,
        "Normalized Income": 1435151455.494868,
        "Net Income From Continuing And Discontinued Operation": 1431200000.0,
        "Total Expenses": 3417100000.0,
        "Total Operating Income As Reported": 1648800000.0,
        "Diluted Average Shares": 222840000.0,
        "Basic Average Shares": 221880000.0,
        "Diluted EPS": 6.4225,
        "Basic EPS": 6.4505,
        "Diluted NI Availto Com Stockholders": 1431200000.0,
        "Net Income Common Stockholders": 1431200000.0,
        "Net Income": 1431200000.0,
        "Net Income Including Noncontrolling Interests": 1431200000.0,
        "Net Income Continuous Operations": 1431200000.0,
        "Tax Provision": 234900000.0,
        "Pretax Income": 1666100000.0,
        "Other Income Expense": -4600000.0,
        "Gain On Sale Of Security": -4600000.0,
        "Net Non Operating Interest Income Expense": 21900000.0,
        "Interest Expense Non Operating": NaN,
        "Interest Income Non Operating": 21900000.0,
        "Operating Income": 1648800000.0,
        "Operating Expense": 247400000.0,
        "Selling General And Administration": 247400000.0,
        "Selling And Marketing Expense": 247400000.0,
        "Gross Profit": 1896200000.0,
        "Cost Of Revenue": 3169700000.0,
        "Total Revenue": 5065900000.0,
        "Operating Revenue": 5065900000.0
    }
}