{
    "2023-04-30": {
        "Tax Effect Of Unusual Items": NaN,
        "Tax Rate For Calcs": NaN,
        "Normalized EBITDA": NaN,
        "Total Unusual Items": NaN,
        "Total Unusual Items Excluding Goodwill": NaN,
        "Net Income From Continuing Operation Net Minority Interest": NaN,
        "Reconciled Depreciation": NaN,
        "Reconciled Cost Of Revenue": NaN,
        "EBITDA": NaN,
        "EBIT": NaN,
        "Net Interest Income": NaN,
        "Interest Expense": NaN,
        "Interest Income": NaN,
        "Normalized Income": NaN,
        "Net Income From Continuing And Discontinued Operation": NaN,
        "Total Expenses": NaN,
        "Total Operating Income As Reported": NaN,
        "Diluted Average Shares": NaN,
        "Basic Average Shares": NaN,
        "Diluted EPS": NaN,
        "Basic EPS": NaN,
        "Diluted NI Availto Com Stockholders": NaN,
        "Net Income Common Stockholders": NaN,
        "Net Income": NaN,
        "Net Income Including Noncontrolling Interests": NaN,
        "Net Income Continuous Operations": NaN,
        "Tax Provision": NaN,
        "Pretax Income": NaN,
        "Other Income Expense": NaN,
        "Other Non Operating Income Expenses": NaN,
        "Special Income Charges": NaN,
        "Restructuring And Mergern Acquisition": NaN,
        "Net Non Operating Interest Income Expense": NaN,
        "Interest Expense Non Operating": NaN,
        "Interest Income Non Operating": NaN,
        "Operating Income": NaN,
        "Operating Expense": NaN,
        "Research And Development": NaN,
        "Selling General And Administration": NaN,
        "Selling And Marketing Expense": NaN,
        "General And Administrative Expense": NaN,
        "Other Gand A": NaN,
        "Salaries And Wages": 36586000.0,
        "Gross Profit": NaN,
        "Cost Of Revenue": NaN,
        "Total Revenue": NaN,
        "Operating Revenue": NaN
    },
    "2023-01-31": {
        "Tax Effect Of Unusual Items": 0.0,
        "Tax Rate For Calcs": 0.21,
        "Normalized EBITDA": -81148000.0,
        "Total Unusual Items": NaN,
        "Total Unusual Items Excluding Goodwill": NaN,
        "Net Income From Continuing Operation Net Minority Interest": -93680000.0,
        "Reconciled Depreciation": 9624000.0,
        "Reconciled Cost Of Revenue": 39771000.0,
        "EBITDA": -81148000.0,
        "EBIT": -90772000.0,
        "Net Interest Income": 9301000.0,
        "Interest Expense": 605000.0,
        "Interest Income": 9906000.0,
        "Normalized Income": -93680000.0,
        "Net Income From Continuing And Discontinued Operation": -93680000.0,
        "Total Expenses": 226126000.0,
        "Total Operating Income As Reported": -100030000.0,
        "Diluted Average Shares": 283545048.0,
        "Basic Average Shares": 283545048.0,
        "Diluted EPS": -0.33,
        "Basic EPS": -0.33,
        "Diluted NI Availto Com Stockholders": -93680000.0,
        "Net Income Common Stockholders": -93680000.0,
        "Net Income": -93680000.0,
        "Net Income Including Noncontrolling Interests": -93680000.0,
        "Net Income Continuous Operations": -93680000.0,
        "Tax Provision": 2303000.0,
        "Pretax Income": -91377000.0,
        "Other Income Expense": -648000.0,
        "Other Non Operating Income Expenses": -648000.0,
        "Special Income Charges": NaN,
        "Restructuring And Mergern Acquisition": NaN,
        "Net Non Operating Interest Income Expense": 9301000.0,
        "Interest Expense Non Operating": 605000.0,
        "Interest Income Non Operating": 9906000.0,
        "Operating Income": -100030000.0,
        "Operating Expense": 186355000.0,
        "Research And Development": 53904000.0,
        "Selling General And Administration": 132451000.0,
        "Selling And Marketing Expense": 87254000.0,
        "General And Administrative Expense": 45197000.0,
        "Other Gand A": 45197000.0,
        "Salaries And Wages": NaN,
        "Gross Profit": 86325000.0,
        "Cost Of Revenue": 39771000.0,
        "Total Revenue": 126096000.0,
        "Operating Revenue": 126096000.0
    },
    "2022-10-31": {
        "Tax Effect Of Unusual Items": NaN,
        "Tax Rate For Calcs": NaN,
        "Normalized EBITDA": NaN,
        "Total Unusual Items": 0.0,
        "Total Unusual Items Excluding Goodwill": 0.0,
        "Net Income From Continuing Operation Net Minority Interest": NaN,
        "Reconciled Depreciation": NaN,
        "Reconciled Cost Of Revenue": NaN,
        "EBITDA": NaN,
        "EBIT": NaN,
        "Net Interest Income": NaN,
        "Interest Expense": NaN,
        "Interest Income": NaN,
        "Normalized Income": NaN,
        "Net Income From Continuing And Discontinued Operation": NaN,
        "Total Expenses": NaN,
        "Total Operating Income As Reported": NaN,
        "Diluted Average Shares": NaN,
        "Basic Average Shares": NaN,
        "Diluted EPS": NaN,
        "Basic EPS": NaN,
        "Diluted NI Availto Com Stockholders": NaN,
        "Net Income Common Stockholders": NaN,
        "Net Income": NaN,
        "Net Income Including Noncontrolling Interests": NaN,
        "Net Income Continuous Operations": NaN,
        "Tax Provision": NaN,
        "Pretax Income": NaN,
        "Other Income Expense": NaN,
        "Other Non Operating Income Expenses": NaN,
        "Special Income Charges": 0.0,
        "Restructuring And Mergern Acquisition": 0.0,
        "Net Non Operating Interest Income Expense": NaN,
        "Interest Expense Non Operating": NaN,
        "Interest Income Non Operating": NaN,
        "Operating Income": NaN,
        "Operating Expense": NaN,
        "Research And Development": NaN,
        "Selling General And Administration": NaN,
        "Selling And Marketing Expense": NaN,
        "General And Administrative Expense": NaN,
        "Other Gand A": NaN,
        "Salaries And Wages": NaN,
        "Gross Profit": NaN,
        "Cost Of Revenue": NaN,
        "Total Revenue": NaN,
        "Operating Revenue": NaN
    },
    "2022-07-31": {
        "Tax Effect Of Unusual Items": 0.0,
        "Tax Rate For Calcs": 0.084,
        "Normalized EBITDA": -95851000.0,
        "Total Unusual Items": NaN,
        "Total Unusual Items Excluding Goodwill": NaN,
        "Net Income From Continuing Operation Net Minority Interest": -96306000.0,
        "Reconciled Depreciation": 8692000.0,
        "Reconciled Cost Of Revenue": 36261000.0,
        "EBITDA": -95851000.0,
        "EBIT": -104543000.0,
        "Net Interest Income": 2615000.0,
        "Interest Expense": 607000.0,
        "Interest Income": 3222000.0,
        "Normalized Income": -96306000.0,
        "Net Income From Continuing And Discontinued Operation": -96306000.0,
        "Total Expenses": 210697000.0,
        "Total Operating Income As Reported": -108192000.0,
        "Diluted Average Shares": 277417227.0,
        "Basic Average Shares": 277417227.0,
        "Diluted EPS": -0.35,
        "Basic EPS": -0.35,
        "Diluted NI Availto Com Stockholders": -96306000.0,
        "Net Income Common Stockholders": -96306000.0,
        "Net Income": -96306000.0,
        "Net Income Including Noncontrolling Interests": -96306000.0,
        "Net Income Continuous Operations": -96306000.0,
        "Tax Provision": -8844000.0,
        "Pretax Income": -105150000.0,
        "Other Income Expense": 427000.0,
        "Other Non Operating Income Expenses": 427000.0,
        "Special Income Charges": NaN,
        "Restructuring And Mergern Acquisition": NaN,
        "Net Non Operating Interest Income Expense": 2615000.0,
        "Interest Expense Non Operating": 607000.0,
        "Interest Income Non Operating": 3222000.0,
        "Operating Income": -108192000.0,
        "Operating Expense": 174436000.0,
        "Research And Development": 54989000.0,
        "Selling General And Administration": 119447000.0,
        "Selling And Marketing Expense": 79000000.0,
        "General And Administrative Expense": 40447000.0,
        "Other Gand A": 40447000.0,
        "Salaries And Wages": NaN,
        "Gross Profit": 66244000.0,
        "Cost Of Revenue": 36261000.0,
        "Total Revenue": 102505000.0,
        "Operating Revenue": 102505000.0
    },
    "2023-07-31": {
        "Tax Effect Of Unusual Items": -893550.0,
        "Tax Rate For Calcs": 0.21,
        "Normalized EBITDA": -73696000.0,
        "Total Unusual Items": -4255000.0,
        "Total Unusual Items Excluding Goodwill": -4255000.0,
        "Net Income From Continuing Operation Net Minority Interest": -89538000.0,
        "Reconciled Depreciation": 9508000.0,
        "Reconciled Cost Of Revenue": 44667000.0,
        "EBITDA": -77951000.0,
        "EBIT": -87459000.0,
        "Net Interest Income": 10884000.0,
        "Interest Expense": 605000.0,
        "Interest Income": 11489000.0,
        "Normalized Income": -86176550.0,
        "Net Income From Continuing And Discontinued Operation": -89538000.0,
        "Total Expenses": 245523000.0,
        "Total Operating Income As Reported": -100357000.0,
        "Diluted Average Shares": 293170401.0,
        "Basic Average Shares": 293170401.0,
        "Diluted EPS": -0.31,
        "Basic EPS": -0.31,
        "Diluted NI Availto Com Stockholders": -89538000.0,
        "Net Income Common Stockholders": -89538000.0,
        "Net Income": -89538000.0,
        "Net Income Including Noncontrolling Interests": -89538000.0,
        "Net Income Continuous Operations": -89538000.0,
        "Tax Provision": 1474000.0,
        "Pretax Income": -88064000.0,
        "Other Income Expense": -2846000.0,
        "Other Non Operating Income Expenses": 1409000.0,
        "Special Income Charges": -4255000.0,
        "Restructuring And Mergern Acquisition": 4255000.0,
        "Net Non Operating Interest Income Expense": 10884000.0,
        "Interest Expense Non Operating": 605000.0,
        "Interest Income Non Operating": 11489000.0,
        "Operating Income": -96102000.0,
        "Operating Expense": 200856000.0,
        "Research And Development": 54161000.0,
        "Selling General And Administration": 146695000.0,
        "Selling And Marketing Expense": 98262000.0,
        "General And Administrative Expense": 48433000.0,
        "Other Gand A": 48433000.0,
        "Salaries And Wages": 35446000.0,
        "Gross Profit": 104754000.0,
        "Cost Of Revenue": 44667000.0,
        "Total Revenue": 149421000.0,
        "Operating Revenue": 149421000.0
    },
    "2023-10-31": {
        "Tax Effect Of Unusual Items": -15540.0,
        "Tax Rate For Calcs": 0.21,
        "Normalized EBITDA": -58986000.0,
        "Total Unusual Items": -74000.0,
        "Total Unusual Items Excluding Goodwill": -74000.0,
        "Net Income From Continuing Operation Net Minority Interest": -70304000.0,
        "Reconciled Depreciation": 9926000.0,
        "Reconciled Cost Of Revenue": 43765000.0,
        "EBITDA": -59060000.0,
        "EBIT": -68986000.0,
        "Net Interest Income": 11876000.0,
        "Interest Expense": 1000.0,
        "Interest Income": 11877000.0,
        "Normalized Income": -70245540.0,
        "Net Income From Continuing And Discontinued Operation": -70304000.0,
        "Total Expenses": 245559000.0,
        "Total Operating Income As Reported": -81468000.0,
        "Diluted Average Shares": 296650848.0,
        "Basic Average Shares": 296650848.0,
        "Diluted EPS": -0.24,
        "Basic EPS": -0.24,
        "Diluted NI Availto Com Stockholders": -70304000.0,
        "Net Income Common Stockholders": -70304000.0,
        "Net Income": -70304000.0,
        "Net Income Including Noncontrolling Interests": -70304000.0,
        "Net Income Continuous Operations": -70304000.0,
        "Tax Provision": 1317000.0,
        "Pretax Income": -68987000.0,
        "Other Income Expense": 531000.0,
        "Other Non Operating Income Expenses": 605000.0,
        "Special Income Charges": -74000.0,
        "Restructuring And Mergern Acquisition": 74000.0,
        "Net Non Operating Interest Income Expense": 11876000.0,
        "Interest Expense Non Operating": 1000.0,
        "Interest Income Non Operating": 11877000.0,
        "Operating Income": -81394000.0,
        "Operating Expense": 201794000.0,
        "Research And Development": 52306000.0,
        "Selling General And Administration": 149488000.0,
        "Selling And Marketing Expense": 98249000.0,
        "General And Administrative Expense": 51239000.0,
        "Other Gand A": 51239000.0,
        "Salaries And Wages": NaN,
        "Gross Profit": 120400000.0,
        "Cost Of Revenue": 43765000.0,
        "Total Revenue": 164165000.0,
        "Operating Revenue": 164165000.0
    },
    "2024-01-31": {
        "Tax Effect Of Unusual Items": -499170.0,
        "Tax Rate For Calcs": 0.21,
        "Normalized EBITDA": -57232000.0,
        "Total Unusual Items": -2377000.0,
        "Total Unusual Items Excluding Goodwill": -2377000.0,
        "Net Income From Continuing Operation Net Minority Interest": -71982000.0,
        "Reconciled Depreciation": 10363000.0,
        "Reconciled Cost Of Revenue": 48266000.0,
        "EBITDA": -59609000.0,
        "EBIT": -69972000.0,
        "Net Interest Income": 11976000.0,
        "Interest Expense": 3000.0,
        "Interest Income": 11979000.0,
        "Normalized Income": -70104170.0,
        "Net Income From Continuing And Discontinued Operation": -71982000.0,
        "Total Expenses": 253012000.0,
        "Total Operating Income As Reported": -81214000.0,
        "Diluted Average Shares": 301356227.0,
        "Basic Average Shares": 301356227.0,
        "Diluted EPS": -0.24,
        "Basic EPS": -0.24,
        "Diluted NI Availto Com Stockholders": -71982000.0,
        "Net Income Common Stockholders": -71982000.0,
        "Net Income": -71982000.0,
        "Net Income Including Noncontrolling Interests": -71982000.0,
        "Net Income Continuous Operations": -71982000.0,
        "Tax Provision": 2007000.0,
        "Pretax Income": -69975000.0,
        "Other Income Expense": -3114000.0,
        "Other Non Operating Income Expenses": -737000.0,
        "Special Income Charges": -2377000.0,
        "Restructuring And Mergern Acquisition": 2377000.0,
        "Net Non Operating Interest Income Expense": 11976000.0,
        "Interest Expense Non Operating": 3000.0,
        "Interest Income Non Operating": 11979000.0,
        "Operating Income": -78837000.0,
        "Operating Expense": 204746000.0,
        "Research And Development": 56446000.0,
        "Selling General And Administration": 148300000.0,
        "Selling And Marketing Expense": 101478000.0,
        "General And Administrative Expense": 46822000.0,
        "Other Gand A": 46822000.0,
        "Salaries And Wages": NaN,
        "Gross Profit": 125909000.0,
        "Cost Of Revenue": 48266000.0,
        "Total Revenue": 174175000.0,
        "Operating Revenue": 174175000.0
    },
    "2024-04-30": {
        "Tax Effect Of Unusual Items": 0.0,
        "Tax Rate For Calcs": 0.022,
        "Normalized EBITDA": -57866000.0,
        "Total Unusual Items": NaN,
        "Total Unusual Items Excluding Goodwill": NaN,
        "Net Income From Continuing Operation Net Minority Interest": -70105000.0,
        "Reconciled Depreciation": 10691000.0,
        "Reconciled Cost Of Revenue": 50137000.0,
        "EBITDA": -57866000.0,
        "EBIT": -68557000.0,
        "Net Interest Income": 12046000.0,
        "Interest Expense": 36000.0,
        "Interest Income": 12082000.0,
        "Normalized Income": -70105000.0,
        "Net Income From Continuing And Discontinued Operation": -70105000.0,
        "Total Expenses": 266955000.0,
        "Total Operating Income As Reported": -80600000.0,
        "Diluted Average Shares": 309547693.0,
        "Basic Average Shares": 309547693.0,
        "Diluted EPS": -0.23,
        "Basic EPS": -0.23,
        "Diluted NI Availto Com Stockholders": -70105000.0,
        "Net Income Common Stockholders": -70105000.0,
        "Net Income": -70105000.0,
        "Net Income Including Noncontrolling Interests": -70105000.0,
        "Net Income Continuous Operations": -70105000.0,
        "Tax Provision": 1512000.0,
        "Pretax Income": -68593000.0,
        "Other Income Expense": -39000.0,
        "Other Non Operating Income Expenses": -39000.0,
        "Special Income Charges": NaN,
        "Restructuring And Mergern Acquisition": NaN,
        "Net Non Operating Interest Income Expense": 12046000.0,
        "Interest Expense Non Operating": 36000.0,
        "Interest Income Non Operating": 12082000.0,
        "Operating Income": -80600000.0,
        "Operating Expense": 216818000.0,
        "Research And Development": 58321000.0,
        "Selling General And Administration": 158497000.0,
        "Selling And Marketing Expense": 115830000.0,
        "General And Administrative Expense": 42667000.0,
        "Other Gand A": 42667000.0,
        "Salaries And Wages": NaN,
        "Gross Profit": 136218000.0,
        "Cost Of Revenue": 50137000.0,
        "Total Revenue": 186355000.0,
        "Operating Revenue": 186355000.0
    },
    "2024-07-31": {
        "Tax Effect Of Unusual Items": 0.0,
        "Tax Rate For Calcs": 0.21,
        "Normalized EBITDA": -56530000.0,
        "Total Unusual Items": 0.0,
        "Total Unusual Items Excluding Goodwill": 0.0,
        "Net Income From Continuing Operation Net Minority Interest": -69184000.0,
        "Reconciled Depreciation": 10419000.0,
        "Reconciled Cost Of Revenue": 50699000.0,
        "EBITDA": -56530000.0,
        "EBIT": -66949000.0,
        "Net Interest Income": 12817000.0,
        "Interest Expense": 36000.0,
        "Interest Income": 12853000.0,
        "Normalized Income": -69184000.0,
        "Net Income From Continuing And Discontinued Operation": -69184000.0,
        "Total Expenses": 278318000.0,
        "Total Operating Income As Reported": -79381000.0,
        "Diluted Average Shares": 312615531.0,
        "Basic Average Shares": 312615531.0,
        "Diluted EPS": -0.22,
        "Basic EPS": -0.22,
        "Diluted NI Availto Com Stockholders": -69184000.0,
        "Net Income Common Stockholders": -69184000.0,
        "Net Income": -69184000.0,
        "Net Income Including Noncontrolling Interests": -69184000.0,
        "Net Income Continuous Operations": -69184000.0,
        "Tax Provision": 2199000.0,
        "Pretax Income": -66985000.0,
        "Other Income Expense": -421000.0,
        "Other Non Operating Income Expenses": -421000.0,
        "Special Income Charges": 0.0,
        "Restructuring And Mergern Acquisition": 0.0,
        "Net Non Operating Interest Income Expense": 12817000.0,
        "Interest Expense Non Operating": 36000.0,
        "Interest Income Non Operating": 12853000.0,
        "Operating Income": -79381000.0,
        "Operating Expense": 227619000.0,
        "Research And Development": 63602000.0,
        "Selling General And Administration": 164017000.0,
        "Selling And Marketing Expense": 119617000.0,
        "General And Administrative Expense": 44400000.0,
        "Other Gand A": 44400000.0,
        "Salaries And Wages": NaN,
        "Gross Profit": 148238000.0,
        "Cost Of Revenue": 50699000.0,
        "Total Revenue": 198937000.0,
        "Operating Revenue": 198937000.0
    }
}