{
    "2023-03-31": {
        "Tax Effect Of Unusual Items": NaN,
        "Tax Rate For Calcs": NaN,
        "Normalized EBITDA": NaN,
        "Total Unusual Items": NaN,
        "Total Unusual Items Excluding Goodwill": NaN,
        "Net Income From Continuing Operation Net Minority Interest": NaN,
        "Reconciled Depreciation": NaN,
        "EBITDA": NaN,
        "EBIT": NaN,
        "Net Interest Income": NaN,
        "Interest Expense": NaN,
        "Interest Income": 786000.0,
        "Normalized Income": NaN,
        "Net Income From Continuing And Discontinued Operation": NaN,
        "Total Expenses": NaN,
        "Diluted Average Shares": 81554849.0,
        "Basic Average Shares": 81554849.0,
        "Diluted EPS": -0.13,
        "Basic EPS": -0.13,
        "Diluted NI Availto Com Stockholders": NaN,
        "Net Income Common Stockholders": NaN,
        "Net Income": NaN,
        "Net Income Including Noncontrolling Interests": NaN,
        "Net Income Continuous Operations": NaN,
        "Tax Provision": NaN,
        "Pretax Income": NaN,
        "Other Income Expense": NaN,
        "Other Non Operating Income Expenses": NaN,
        "Special Income Charges": NaN,
        "Write Off": NaN,
        "Earnings From Equity Interest": -60000.0,
        "Gain On Sale Of Security": NaN,
        "Net Non Operating Interest Income Expense": NaN,
        "Interest Expense Non Operating": NaN,
        "Interest Income Non Operating": 786000.0,
        "Operating Income": NaN,
        "Operating Expense": NaN,
        "Selling General And Administration": NaN,
        "General And Administrative Expense": NaN,
        "Other Gand A": NaN,
        "Salaries And Wages": NaN,
        "Total Revenue": NaN,
        "Operating Revenue": NaN
    },
    "2022-12-31": {
        "Tax Effect Of Unusual Items": NaN,
        "Tax Rate For Calcs": NaN,
        "Normalized EBITDA": NaN,
        "Total Unusual Items": NaN,
        "Total Unusual Items Excluding Goodwill": NaN,
        "Net Income From Continuing Operation Net Minority Interest": NaN,
        "Reconciled Depreciation": NaN,
        "EBITDA": NaN,
        "EBIT": NaN,
        "Net Interest Income": NaN,
        "Interest Expense": NaN,
        "Interest Income": NaN,
        "Normalized Income": NaN,
        "Net Income From Continuing And Discontinued Operation": NaN,
        "Total Expenses": NaN,
        "Diluted Average Shares": NaN,
        "Basic Average Shares": NaN,
        "Diluted EPS": NaN,
        "Basic EPS": NaN,
        "Diluted NI Availto Com Stockholders": NaN,
        "Net Income Common Stockholders": NaN,
        "Net Income": NaN,
        "Net Income Including Noncontrolling Interests": NaN,
        "Net Income Continuous Operations": NaN,
        "Tax Provision": NaN,
        "Pretax Income": NaN,
        "Other Income Expense": NaN,
        "Other Non Operating Income Expenses": NaN,
        "Special Income Charges": 0.0,
        "Gain On Sale Of Ppe": 0.0,
        "Write Off": 0.0,
        "Earnings From Equity Interest": -64000.0,
        "Gain On Sale Of Security": NaN,
        "Net Non Operating Interest Income Expense": NaN,
        "Interest Expense Non Operating": NaN,
        "Interest Income Non Operating": NaN,
        "Operating Income": NaN,
        "Operating Expense": NaN,
        "Other Operating Expenses": 6623000.0,
        "Selling General And Administration": NaN,
        "General And Administrative Expense": NaN,
        "Other Gand A": NaN,
        "Salaries And Wages": NaN,
        "Total Revenue": NaN,
        "Operating Revenue": NaN
    },
    "2022-09-30": {
        "Tax Effect Of Unusual Items": NaN,
        "Tax Rate For Calcs": NaN,
        "Normalized EBITDA": NaN,
        "Total Unusual Items": NaN,
        "Total Unusual Items Excluding Goodwill": NaN,
        "Net Income From Continuing Operation Net Minority Interest": NaN,
        "Reconciled Depreciation": NaN,
        "EBITDA": NaN,
        "EBIT": NaN,
        "Net Interest Income": NaN,
        "Interest Expense": NaN,
        "Interest Income": NaN,
        "Normalized Income": NaN,
        "Net Income From Continuing And Discontinued Operation": NaN,
        "Total Expenses": NaN,
        "Diluted Average Shares": 80374706.0,
        "Basic Average Shares": 80282633.0,
        "Diluted EPS": 0.06,
        "Basic EPS": 0.06,
        "Diluted NI Availto Com Stockholders": NaN,
        "Net Income Common Stockholders": NaN,
        "Net Income": NaN,
        "Net Income Including Noncontrolling Interests": NaN,
        "Net Income Continuous Operations": NaN,
        "Tax Provision": NaN,
        "Pretax Income": NaN,
        "Other Income Expense": NaN,
        "Other Non Operating Income Expenses": NaN,
        "Special Income Charges": 0.0,
        "Gain On Sale Of Ppe": 0.0,
        "Write Off": 0.0,
        "Earnings From Equity Interest": NaN,
        "Gain On Sale Of Security": NaN,
        "Net Non Operating Interest Income Expense": NaN,
        "Interest Expense Non Operating": NaN,
        "Interest Income Non Operating": NaN,
        "Operating Income": NaN,
        "Operating Expense": NaN,
        "Other Operating Expenses": 141000.0,
        "Selling General And Administration": NaN,
        "General And Administrative Expense": NaN,
        "Other Gand A": NaN,
        "Salaries And Wages": NaN,
        "Total Revenue": NaN,
        "Operating Revenue": NaN
    },
    "2022-06-30": {
        "Tax Effect Of Unusual Items": -252924.908288,
        "Tax Rate For Calcs": 0.285468,
        "Normalized EBITDA": 28811000.0,
        "Total Unusual Items": -886000.0,
        "Total Unusual Items Excluding Goodwill": -886000.0,
        "Net Income From Continuing Operation Net Minority Interest": 19088000.0,
        "Reconciled Depreciation": 74000.0,
        "EBITDA": 27925000.0,
        "EBIT": 27851000.0,
        "Net Interest Income": -1107000.0,
        "Interest Expense": 1137000.0,
        "Interest Income": 30000.0,
        "Normalized Income": 19721075.091712,
        "Net Income From Continuing And Discontinued Operation": 19088000.0,
        "Total Expenses": 2894000.0,
        "Diluted Average Shares": 80392391.0,
        "Basic Average Shares": 80144953.0,
        "Diluted EPS": 0.24,
        "Basic EPS": 0.24,
        "Diluted NI Availto Com Stockholders": 19088000.0,
        "Net Income Common Stockholders": 19088000.0,
        "Net Income": 19088000.0,
        "Net Income Including Noncontrolling Interests": 19088000.0,
        "Net Income Continuous Operations": 19088000.0,
        "Tax Provision": 7626000.0,
        "Pretax Income": 26714000.0,
        "Other Income Expense": 30715000.0,
        "Other Non Operating Income Expenses": 31647000.0,
        "Special Income Charges": -873000.0,
        "Gain On Sale Of Ppe": 0.0,
        "Write Off": 873000.0,
        "Earnings From Equity Interest": -46000.0,
        "Gain On Sale Of Security": -13000.0,
        "Net Non Operating Interest Income Expense": -1107000.0,
        "Interest Expense Non Operating": 1137000.0,
        "Interest Income Non Operating": 30000.0,
        "Operating Income": -2894000.0,
        "Operating Expense": 2894000.0,
        "Other Operating Expenses": 26000.0,
        "Selling General And Administration": 2868000.0,
        "General And Administrative Expense": 2868000.0,
        "Other Gand A": 1344000.0,
        "Salaries And Wages": 1524000.0,
        "Total Revenue": 0.0,
        "Operating Revenue": 0.0
    },
    "2023-06-30": {
        "Tax Effect Of Unusual Items": 1151153.919117,
        "Tax Rate For Calcs": 0.225231,
        "Normalized EBITDA": 8553000.0,
        "Total Unusual Items": 5111000.0,
        "Total Unusual Items Excluding Goodwill": 5111000.0,
        "Net Income From Continuing Operation Net Minority Interest": 8985000.0,
        "Reconciled Depreciation": 33000.0,
        "EBITDA": 13664000.0,
        "EBIT": 13631000.0,
        "Net Interest Income": -1321000.0,
        "Interest Expense": 2034000.0,
        "Interest Income": 713000.0,
        "Normalized Income": 5025153.919117,
        "Net Income From Continuing And Discontinued Operation": 8985000.0,
        "Total Expenses": 3943000.0,
        "Diluted Average Shares": 82646725.0,
        "Basic Average Shares": 82434434.0,
        "Diluted EPS": 0.11,
        "Basic EPS": 0.11,
        "Diluted NI Availto Com Stockholders": 8985000.0,
        "Net Income Common Stockholders": 8985000.0,
        "Net Income": 8985000.0,
        "Net Income Including Noncontrolling Interests": 8985000.0,
        "Net Income Continuous Operations": 8985000.0,
        "Tax Provision": 2612000.0,
        "Pretax Income": 11597000.0,
        "Other Income Expense": 16861000.0,
        "Other Non Operating Income Expenses": 11750000.0,
        "Special Income Charges": 0.0,
        "Write Off": 0.0,
        "Earnings From Equity Interest": -60000.0,
        "Gain On Sale Of Security": 5111000.0,
        "Net Non Operating Interest Income Expense": -1321000.0,
        "Interest Expense Non Operating": 2034000.0,
        "Interest Income Non Operating": 713000.0,
        "Operating Income": -3943000.0,
        "Operating Expense": 3943000.0,
        "Selling General And Administration": 3943000.0,
        "General And Administrative Expense": 3943000.0,
        "Other Gand A": 1619000.0,
        "Salaries And Wages": 2324000.0,
        "Total Revenue": 0.0,
        "Operating Revenue": 0.0
    },
    "2023-09-30": {
        "Tax Effect Of Unusual Items": -4442000.0,
        "Tax Rate For Calcs": 0.4,
        "Normalized EBITDA": 12326000.0,
        "Total Unusual Items": -11105000.0,
        "Total Unusual Items Excluding Goodwill": -11105000.0,
        "Net Income From Continuing Operation Net Minority Interest": -5292000.0,
        "Reconciled Depreciation": 34000.0,
        "EBITDA": 1221000.0,
        "EBIT": 1187000.0,
        "Net Interest Income": 1599000.0,
        "Interest Expense": 129000.0,
        "Interest Income": 1728000.0,
        "Normalized Income": 1371000.0,
        "Net Income From Continuing And Discontinued Operation": -5292000.0,
        "Total Expenses": 3729000.0,
        "Diluted Average Shares": 83484693.0,
        "Basic Average Shares": 83484693.0,
        "Diluted EPS": -0.06,
        "Basic EPS": -0.06,
        "Diluted NI Availto Com Stockholders": -5292000.0,
        "Net Income Common Stockholders": -5292000.0,
        "Net Income": -5292000.0,
        "Net Income Including Noncontrolling Interests": -5292000.0,
        "Net Income Continuous Operations": -5292000.0,
        "Tax Provision": 6350000.0,
        "Pretax Income": 1058000.0,
        "Other Income Expense": 3188000.0,
        "Other Non Operating Income Expenses": 14338000.0,
        "Special Income Charges": 0.0,
        "Write Off": 0.0,
        "Earnings From Equity Interest": -45000.0,
        "Gain On Sale Of Security": -11105000.0,
        "Net Non Operating Interest Income Expense": 1599000.0,
        "Interest Expense Non Operating": 129000.0,
        "Interest Income Non Operating": 1728000.0,
        "Operating Income": -3729000.0,
        "Operating Expense": 3729000.0,
        "Selling General And Administration": 3729000.0,
        "General And Administrative Expense": 3729000.0,
        "Other Gand A": 1643000.0,
        "Salaries And Wages": 2086000.0,
        "Total Revenue": 0.0,
        "Operating Revenue": 0.0
    },
    "2023-12-31": {
        "Tax Effect Of Unusual Items": 5703247.359155,
        "Tax Rate For Calcs": 0.389992,
        "Normalized EBITDA": -49075000.0,
        "Total Unusual Items": 14624000.0,
        "Total Unusual Items Excluding Goodwill": 14624000.0,
        "Net Income From Continuing Operation Net Minority Interest": -22175000.0,
        "Reconciled Depreciation": 33000.0,
        "EBITDA": -34451000.0,
        "EBIT": -34484000.0,
        "Net Interest Income": -5095000.0,
        "Interest Expense": 1868000.0,
        "Interest Income": NaN,
        "Normalized Income": -31095752.640845,
        "Net Income From Continuing And Discontinued Operation": -22175000.0,
        "Total Expenses": 5844000.0,
        "Diluted Average Shares": NaN,
        "Basic Average Shares": NaN,
        "Diluted EPS": NaN,
        "Basic EPS": NaN,
        "Diluted NI Availto Com Stockholders": -22175000.0,
        "Net Income Common Stockholders": -22175000.0,
        "Net Income": -22175000.0,
        "Net Income Including Noncontrolling Interests": -22175000.0,
        "Net Income Continuous Operations": -22175000.0,
        "Tax Provision": -14177000.0,
        "Pretax Income": -36352000.0,
        "Other Income Expense": -25413000.0,
        "Other Non Operating Income Expenses": -39994000.0,
        "Special Income Charges": 0.0,
        "Write Off": 0.0,
        "Earnings From Equity Interest": -43000.0,
        "Gain On Sale Of Security": 14624000.0,
        "Net Non Operating Interest Income Expense": -5095000.0,
        "Interest Expense Non Operating": 1868000.0,
        "Interest Income Non Operating": NaN,
        "Operating Income": -5844000.0,
        "Operating Expense": 5844000.0,
        "Selling General And Administration": 5844000.0,
        "General And Administrative Expense": 5844000.0,
        "Other Gand A": 2259000.0,
        "Salaries And Wages": 3585000.0,
        "Total Revenue": 0.0,
        "Operating Revenue": 0.0
    },
    "2024-03-31": {
        "Tax Effect Of Unusual Items": -1935150.0,
        "Tax Rate For Calcs": 0.15,
        "Normalized EBITDA": 10620000.0,
        "Total Unusual Items": -12901000.0,
        "Total Unusual Items Excluding Goodwill": -12901000.0,
        "Net Income From Continuing Operation Net Minority Interest": -8173000.0,
        "Reconciled Depreciation": 34000.0,
        "EBITDA": -2281000.0,
        "EBIT": -2315000.0,
        "Net Interest Income": 226000.0,
        "Interest Expense": 85000.0,
        "Interest Income": 311000.0,
        "Normalized Income": 2792850.0,
        "Net Income From Continuing And Discontinued Operation": -8173000.0,
        "Total Expenses": 4613000.0,
        "Diluted Average Shares": 86399071.0,
        "Basic Average Shares": 86399071.0,
        "Diluted EPS": -0.09,
        "Basic EPS": -0.09,
        "Diluted NI Availto Com Stockholders": -8173000.0,
        "Net Income Common Stockholders": -8173000.0,
        "Net Income": -8173000.0,
        "Net Income Including Noncontrolling Interests": -8173000.0,
        "Net Income Continuous Operations": -8173000.0,
        "Tax Provision": 5773000.0,
        "Pretax Income": -2400000.0,
        "Other Income Expense": 1987000.0,
        "Other Non Operating Income Expenses": 14888000.0,
        "Special Income Charges": NaN,
        "Write Off": NaN,
        "Earnings From Equity Interest": NaN,
        "Gain On Sale Of Security": -12901000.0,
        "Net Non Operating Interest Income Expense": 226000.0,
        "Interest Expense Non Operating": 85000.0,
        "Interest Income Non Operating": 311000.0,
        "Operating Income": -4613000.0,
        "Operating Expense": 4613000.0,
        "Selling General And Administration": 4613000.0,
        "General And Administrative Expense": 4613000.0,
        "Other Gand A": 1703000.0,
        "Salaries And Wages": 2910000.0,
        "Total Revenue": 0.0,
        "Operating Revenue": 0.0
    },
    "2024-06-30": {
        "Tax Effect Of Unusual Items": -1476698.756386,
        "Tax Rate For Calcs": 0.256773,
        "Normalized EBITDA": 66803000.0,
        "Total Unusual Items": -5751000.0,
        "Total Unusual Items Excluding Goodwill": -5751000.0,
        "Net Income From Continuing Operation Net Minority Interest": 45241000.0,
        "Reconciled Depreciation": 34000.0,
        "EBITDA": 61052000.0,
        "EBIT": 61018000.0,
        "Net Interest Income": 1167000.0,
        "Interest Expense": 147000.0,
        "Interest Income": 1314000.0,
        "Normalized Income": 49515301.243614,
        "Net Income From Continuing And Discontinued Operation": 45241000.0,
        "Total Expenses": 4765000.0,
        "Diluted Average Shares": 88323778.0,
        "Basic Average Shares": 87920852.0,
        "Diluted EPS": 0.51,
        "Basic EPS": 0.51,
        "Diluted NI Availto Com Stockholders": 45241000.0,
        "Net Income Common Stockholders": 45241000.0,
        "Net Income": 45241000.0,
        "Net Income Including Noncontrolling Interests": 45241000.0,
        "Net Income Continuous Operations": 45241000.0,
        "Tax Provision": 15630000.0,
        "Pretax Income": 60871000.0,
        "Other Income Expense": 64469000.0,
        "Other Non Operating Income Expenses": 70220000.0,
        "Special Income Charges": NaN,
        "Write Off": NaN,
        "Earnings From Equity Interest": NaN,
        "Gain On Sale Of Security": -5751000.0,
        "Net Non Operating Interest Income Expense": 1167000.0,
        "Interest Expense Non Operating": 147000.0,
        "Interest Income Non Operating": 1314000.0,
        "Operating Income": -4765000.0,
        "Operating Expense": 4765000.0,
        "Selling General And Administration": 4765000.0,
        "General And Administrative Expense": 4765000.0,
        "Other Gand A": 2270000.0,
        "Salaries And Wages": 2495000.0,
        "Total Revenue": 0.0,
        "Operating Revenue": 0.0
    }
}