{
    "2023-03-31": {
        "Tax Effect Of Unusual Items": 0.0,
        "Tax Rate For Calcs": 0.0,
        "Normalized EBITDA": -155147000.0,
        "Total Unusual Items": NaN,
        "Total Unusual Items Excluding Goodwill": NaN,
        "Net Income From Continuing Operation Net Minority Interest": -146828000.0,
        "Reconciled Depreciation": 323000.0,
        "Reconciled Cost Of Revenue": 230000.0,
        "EBITDA": -155147000.0,
        "EBIT": -155470000.0,
        "Net Interest Income": 8830000.0,
        "Interest Income": 8830000.0,
        "Normalized Income": -146828000.0,
        "Net Income From Continuing And Discontinued Operation": -146828000.0,
        "Total Expenses": 158764000.0,
        "Total Operating Income As Reported": -155470000.0,
        "Diluted Average Shares": 59674127.0,
        "Basic Average Shares": 59674127.0,
        "Diluted EPS": -2.46,
        "Basic EPS": -2.46,
        "Diluted NI Availto Com Stockholders": -146828000.0,
        "Net Income Common Stockholders": -146828000.0,
        "Net Income": -146828000.0,
        "Net Income Including Noncontrolling Interests": -146828000.0,
        "Net Income Continuous Operations": -146828000.0,
        "Pretax Income": -146828000.0,
        "Other Income Expense": -188000.0,
        "Other Non Operating Income Expenses": -188000.0,
        "Special Income Charges": NaN,
        "Restructuring And Mergern Acquisition": NaN,
        "Net Non Operating Interest Income Expense": 8830000.0,
        "Interest Income Non Operating": 8830000.0,
        "Operating Income": -155470000.0,
        "Operating Expense": 158534000.0,
        "Research And Development": 92826000.0,
        "Selling General And Administration": 65708000.0,
        "General And Administrative Expense": 65708000.0,
        "Other Gand A": 22522000.0,
        "Salaries And Wages": 43186000.0,
        "Gross Profit": 3064000.0,
        "Cost Of Revenue": 230000.0,
        "Total Revenue": 3294000.0,
        "Operating Revenue": 3294000.0
    },
    "2022-12-31": {
        "Tax Effect Of Unusual Items": NaN,
        "Tax Rate For Calcs": NaN,
        "Normalized EBITDA": NaN,
        "Total Unusual Items": NaN,
        "Total Unusual Items Excluding Goodwill": NaN,
        "Net Income From Continuing Operation Net Minority Interest": NaN,
        "Reconciled Depreciation": NaN,
        "Reconciled Cost Of Revenue": NaN,
        "EBITDA": NaN,
        "EBIT": NaN,
        "Net Interest Income": NaN,
        "Interest Income": NaN,
        "Normalized Income": NaN,
        "Net Income From Continuing And Discontinued Operation": NaN,
        "Total Expenses": NaN,
        "Total Operating Income As Reported": NaN,
        "Diluted Average Shares": 59494613.0,
        "Basic Average Shares": 59494613.0,
        "Diluted EPS": -2.47,
        "Basic EPS": -2.47,
        "Diluted NI Availto Com Stockholders": NaN,
        "Net Income Common Stockholders": NaN,
        "Net Income": NaN,
        "Net Income Including Noncontrolling Interests": NaN,
        "Net Income Continuous Operations": NaN,
        "Pretax Income": NaN,
        "Other Income Expense": NaN,
        "Other Non Operating Income Expenses": NaN,
        "Special Income Charges": NaN,
        "Restructuring And Mergern Acquisition": NaN,
        "Net Non Operating Interest Income Expense": NaN,
        "Interest Income Non Operating": NaN,
        "Operating Income": NaN,
        "Operating Expense": NaN,
        "Research And Development": NaN,
        "Selling General And Administration": NaN,
        "General And Administrative Expense": NaN,
        "Other Gand A": NaN,
        "Salaries And Wages": NaN,
        "Gross Profit": NaN,
        "Cost Of Revenue": NaN,
        "Total Revenue": NaN,
        "Operating Revenue": NaN
    },
    "2022-09-30": {
        "Tax Effect Of Unusual Items": NaN,
        "Tax Rate For Calcs": NaN,
        "Normalized EBITDA": NaN,
        "Total Unusual Items": 0.0,
        "Total Unusual Items Excluding Goodwill": 0.0,
        "Net Income From Continuing Operation Net Minority Interest": NaN,
        "Reconciled Depreciation": NaN,
        "Reconciled Cost Of Revenue": NaN,
        "EBITDA": NaN,
        "EBIT": NaN,
        "Net Interest Income": NaN,
        "Interest Income": NaN,
        "Normalized Income": NaN,
        "Net Income From Continuing And Discontinued Operation": NaN,
        "Total Expenses": NaN,
        "Total Operating Income As Reported": NaN,
        "Diluted Average Shares": NaN,
        "Basic Average Shares": NaN,
        "Diluted EPS": NaN,
        "Basic EPS": NaN,
        "Diluted NI Availto Com Stockholders": NaN,
        "Net Income Common Stockholders": NaN,
        "Net Income": NaN,
        "Net Income Including Noncontrolling Interests": NaN,
        "Net Income Continuous Operations": NaN,
        "Pretax Income": NaN,
        "Other Income Expense": NaN,
        "Other Non Operating Income Expenses": NaN,
        "Special Income Charges": 0.0,
        "Restructuring And Mergern Acquisition": 0.0,
        "Net Non Operating Interest Income Expense": NaN,
        "Interest Income Non Operating": NaN,
        "Operating Income": NaN,
        "Operating Expense": NaN,
        "Research And Development": NaN,
        "Selling General And Administration": NaN,
        "General And Administrative Expense": NaN,
        "Other Gand A": NaN,
        "Salaries And Wages": NaN,
        "Gross Profit": NaN,
        "Cost Of Revenue": NaN,
        "Total Revenue": NaN,
        "Operating Revenue": NaN
    },
    "2022-06-30": {
        "Tax Effect Of Unusual Items": 0.0,
        "Tax Rate For Calcs": 0.0,
        "Normalized EBITDA": -128128000.0,
        "Net Income From Continuing Operation Net Minority Interest": -126260000.0,
        "Reconciled Depreciation": 279000.0,
        "Reconciled Cost Of Revenue": 200000.0,
        "EBITDA": -128128000.0,
        "EBIT": -128407000.0,
        "Net Interest Income": 2102000.0,
        "Interest Income": 2102000.0,
        "Normalized Income": -126260000.0,
        "Net Income From Continuing And Discontinued Operation": -126260000.0,
        "Total Expenses": 129908000.0,
        "Total Operating Income As Reported": -128407000.0,
        "Diluted Average Shares": 59266322.0,
        "Basic Average Shares": 59266322.0,
        "Diluted EPS": -2.13,
        "Basic EPS": -2.13,
        "Diluted NI Availto Com Stockholders": -126260000.0,
        "Net Income Common Stockholders": -126260000.0,
        "Net Income": -126260000.0,
        "Net Income Including Noncontrolling Interests": -126260000.0,
        "Net Income Continuous Operations": -126260000.0,
        "Pretax Income": -126260000.0,
        "Other Income Expense": 45000.0,
        "Other Non Operating Income Expenses": 45000.0,
        "Net Non Operating Interest Income Expense": 2102000.0,
        "Interest Income Non Operating": 2102000.0,
        "Operating Income": -128407000.0,
        "Operating Expense": 129708000.0,
        "Research And Development": 77297000.0,
        "Selling General And Administration": 52411000.0,
        "General And Administrative Expense": 52411000.0,
        "Other Gand A": 26730000.0,
        "Salaries And Wages": 25681000.0,
        "Gross Profit": 1301000.0,
        "Cost Of Revenue": 200000.0,
        "Total Revenue": 1501000.0,
        "Operating Revenue": 1501000.0
    },
    "2022-03-31": {
        "Diluted EPS": -2.07,
        "Total Revenue": 2,
        "Gross Profit": 1,
        "Operating Income": -123,
        "EBIT": -119,
        "Net Income": -122
    },
    "2021-12-31": {
        "Diluted EPS": -2.12,
        "Total Revenue": 2,
        "Gross Profit": 2,
        "Operating Income": -125,
        "EBIT": -121,
        "Net Income": -125
    },
    "2021-09-30": {
        "Diluted EPS": -2.21,
        "Total Revenue": 1,
        "Gross Profit": 1,
        "Operating Income": -131,
        "EBIT": -126,
        "Net Income": -130
    },
    "2021-06-30": {
        "Diluted EPS": -1.83,
        "Total Revenue": 2,
        "Gross Profit": 1,
        "Operating Income": -108,
        "EBIT": -104,
        "Net Income": -107
    },
    "2021-03-31": {
        "Diluted EPS": -1.64,
        "Total Revenue": 2,
        "Gross Profit": 1,
        "Operating Income": -97,
        "EBIT": -93,
        "Net Income": -96
    },
    "2020-12-31": {
        "Diluted EPS": 18.53,
        "Total Revenue": NaN,
        "Gross Profit": NaN,
        "Operating Income": 974,
        "EBIT": 975,
        "Net Income": 975
    },
    "2020-09-30": {
        "Diluted EPS": -2.03,
        "Total Revenue": 2,
        "Gross Profit": 1,
        "Operating Income": -107,
        "EBIT": -106,
        "Net Income": -106
    },
    "2020-06-30": {
        "Diluted EPS": -2.63,
        "Total Revenue": 1,
        "Gross Profit": 1,
        "Operating Income": -139,
        "EBIT": -138,
        "Net Income": -136
    },
    "2020-03-31": {
        "Diluted EPS": -2.44,
        "Total Revenue": 2,
        "Gross Profit": 2,
        "Operating Income": -132,
        "EBIT": -131,
        "Net Income": -127
    },
    "2019-12-31": {
        "Diluted EPS": -3.25,
        "Total Revenue": 2,
        "Gross Profit": 2,
        "Operating Income": -175,
        "EBIT": -175,
        "Net Income": -169
    },
    "2019-09-30": {
        "Diluted EPS": -3.48,
        "Total Revenue": 4,
        "Gross Profit": 3,
        "Operating Income": -187,
        "EBIT": -188,
        "Net Income": -180
    },
    "2019-06-30": {
        "Diluted EPS": -3.28,
        "Total Revenue": 1,
        "Gross Profit": 1,
        "Operating Income": -176,
        "EBIT": -179,
        "Net Income": -168
    },
    "2019-03-31": {
        "Diluted EPS": -3.37,
        "Total Revenue": 0,
        "Gross Profit": 0,
        "Operating Income": -170,
        "EBIT": -172,
        "Net Income": -163
    },
    "2018-12-31": {
        "Diluted EPS": -3.41,
        "Total Revenue": 0,
        "Gross Profit": 0,
        "Operating Income": -164,
        "EBIT": -167,
        "Net Income": -158
    },
    "2018-09-30": {
        "Diluted EPS": -2.63,
        "Total Revenue": NaN,
        "Gross Profit": NaN,
        "Operating Income": -129,
        "EBIT": -131,
        "Net Income": -123
    },
    "2018-06-30": {
        "Diluted EPS": -0.36,
        "Total Revenue": 90,
        "Gross Profit": 90,
        "Operating Income": -22,
        "EBIT": -25,
        "Net Income": -17
    },
    "2018-03-31": {
        "Diluted EPS": -1.68,
        "Total Revenue": NaN,
        "Gross Profit": NaN,
        "Operating Income": -78,
        "EBIT": -79,
        "Net Income": -75
    },
    "2017-12-31": {
        "Diluted EPS": -1.72,
        "Total Revenue": NaN,
        "Gross Profit": NaN,
        "Operating Income": -70,
        "EBIT": -71,
        "Net Income": -69
    },
    "2017-09-30": {
        "Diluted EPS": -1.97,
        "Total Revenue": NaN,
        "Gross Profit": NaN,
        "Operating Income": -74,
        "EBIT": -74,
        "Net Income": -74
    },
    "2017-06-30": {
        "Diluted EPS": -1.88,
        "Total Revenue": NaN,
        "Gross Profit": NaN,
        "Operating Income": -71,
        "EBIT": -71,
        "Net Income": -70
    },
    "2017-03-31": {
        "Diluted EPS": -1.52,
        "Total Revenue": NaN,
        "Gross Profit": NaN,
        "Operating Income": -57,
        "EBIT": -57,
        "Net Income": -57
    },
    "2016-12-31": {
        "Diluted EPS": -1.55,
        "Total Revenue": NaN,
        "Gross Profit": NaN,
        "Operating Income": -56,
        "EBIT": -56,
        "Net Income": -56
    },
    "2016-09-30": {
        "Diluted EPS": -1.15,
        "Total Revenue": NaN,
        "Gross Profit": NaN,
        "Operating Income": -38,
        "EBIT": -38,
        "Net Income": -38
    },
    "2016-06-30": {
        "Diluted EPS": -1.08,
        "Total Revenue": NaN,
        "Gross Profit": NaN,
        "Operating Income": -35,
        "EBIT": -35,
        "Net Income": -35
    },
    "2016-03-31": {
        "Diluted EPS": -0.97,
        "Total Revenue": NaN,
        "Gross Profit": NaN,
        "Operating Income": -31,
        "EBIT": -31,
        "Net Income": -31
    },
    "2015-12-31": {
        "Diluted EPS": -1.0,
        "Total Revenue": NaN,
        "Gross Profit": NaN,
        "Operating Income": -29,
        "EBIT": -29,
        "Net Income": -29
    },
    "2015-09-30": {
        "Diluted EPS": -0.84,
        "Total Revenue": NaN,
        "Gross Profit": NaN,
        "Operating Income": -24,
        "EBIT": -24,
        "Net Income": -24
    },
    "2015-06-30": {
        "Diluted EPS": -0.9,
        "Total Revenue": NaN,
        "Gross Profit": NaN,
        "Operating Income": -25,
        "EBIT": -25,
        "Net Income": -25
    },
    "2015-03-31": {
        "Diluted EPS": -0.66,
        "Total Revenue": NaN,
        "Gross Profit": NaN,
        "Operating Income": -17,
        "EBIT": -17,
        "Net Income": -17
    },
    "2014-12-31": {
        "Diluted EPS": 7.1,
        "Total Revenue": NaN,
        "Gross Profit": NaN,
        "Operating Income": -12,
        "EBIT": -12,
        "Net Income": -12
    },
    "2014-09-30": {
        "Diluted EPS": -0.5,
        "Total Revenue": NaN,
        "Gross Profit": NaN,
        "Operating Income": -9,
        "EBIT": -9,
        "Net Income": -10
    },
    "2014-06-30": {
        "Diluted EPS": -4.57,
        "Total Revenue": NaN,
        "Gross Profit": NaN,
        "Operating Income": -6,
        "EBIT": -6,
        "Net Income": -8
    },
    "2014-03-31": {
        "Diluted EPS": -3.7,
        "Total Revenue": NaN,
        "Gross Profit": NaN,
        "Operating Income": -6,
        "EBIT": -6,
        "Net Income": -6
    },
    "2013-12-31": {
        "Diluted EPS": 0.0,
        "Total Revenue": NaN,
        "Gross Profit": NaN,
        "Operating Income": NaN,
        "EBIT": NaN,
        "Net Income": NaN
    },
    "2013-09-30": {
        "Diluted EPS": -2.98,
        "Total Revenue": NaN,
        "Gross Profit": NaN,
        "Operating Income": -5,
        "EBIT": -5,
        "Net Income": -5
    },
    "2013-06-30": {
        "Diluted EPS": -3.18,
        "Total Revenue": NaN,
        "Gross Profit": NaN,
        "Operating Income": -5,
        "EBIT": -5,
        "Net Income": -5
    },
    "2012-12-31": {
        "Diluted EPS": 0.0,
        "Total Revenue": NaN,
        "Gross Profit": NaN,
        "Operating Income": NaN,
        "EBIT": NaN,
        "Net Income": NaN
    },
    "2023-06-30": {
        "Tax Effect Of Unusual Items": 0.0,
        "Tax Rate For Calcs": 0.0,
        "Normalized EBITDA": -170050000.0,
        "Total Unusual Items": NaN,
        "Total Unusual Items Excluding Goodwill": NaN,
        "Net Income From Continuing Operation Net Minority Interest": -160325000.0,
        "Reconciled Depreciation": 331000.0,
        "Reconciled Cost Of Revenue": 205000.0,
        "EBITDA": -170050000.0,
        "EBIT": -170381000.0,
        "Net Interest Income": 10173000.0,
        "Interest Income": 10173000.0,
        "Normalized Income": -160325000.0,
        "Net Income From Continuing And Discontinued Operation": -160325000.0,
        "Total Expenses": 172855000.0,
        "Total Operating Income As Reported": -170457000.0,
        "Diluted Average Shares": 59769640.0,
        "Basic Average Shares": 59769640.0,
        "Diluted EPS": -2.68,
        "Basic EPS": -2.68,
        "Diluted NI Availto Com Stockholders": -160325000.0,
        "Net Income Common Stockholders": -160325000.0,
        "Net Income": -160325000.0,
        "Net Income Including Noncontrolling Interests": -160249000.0,
        "Net Income Continuous Operations": -160249000.0,
        "Pretax Income": -160249000.0,
        "Other Income Expense": -41000.0,
        "Other Non Operating Income Expenses": -41000.0,
        "Special Income Charges": NaN,
        "Restructuring And Mergern Acquisition": NaN,
        "Net Non Operating Interest Income Expense": 10173000.0,
        "Interest Income Non Operating": 10173000.0,
        "Operating Income": -170381000.0,
        "Operating Expense": 172650000.0,
        "Research And Development": 97161000.0,
        "Selling General And Administration": 75489000.0,
        "General And Administrative Expense": 75489000.0,
        "Other Gand A": 34499000.0,
        "Salaries And Wages": 40990000.0,
        "Gross Profit": 2269000.0,
        "Cost Of Revenue": 205000.0,
        "Total Revenue": 2474000.0,
        "Operating Revenue": 2460000.0
    },
    "2023-09-30": {
        "Tax Effect Of Unusual Items": 0.0,
        "Tax Rate For Calcs": 0.0,
        "Normalized EBITDA": -144321000.0,
        "Total Unusual Items": -33599000.0,
        "Total Unusual Items Excluding Goodwill": -33599000.0,
        "Net Income From Continuing Operation Net Minority Interest": -201630000.0,
        "Reconciled Depreciation": 330000.0,
        "Reconciled Cost Of Revenue": 905000.0,
        "EBITDA": -177920000.0,
        "EBIT": -178250000.0,
        "Net Interest Income": 10274000.0,
        "Interest Income": 10274000.0,
        "Normalized Income": -168031000.0,
        "Net Income From Continuing And Discontinued Operation": -201630000.0,
        "Total Expenses": 180966000.0,
        "Total Operating Income As Reported": -211849000.0,
        "Diluted Average Shares": 59912378.0,
        "Basic Average Shares": 59912378.0,
        "Diluted EPS": -3.37,
        "Basic EPS": -3.37,
        "Diluted NI Availto Com Stockholders": -201630000.0,
        "Net Income Common Stockholders": -201630000.0,
        "Net Income": -201630000.0,
        "Net Income Including Noncontrolling Interests": -201630000.0,
        "Net Income Continuous Operations": -201630000.0,
        "Pretax Income": -201630000.0,
        "Other Income Expense": -33654000.0,
        "Other Non Operating Income Expenses": -55000.0,
        "Special Income Charges": -33599000.0,
        "Restructuring And Mergern Acquisition": 33599000.0,
        "Net Non Operating Interest Income Expense": 10274000.0,
        "Interest Income Non Operating": 10274000.0,
        "Operating Income": -178250000.0,
        "Operating Expense": 180061000.0,
        "Research And Development": 101919000.0,
        "Selling General And Administration": 78142000.0,
        "General And Administrative Expense": 78142000.0,
        "Other Gand A": 26960000.0,
        "Salaries And Wages": 51182000.0,
        "Gross Profit": 1811000.0,
        "Cost Of Revenue": 905000.0,
        "Total Revenue": 2716000.0,
        "Operating Revenue": 2716000.0
    },
    "2023-12-31": {
        "Tax Effect Of Unusual Items": 0.0,
        "Tax Rate For Calcs": 0.0,
        "Normalized EBITDA": -42091000.0,
        "Total Unusual Items": 213000.0,
        "Total Unusual Items Excluding Goodwill": 213000.0,
        "Net Income From Continuing Operation Net Minority Interest": -32706000.0,
        "Reconciled Depreciation": 409000.0,
        "Reconciled Cost Of Revenue": 820000.0,
        "EBITDA": -41878000.0,
        "EBIT": -42287000.0,
        "Net Interest Income": 9467000.0,
        "Interest Income": 9467000.0,
        "Normalized Income": -32919000.0,
        "Net Income From Continuing And Discontinued Operation": -32706000.0,
        "Total Expenses": 120259000.0,
        "Total Operating Income As Reported": -42074000.0,
        "Diluted Average Shares": NaN,
        "Basic Average Shares": NaN,
        "Diluted EPS": NaN,
        "Basic EPS": NaN,
        "Diluted NI Availto Com Stockholders": -32706000.0,
        "Net Income Common Stockholders": -32706000.0,
        "Net Income": -32706000.0,
        "Net Income Including Noncontrolling Interests": -32706000.0,
        "Net Income Continuous Operations": -32706000.0,
        "Pretax Income": -32706000.0,
        "Other Income Expense": 114000.0,
        "Other Non Operating Income Expenses": -99000.0,
        "Special Income Charges": 213000.0,
        "Restructuring And Mergern Acquisition": -213000.0,
        "Net Non Operating Interest Income Expense": 9467000.0,
        "Interest Income Non Operating": 9467000.0,
        "Operating Income": -42287000.0,
        "Operating Expense": 119439000.0,
        "Research And Development": 64330000.0,
        "Selling General And Administration": 55109000.0,
        "General And Administrative Expense": 55109000.0,
        "Other Gand A": 25130000.0,
        "Salaries And Wages": 29979000.0,
        "Gross Profit": 77152000.0,
        "Cost Of Revenue": 820000.0,
        "Total Revenue": 77972000.0,
        "Operating Revenue": 1985000.0
    },
    "2024-03-31": {
        "Tax Effect Of Unusual Items": 0.0,
        "Tax Rate For Calcs": 0.0,
        "Normalized EBITDA": -117339000.0,
        "Total Unusual Items": NaN,
        "Total Unusual Items Excluding Goodwill": NaN,
        "Net Income From Continuing Operation Net Minority Interest": -108483000.0,
        "Reconciled Depreciation": 336000.0,
        "Reconciled Cost Of Revenue": 1269000.0,
        "EBITDA": -117339000.0,
        "EBIT": -117675000.0,
        "Net Interest Income": 9204000.0,
        "Interest Income": 9204000.0,
        "Normalized Income": -108483000.0,
        "Net Income From Continuing And Discontinued Operation": -108483000.0,
        "Total Expenses": 125577000.0,
        "Total Operating Income As Reported": -117675000.0,
        "Diluted Average Shares": 60136198.0,
        "Basic Average Shares": 60136198.0,
        "Diluted EPS": -1.8,
        "Basic EPS": -1.8,
        "Diluted NI Availto Com Stockholders": -108483000.0,
        "Net Income Common Stockholders": -108483000.0,
        "Net Income": -108483000.0,
        "Net Income Including Noncontrolling Interests": -108483000.0,
        "Net Income Continuous Operations": -108483000.0,
        "Pretax Income": -108483000.0,
        "Other Income Expense": -12000.0,
        "Other Non Operating Income Expenses": -12000.0,
        "Special Income Charges": NaN,
        "Restructuring And Mergern Acquisition": NaN,
        "Net Non Operating Interest Income Expense": 9204000.0,
        "Interest Income Non Operating": 9204000.0,
        "Operating Income": -117675000.0,
        "Operating Expense": 124308000.0,
        "Research And Development": 71734000.0,
        "Selling General And Administration": 52574000.0,
        "General And Administrative Expense": 52574000.0,
        "Other Gand A": 18774000.0,
        "Salaries And Wages": 33800000.0,
        "Gross Profit": 6633000.0,
        "Cost Of Revenue": 1269000.0,
        "Total Revenue": 7902000.0,
        "Operating Revenue": 1690000.0
    }
}