{
    "2023-06-30": {
        "Tax Effect Of Unusual Items": -17612000.0,
        "Tax Rate For Calcs": 0.28,
        "Normalized EBITDA": 175500000.0,
        "Total Unusual Items": -62900000.0,
        "Total Unusual Items Excluding Goodwill": -62900000.0,
        "Net Income From Continuing Operation Net Minority Interest": 23400000.0,
        "Reconciled Depreciation": 31300000.0,
        "Reconciled Cost Of Revenue": 3088800000.0,
        "EBITDA": 112600000.0,
        "EBIT": 76500000.0,
        "Net Interest Income": -45600000.0,
        "Interest Expense": 44000000.0,
        "Normalized Income": 68688000.0,
        "Net Income From Continuing And Discontinued Operation": 23400000.0,
        "Total Expenses": 3512000000.0,
        "Rent Expense Supplemental": 11500000.0,
        "Total Operating Income As Reported": 78300000.0,
        "Diluted Average Shares": 36000000.0,
        "Basic Average Shares": 35300000.0,
        "Diluted EPS": 0.65,
        "Basic EPS": 0.66,
        "Diluted NI Availto Com Stockholders": 23400000.0,
        "Net Income Common Stockholders": 23400000.0,
        "Net Income": 23400000.0,
        "Net Income Including Noncontrolling Interests": 23400000.0,
        "Net Income Discontinuous Operations": NaN,
        "Net Income Continuous Operations": 23400000.0,
        "Tax Provision": 9100000.0,
        "Pretax Income": 32500000.0,
        "Other Income Expense": -62800000.0,
        "Other Non Operating Income Expenses": 100000.0,
        "Special Income Charges": -62600000.0,
        "Write Off": NaN,
        "Impairment Of Capital Assets": 62600000.0,
        "Gain On Sale Of Security": -300000.0,
        "Net Non Operating Interest Income Expense": -45600000.0,
        "Total Other Finance Cost": 1600000.0,
        "Interest Expense Non Operating": 44000000.0,
        "Operating Income": 140900000.0,
        "Operating Expense": 428000000.0,
        "Depreciation Amortization Depletion Income Statement": 36100000.0,
        "Depreciation And Amortization In Income Statement": 36100000.0,
        "Selling General And Administration": 391900000.0,
        "Selling And Marketing Expense": 22800000.0,
        "General And Administrative Expense": 369100000.0,
        "Other Gand A": 96600000.0,
        "Rent And Landing Fees": 11500000.0,
        "Salaries And Wages": 261000000.0,
        "Gross Profit": 568900000.0,
        "Cost Of Revenue": 3084000000.0,
        "Total Revenue": 3652900000.0,
        "Operating Revenue": 3652900000.0
    },
    "2023-03-31": {
        "Tax Effect Of Unusual Items": 0.0,
        "Tax Rate For Calcs": 0.25,
        "Normalized EBITDA": 139300000.0,
        "Total Unusual Items": 0.0,
        "Total Unusual Items Excluding Goodwill": 0.0,
        "Net Income From Continuing Operation Net Minority Interest": 47700000.0,
        "Reconciled Depreciation": 30000000.0,
        "Reconciled Cost Of Revenue": 2942000000.0,
        "EBITDA": 139300000.0,
        "EBIT": 105000000.0,
        "Net Interest Income": -43000000.0,
        "Interest Expense": 41400000.0,
        "Normalized Income": 47700000.0,
        "Net Income From Continuing And Discontinued Operation": 47700000.0,
        "Total Expenses": 3384800000.0,
        "Rent Expense Supplemental": 11300000.0,
        "Total Operating Income As Reported": 106400000.0,
        "Diluted Average Shares": 36900000.0,
        "Basic Average Shares": 35900000.0,
        "Diluted EPS": 1.29,
        "Basic EPS": 1.33,
        "Diluted NI Availto Com Stockholders": 47700000.0,
        "Net Income Common Stockholders": 47700000.0,
        "Net Income": 47700000.0,
        "Net Income Including Noncontrolling Interests": 47700000.0,
        "Net Income Discontinuous Operations": NaN,
        "Net Income Continuous Operations": 47700000.0,
        "Tax Provision": 15900000.0,
        "Pretax Income": 63600000.0,
        "Other Income Expense": 200000.0,
        "Other Non Operating Income Expenses": 200000.0,
        "Special Income Charges": 0.0,
        "Write Off": 0.0,
        "Impairment Of Capital Assets": NaN,
        "Gain On Sale Of Security": -400000.0,
        "Net Non Operating Interest Income Expense": -43000000.0,
        "Total Other Finance Cost": 1600000.0,
        "Interest Expense Non Operating": 41400000.0,
        "Operating Income": 106400000.0,
        "Operating Expense": 447100000.0,
        "Depreciation Amortization Depletion Income Statement": 34300000.0,
        "Depreciation And Amortization In Income Statement": 34300000.0,
        "Selling General And Administration": 412800000.0,
        "Selling And Marketing Expense": 26100000.0,
        "General And Administrative Expense": 386700000.0,
        "Other Gand A": 375400000.0,
        "Rent And Landing Fees": 11300000.0,
        "Salaries And Wages": 258800000.0,
        "Gross Profit": 553500000.0,
        "Cost Of Revenue": 2937700000.0,
        "Total Revenue": 3491200000.0,
        "Operating Revenue": 3491200000.0
    },
    "2022-12-31": {
        "Tax Effect Of Unusual Items": NaN,
        "Tax Rate For Calcs": NaN,
        "Normalized EBITDA": NaN,
        "Total Unusual Items": NaN,
        "Total Unusual Items Excluding Goodwill": NaN,
        "Net Income From Continuing Operation Net Minority Interest": NaN,
        "Reconciled Depreciation": NaN,
        "Reconciled Cost Of Revenue": NaN,
        "EBITDA": NaN,
        "EBIT": NaN,
        "Net Interest Income": NaN,
        "Interest Expense": NaN,
        "Normalized Income": NaN,
        "Net Income From Continuing And Discontinued Operation": NaN,
        "Total Expenses": NaN,
        "Rent Expense Supplemental": NaN,
        "Total Operating Income As Reported": NaN,
        "Diluted Average Shares": NaN,
        "Basic Average Shares": NaN,
        "Diluted EPS": NaN,
        "Basic EPS": NaN,
        "Diluted NI Availto Com Stockholders": NaN,
        "Net Income Common Stockholders": NaN,
        "Net Income": NaN,
        "Net Income Including Noncontrolling Interests": NaN,
        "Net Income Discontinuous Operations": 0.0,
        "Net Income Continuous Operations": NaN,
        "Tax Provision": NaN,
        "Pretax Income": NaN,
        "Other Income Expense": -320300000.0,
        "Other Non Operating Income Expenses": NaN,
        "Special Income Charges": NaN,
        "Write Off": NaN,
        "Impairment Of Capital Assets": NaN,
        "Gain On Sale Of Security": 0.0,
        "Net Non Operating Interest Income Expense": NaN,
        "Total Other Finance Cost": NaN,
        "Interest Expense Non Operating": NaN,
        "Operating Income": NaN,
        "Operating Expense": NaN,
        "Depreciation Amortization Depletion Income Statement": NaN,
        "Depreciation And Amortization In Income Statement": NaN,
        "Selling General And Administration": NaN,
        "Selling And Marketing Expense": NaN,
        "General And Administrative Expense": NaN,
        "Other Gand A": NaN,
        "Rent And Landing Fees": NaN,
        "Salaries And Wages": 240700000.0,
        "Gross Profit": NaN,
        "Cost Of Revenue": NaN,
        "Total Revenue": NaN,
        "Operating Revenue": NaN
    },
    "2022-09-30": {
        "Tax Effect Of Unusual Items": NaN,
        "Tax Rate For Calcs": NaN,
        "Normalized EBITDA": NaN,
        "Total Unusual Items": NaN,
        "Total Unusual Items Excluding Goodwill": NaN,
        "Net Income From Continuing Operation Net Minority Interest": NaN,
        "Reconciled Depreciation": NaN,
        "Reconciled Cost Of Revenue": NaN,
        "EBITDA": NaN,
        "EBIT": NaN,
        "Net Interest Income": NaN,
        "Interest Expense": NaN,
        "Normalized Income": NaN,
        "Net Income From Continuing And Discontinued Operation": NaN,
        "Total Expenses": NaN,
        "Rent Expense Supplemental": NaN,
        "Total Operating Income As Reported": NaN,
        "Diluted Average Shares": NaN,
        "Basic Average Shares": NaN,
        "Diluted EPS": NaN,
        "Basic EPS": NaN,
        "Diluted NI Availto Com Stockholders": NaN,
        "Net Income Common Stockholders": NaN,
        "Net Income": NaN,
        "Net Income Including Noncontrolling Interests": NaN,
        "Net Income Discontinuous Operations": 0.0,
        "Net Income Continuous Operations": NaN,
        "Tax Provision": NaN,
        "Pretax Income": NaN,
        "Other Income Expense": NaN,
        "Other Non Operating Income Expenses": NaN,
        "Special Income Charges": NaN,
        "Write Off": NaN,
        "Impairment Of Capital Assets": 0.0,
        "Gain On Sale Of Security": NaN,
        "Net Non Operating Interest Income Expense": NaN,
        "Total Other Finance Cost": NaN,
        "Interest Expense Non Operating": NaN,
        "Operating Income": NaN,
        "Operating Expense": NaN,
        "Depreciation Amortization Depletion Income Statement": NaN,
        "Depreciation And Amortization In Income Statement": NaN,
        "Selling General And Administration": NaN,
        "Selling And Marketing Expense": NaN,
        "General And Administrative Expense": NaN,
        "Other Gand A": NaN,
        "Rent And Landing Fees": NaN,
        "Salaries And Wages": NaN,
        "Gross Profit": NaN,
        "Cost Of Revenue": NaN,
        "Total Revenue": NaN,
        "Operating Revenue": NaN
    },
    "2022-06-30": {
        "Tax Effect Of Unusual Items": -102000.0,
        "Tax Rate For Calcs": 0.255,
        "Normalized EBITDA": 184700000.0,
        "Total Unusual Items": -400000.0,
        "Total Unusual Items Excluding Goodwill": -400000.0,
        "Net Income From Continuing Operation Net Minority Interest": 94800000.0,
        "Reconciled Depreciation": 28200000.0,
        "Reconciled Cost Of Revenue": 3067000000.0,
        "EBITDA": 184300000.0,
        "EBIT": 153100000.0,
        "Net Interest Income": -27000000.0,
        "Interest Expense": 25900000.0,
        "Normalized Income": 95098000.0,
        "Net Income From Continuing And Discontinued Operation": 94800000.0,
        "Total Expenses": 3498000000.0,
        "Rent Expense Supplemental": 13700000.0,
        "Total Operating Income As Reported": 154800000.0,
        "Diluted Average Shares": 40500000.0,
        "Basic Average Shares": 39500000.0,
        "Diluted EPS": 2.34,
        "Basic EPS": 2.4,
        "Diluted NI Availto Com Stockholders": 94800000.0,
        "Net Income Common Stockholders": 94800000.0,
        "Net Income": 94800000.0,
        "Net Income Including Noncontrolling Interests": 94800000.0,
        "Net Income Discontinuous Operations": 0.0,
        "Net Income Continuous Operations": 94800000.0,
        "Tax Provision": 32400000.0,
        "Pretax Income": 127200000.0,
        "Other Income Expense": -600000.0,
        "Other Non Operating Income Expenses": -200000.0,
        "Special Income Charges": NaN,
        "Write Off": NaN,
        "Impairment Of Capital Assets": NaN,
        "Gain On Sale Of Security": -400000.0,
        "Net Non Operating Interest Income Expense": -27000000.0,
        "Total Other Finance Cost": 1100000.0,
        "Interest Expense Non Operating": 25900000.0,
        "Operating Income": 154800000.0,
        "Operating Expense": 434000000.0,
        "Depreciation Amortization Depletion Income Statement": 31200000.0,
        "Depreciation And Amortization In Income Statement": 31200000.0,
        "Selling General And Administration": 402800000.0,
        "Selling And Marketing Expense": 25600000.0,
        "General And Administrative Expense": 377200000.0,
        "Other Gand A": 97100000.0,
        "Rent And Landing Fees": 13700000.0,
        "Salaries And Wages": 266400000.0,
        "Gross Profit": 588800000.0,
        "Cost Of Revenue": 3064000000.0,
        "Total Revenue": 3652800000.0,
        "Operating Revenue": 3652800000.0
    },
    "2022-03-31": {
        "Diluted EPS": 2.33,
        "Total Revenue": NaN,
        "Gross Profit": 571,
        "Operating Income": 154,
        "EBIT": 183,
        "Net Income": 97
    },
    "2021-12-31": {
        "Diluted EPS": 2.23,
        "Total Revenue": NaN,
        "Gross Profit": 531,
        "Operating Income": 160,
        "EBIT": 185,
        "Net Income": 96
    },
    "2021-09-30": {
        "Diluted EPS": 1.95,
        "Total Revenue": NaN,
        "Gross Profit": 472,
        "Operating Income": 125,
        "EBIT": 150,
        "Net Income": 85
    },
    "2021-06-30": {
        "Diluted EPS": 2.63,
        "Total Revenue": NaN,
        "Gross Profit": 511,
        "Operating Income": 165,
        "EBIT": 190,
        "Net Income": 114
    },
    "2021-03-31": {
        "Diluted EPS": 1.25,
        "Total Revenue": NaN,
        "Gross Profit": 401,
        "Operating Income": 88,
        "EBIT": 111,
        "Net Income": 54
    },
    "2020-12-31": {
        "Diluted EPS": 1.42,
        "Total Revenue": NaN,
        "Gross Profit": 389,
        "Operating Income": 106,
        "EBIT": 129,
        "Net Income": 57
    },
    "2020-09-30": {
        "Diluted EPS": 1.34,
        "Total Revenue": NaN,
        "Gross Profit": 377,
        "Operating Income": 96,
        "EBIT": 119,
        "Net Income": 60
    },
    "2020-06-30": {
        "Diluted EPS": 0.71,
        "Total Revenue": NaN,
        "Gross Profit": 307,
        "Operating Income": 54,
        "EBIT": 76,
        "Net Income": 31
    },
    "2020-03-31": {
        "Diluted EPS": -4.68,
        "Total Revenue": NaN,
        "Gross Profit": 351,
        "Operating Income": -222,
        "EBIT": -200,
        "Net Income": -199
    },
    "2019-12-31": {
        "Diluted EPS": 1.05,
        "Total Revenue": NaN,
        "Gross Profit": 394,
        "Operating Income": 92,
        "EBIT": 115,
        "Net Income": 46
    },
    "2019-09-30": {
        "Diluted EPS": 0.66,
        "Total Revenue": NaN,
        "Gross Profit": 387,
        "Operating Income": 65,
        "EBIT": 89,
        "Net Income": 29
    },
    "2019-06-30": {
        "Diluted EPS": 0.61,
        "Total Revenue": NaN,
        "Gross Profit": 381,
        "Operating Income": 63,
        "EBIT": 86,
        "Net Income": 27
    },
    "2019-03-31": {
        "Diluted EPS": 0.98,
        "Total Revenue": NaN,
        "Gross Profit": 359,
        "Operating Income": 87,
        "EBIT": 110,
        "Net Income": 42
    },
    "2018-12-31": {
        "Diluted EPS": 0.51,
        "Total Revenue": NaN,
        "Gross Profit": 371,
        "Operating Income": 59,
        "EBIT": 82,
        "Net Income": 22
    },
    "2018-09-30": {
        "Diluted EPS": 0.35,
        "Total Revenue": NaN,
        "Gross Profit": 361,
        "Operating Income": 48,
        "EBIT": 72,
        "Net Income": 15
    },
    "2018-06-30": {
        "Diluted EPS": 0.39,
        "Total Revenue": NaN,
        "Gross Profit": 362,
        "Operating Income": 51,
        "EBIT": 75,
        "Net Income": 17
    },
    "2018-03-31": {
        "Diluted EPS": -0.05,
        "Total Revenue": NaN,
        "Gross Profit": 352,
        "Operating Income": 20,
        "EBIT": 45,
        "Net Income": -2
    },
    "2017-12-31": {
        "Diluted EPS": 1.39,
        "Total Revenue": NaN,
        "Gross Profit": 384,
        "Operating Income": 77,
        "EBIT": 101,
        "Net Income": 62
    },
    "2017-09-30": {
        "Diluted EPS": 0.44,
        "Total Revenue": NaN,
        "Gross Profit": 363,
        "Operating Income": 56,
        "EBIT": 79,
        "Net Income": 19
    },
    "2017-06-30": {
        "Diluted EPS": 0.27,
        "Total Revenue": NaN,
        "Gross Profit": 361,
        "Operating Income": 42,
        "EBIT": 65,
        "Net Income": 12
    },
    "2017-03-31": {
        "Diluted EPS": -0.01,
        "Total Revenue": NaN,
        "Gross Profit": 350,
        "Operating Income": 36,
        "EBIT": 58,
        "Net Income": -1
    },
    "2016-12-31": {
        "Diluted EPS": 0.82,
        "Total Revenue": NaN,
        "Gross Profit": 372,
        "Operating Income": 83,
        "EBIT": 104,
        "Net Income": 38
    },
    "2016-09-30": {
        "Diluted EPS": 0.4,
        "Total Revenue": NaN,
        "Gross Profit": 359,
        "Operating Income": 51,
        "EBIT": 72,
        "Net Income": 18
    },
    "2016-06-30": {
        "Diluted EPS": 0.5,
        "Total Revenue": NaN,
        "Gross Profit": 353,
        "Operating Income": 57,
        "EBIT": 77,
        "Net Income": 23
    },
    "2016-03-31": {
        "Diluted EPS": 0.31,
        "Total Revenue": NaN,
        "Gross Profit": 345,
        "Operating Income": 42,
        "EBIT": 62,
        "Net Income": 15
    },
    "2015-12-31": {
        "Diluted EPS": 0.62,
        "Total Revenue": NaN,
        "Gross Profit": 364,
        "Operating Income": 70,
        "EBIT": 89,
        "Net Income": 31
    },
    "2015-09-30": {
        "Diluted EPS": 0.52,
        "Total Revenue": NaN,
        "Gross Profit": 360,
        "Operating Income": 63,
        "EBIT": 81,
        "Net Income": 26
    },
    "2015-06-30": {
        "Diluted EPS": 0.29,
        "Total Revenue": NaN,
        "Gross Profit": 356,
        "Operating Income": 43,
        "EBIT": 61,
        "Net Income": 15
    },
    "2015-03-31": {
        "Diluted EPS": 0.27,
        "Total Revenue": NaN,
        "Gross Profit": 335,
        "Operating Income": 41,
        "EBIT": 59,
        "Net Income": 14
    },
    "2014-12-31": {
        "Diluted EPS": 0.5,
        "Total Revenue": NaN,
        "Gross Profit": 348,
        "Operating Income": 62,
        "EBIT": 78,
        "Net Income": 26
    },
    "2014-09-30": {
        "Diluted EPS": 0.47,
        "Total Revenue": NaN,
        "Gross Profit": 341,
        "Operating Income": 57,
        "EBIT": 72,
        "Net Income": 25
    },
    "2014-06-30": {
        "Diluted EPS": 0.51,
        "Total Revenue": NaN,
        "Gross Profit": 347,
        "Operating Income": 64,
        "EBIT": 79,
        "Net Income": 27
    },
    "2014-03-31": {
        "Diluted EPS": 0.36,
        "Total Revenue": NaN,
        "Gross Profit": 329,
        "Operating Income": 51,
        "EBIT": 66,
        "Net Income": 19
    },
    "2013-12-31": {
        "Diluted EPS": 0.52,
        "Total Revenue": NaN,
        "Gross Profit": 339,
        "Operating Income": 59,
        "EBIT": 75,
        "Net Income": 28
    },
    "2013-09-30": {
        "Diluted EPS": 0.44,
        "Total Revenue": NaN,
        "Gross Profit": 326,
        "Operating Income": 58,
        "EBIT": 73,
        "Net Income": 23
    },
    "2013-06-30": {
        "Diluted EPS": 0.17,
        "Total Revenue": NaN,
        "Gross Profit": 324,
        "Operating Income": 63,
        "EBIT": 77,
        "Net Income": 9
    },
    "2013-03-31": {
        "Diluted EPS": 0.4,
        "Total Revenue": NaN,
        "Gross Profit": 313,
        "Operating Income": 55,
        "EBIT": 68,
        "Net Income": 21
    },
    "2012-12-31": {
        "Diluted EPS": 0.53,
        "Total Revenue": NaN,
        "Gross Profit": 314,
        "Operating Income": 65,
        "EBIT": 78,
        "Net Income": 29
    },
    "2012-09-30": {
        "Diluted EPS": 0.18,
        "Total Revenue": NaN,
        "Gross Profit": 304,
        "Operating Income": 58,
        "EBIT": 71,
        "Net Income": 10
    },
    "2012-06-30": {
        "Diluted EPS": 0.47,
        "Total Revenue": NaN,
        "Gross Profit": 313,
        "Operating Income": 62,
        "EBIT": 75,
        "Net Income": 28
    },
    "2012-03-31": {
        "Diluted EPS": 0.35,
        "Total Revenue": NaN,
        "Gross Profit": 304,
        "Operating Income": 56,
        "EBIT": 70,
        "Net Income": 20
    },
    "2011-12-31": {
        "Diluted EPS": 0.35,
        "Total Revenue": NaN,
        "Gross Profit": 305,
        "Operating Income": 53,
        "EBIT": 65,
        "Net Income": 21
    },
    "2011-09-30": {
        "Diluted EPS": 0.33,
        "Total Revenue": NaN,
        "Gross Profit": 293,
        "Operating Income": 55,
        "EBIT": 69,
        "Net Income": 19
    },
    "2011-06-30": {
        "Diluted EPS": 0.35,
        "Total Revenue": NaN,
        "Gross Profit": 306,
        "Operating Income": 59,
        "EBIT": 72,
        "Net Income": 21
    },
    "2011-03-31": {
        "Diluted EPS": 0.26,
        "Total Revenue": NaN,
        "Gross Profit": 287,
        "Operating Income": 48,
        "EBIT": 62,
        "Net Income": 15
    },
    "2010-12-31": {
        "Diluted EPS": 1.0,
        "Total Revenue": NaN,
        "Gross Profit": 285,
        "Operating Income": 51,
        "EBIT": 63,
        "Net Income": 64
    },
    "2010-09-30": {
        "Diluted EPS": 0.23,
        "Total Revenue": NaN,
        "Gross Profit": 282,
        "Operating Income": 47,
        "EBIT": 59,
        "Net Income": 13
    },
    "2010-06-30": {
        "Diluted EPS": 0.16,
        "Total Revenue": NaN,
        "Gross Profit": 282,
        "Operating Income": 48,
        "EBIT": 60,
        "Net Income": 8
    },
    "2010-03-31": {
        "Diluted EPS": 0.08,
        "Total Revenue": NaN,
        "Gross Profit": 266,
        "Operating Income": 37,
        "EBIT": 49,
        "Net Income": 4
    },
    "2009-12-31": {
        "Diluted EPS": 0.41,
        "Total Revenue": NaN,
        "Gross Profit": 251,
        "Operating Income": 19,
        "EBIT": 36,
        "Net Income": 14
    },
    "2009-09-30": {
        "Diluted EPS": 0.17,
        "Total Revenue": NaN,
        "Gross Profit": 274,
        "Operating Income": 51,
        "EBIT": 67,
        "Net Income": 16
    },
    "2009-06-30": {
        "Diluted EPS": 0.0,
        "Total Revenue": NaN,
        "Gross Profit": 260,
        "Operating Income": 41,
        "EBIT": 61,
        "Net Income": 0
    },
    "2009-03-31": {
        "Diluted EPS": 0.04,
        "Total Revenue": NaN,
        "Gross Profit": 247,
        "Operating Income": 34,
        "EBIT": 46,
        "Net Income": 2
    },
    "2023-09-30": {
        "Tax Effect Of Unusual Items": -50000.0,
        "Tax Rate For Calcs": 0.25,
        "Normalized EBITDA": 171200000.0,
        "Total Unusual Items": -200000.0,
        "Total Unusual Items Excluding Goodwill": -200000.0,
        "Net Income From Continuing Operation Net Minority Interest": 68400000.0,
        "Reconciled Depreciation": 30700000.0,
        "Reconciled Cost Of Revenue": 3065800000.0,
        "EBITDA": 171000000.0,
        "EBIT": 135800000.0,
        "Net Interest Income": -46200000.0,
        "Interest Expense": 44600000.0,
        "Normalized Income": 68550000.0,
        "Net Income From Continuing And Discontinued Operation": 68400000.0,
        "Total Expenses": 3506100000.0,
        "Rent Expense Supplemental": 11700000.0,
        "Total Operating Income As Reported": 137400000.0,
        "Diluted Average Shares": 35600000.0,
        "Basic Average Shares": 34900000.0,
        "Diluted EPS": 1.92,
        "Basic EPS": 1.96,
        "Diluted NI Availto Com Stockholders": 68400000.0,
        "Net Income Common Stockholders": 68400000.0,
        "Net Income": 68400000.0,
        "Net Income Including Noncontrolling Interests": 68400000.0,
        "Net Income Discontinuous Operations": NaN,
        "Net Income Continuous Operations": 68400000.0,
        "Tax Provision": 22800000.0,
        "Pretax Income": 91200000.0,
        "Other Income Expense": NaN,
        "Other Non Operating Income Expenses": 200000.0,
        "Special Income Charges": 0.0,
        "Write Off": NaN,
        "Impairment Of Capital Assets": 0.0,
        "Gain On Sale Of Security": -200000.0,
        "Net Non Operating Interest Income Expense": -46200000.0,
        "Total Other Finance Cost": 1600000.0,
        "Interest Expense Non Operating": 44600000.0,
        "Operating Income": 137400000.0,
        "Operating Expense": 444800000.0,
        "Depreciation Amortization Depletion Income Statement": 35200000.0,
        "Depreciation And Amortization In Income Statement": 35200000.0,
        "Selling General And Administration": 409600000.0,
        "Selling And Marketing Expense": 22500000.0,
        "General And Administrative Expense": 387100000.0,
        "Other Gand A": 119400000.0,
        "Rent And Landing Fees": 11700000.0,
        "Salaries And Wages": 256000000.0,
        "Gross Profit": 582200000.0,
        "Cost Of Revenue": 3061300000.0,
        "Total Revenue": 3643500000.0,
        "Operating Revenue": 3643500000.0
    },
    "2023-12-31": {
        "Tax Effect Of Unusual Items": -4892307.692308,
        "Tax Rate For Calcs": 0.291209,
        "Normalized EBITDA": 153100000.0,
        "Total Unusual Items": -16800000.0,
        "Total Unusual Items Excluding Goodwill": -16800000.0,
        "Net Income From Continuing Operation Net Minority Interest": 38700000.0,
        "Reconciled Depreciation": 32200000.0,
        "Reconciled Cost Of Revenue": 3048100000.0,
        "EBITDA": 136300000.0,
        "EBIT": 99700000.0,
        "Net Interest Income": -46600000.0,
        "Interest Expense": 45100000.0,
        "Normalized Income": 50607692.307692,
        "Net Income From Continuing And Discontinued Operation": 38700000.0,
        "Total Expenses": 3466600000.0,
        "Rent Expense Supplemental": 11600000.0,
        "Total Operating Income As Reported": 101500000.0,
        "Diluted Average Shares": 34800000.0,
        "Basic Average Shares": 33900000.0,
        "Diluted EPS": 1.11,
        "Basic EPS": 1.14,
        "Diluted NI Availto Com Stockholders": 38700000.0,
        "Net Income Common Stockholders": 38700000.0,
        "Net Income": 38700000.0,
        "Net Income Including Noncontrolling Interests": 38700000.0,
        "Net Income Discontinuous Operations": NaN,
        "Net Income Continuous Operations": 38700000.0,
        "Tax Provision": 15900000.0,
        "Pretax Income": 54600000.0,
        "Other Income Expense": -17000000.0,
        "Other Non Operating Income Expenses": -200000.0,
        "Special Income Charges": -16700000.0,
        "Write Off": NaN,
        "Impairment Of Capital Assets": 16700000.0,
        "Gain On Sale Of Security": -100000.0,
        "Net Non Operating Interest Income Expense": -46600000.0,
        "Total Other Finance Cost": 1600000.0,
        "Interest Expense Non Operating": 45100000.0,
        "Operating Income": 118200000.0,
        "Operating Expense": 422900000.0,
        "Depreciation Amortization Depletion Income Statement": 36600000.0,
        "Depreciation And Amortization In Income Statement": 36600000.0,
        "Selling General And Administration": 386300000.0,
        "Selling And Marketing Expense": 20800000.0,
        "General And Administrative Expense": 365500000.0,
        "Other Gand A": 1129700000.0,
        "Rent And Landing Fees": 11600000.0,
        "Salaries And Wages": 240500000.0,
        "Gross Profit": 541100000.0,
        "Cost Of Revenue": 3043700000.0,
        "Total Revenue": 3584800000.0,
        "Operating Revenue": 3584800000.0
    },
    "2024-03-31": {
        "Tax Effect Of Unusual Items": -270000.0,
        "Tax Rate For Calcs": 0.27,
        "Normalized EBITDA": 142500000.0,
        "Total Unusual Items": -1000000.0,
        "Total Unusual Items Excluding Goodwill": -1000000.0,
        "Net Income From Continuing Operation Net Minority Interest": 42000000.0,
        "Reconciled Depreciation": 31500000.0,
        "Reconciled Cost Of Revenue": 2852600000.0,
        "EBITDA": 141500000.0,
        "EBIT": 105200000.0,
        "Net Interest Income": -49300000.0,
        "Interest Expense": 47700000.0,
        "Normalized Income": 42730000.0,
        "Net Income From Continuing And Discontinued Operation": 42000000.0,
        "Total Expenses": 3276300000.0,
        "Rent Expense Supplemental": 9300000.0,
        "Total Operating Income As Reported": 106700000.0,
        "Diluted Average Shares": 34900000.0,
        "Basic Average Shares": 34000000.0,
        "Diluted EPS": 1.2,
        "Basic EPS": 1.24,
        "Diluted NI Availto Com Stockholders": 42000000.0,
        "Net Income Common Stockholders": 42000000.0,
        "Net Income": 42000000.0,
        "Net Income Including Noncontrolling Interests": 42000000.0,
        "Net Income Discontinuous Operations": NaN,
        "Net Income Continuous Operations": 42000000.0,
        "Tax Provision": 15500000.0,
        "Pretax Income": 57500000.0,
        "Other Income Expense": -900000.0,
        "Other Non Operating Income Expenses": 100000.0,
        "Special Income Charges": -1000000.0,
        "Write Off": 1000000.0,
        "Impairment Of Capital Assets": NaN,
        "Gain On Sale Of Security": NaN,
        "Net Non Operating Interest Income Expense": -49300000.0,
        "Total Other Finance Cost": 1600000.0,
        "Interest Expense Non Operating": 47700000.0,
        "Operating Income": 107700000.0,
        "Operating Expense": 428500000.0,
        "Depreciation Amortization Depletion Income Statement": 36300000.0,
        "Depreciation And Amortization In Income Statement": 36300000.0,
        "Selling General And Administration": 392200000.0,
        "Selling And Marketing Expense": 22300000.0,
        "General And Administrative Expense": 369900000.0,
        "Other Gand A": 360600000.0,
        "Rent And Landing Fees": 9300000.0,
        "Salaries And Wages": NaN,
        "Gross Profit": 536200000.0,
        "Cost Of Revenue": 2847800000.0,
        "Total Revenue": 3384000000.0,
        "Operating Revenue": 3384000000.0
    }
}