{
    "2023-04-30": {
        "Tax Effect Of Unusual Items": 0.0,
        "Tax Rate For Calcs": 0.2,
        "Normalized EBITDA": 192000000.0,
        "Total Unusual Items": 0.0,
        "Total Unusual Items Excluding Goodwill": 0.0,
        "Net Income From Continuing Operation Net Minority Interest": 98000000.0,
        "Reconciled Depreciation": 36000000.0,
        "Reconciled Cost Of Revenue": 1793000000.0,
        "EBITDA": 192000000.0,
        "EBIT": 156000000.0,
        "Net Interest Income": -33000000.0,
        "Interest Expense": 33000000.0,
        "Normalized Income": 98000000.0,
        "Net Income From Continuing And Discontinued Operation": 98000000.0,
        "Total Expenses": 1871000000.0,
        "Total Operating Income As Reported": 157000000.0,
        "Diluted Average Shares": 54800000.0,
        "Basic Average Shares": 54300000.0,
        "Diluted EPS": 1.79,
        "Basic EPS": 1.8,
        "Diluted NI Availto Com Stockholders": 98000000.0,
        "Net Income Common Stockholders": 98000000.0,
        "Net Income": 98000000.0,
        "Minority Interests": 0.0,
        "Net Income Including Noncontrolling Interests": 98000000.0,
        "Net Income Continuous Operations": 98000000.0,
        "Tax Provision": 25000000.0,
        "Pretax Income": 123000000.0,
        "Other Income Expense": -1000000.0,
        "Other Non Operating Income Expenses": -1000000.0,
        "Special Income Charges": 0.0,
        "Restructuring And Mergern Acquisition": 0.0,
        "Net Non Operating Interest Income Expense": -33000000.0,
        "Interest Expense Non Operating": 33000000.0,
        "Operating Income": 157000000.0,
        "Operating Expense": 78000000.0,
        "Other Operating Expenses": -6000000.0,
        "Selling General And Administration": 84000000.0,
        "Gross Profit": 235000000.0,
        "Cost Of Revenue": 1793000000.0,
        "Total Revenue": 2028000000.0,
        "Operating Revenue": 2028000000.0
    },
    "2023-01-31": {
        "Tax Effect Of Unusual Items": -235294.117647,
        "Tax Rate For Calcs": 0.117647,
        "Normalized EBITDA": 159000000.0,
        "Total Unusual Items": -2000000.0,
        "Total Unusual Items Excluding Goodwill": -2000000.0,
        "Net Income From Continuing Operation Net Minority Interest": 74000000.0,
        "Reconciled Depreciation": 39000000.0,
        "Reconciled Cost Of Revenue": 1746000000.0,
        "EBITDA": 157000000.0,
        "EBIT": 118000000.0,
        "Net Interest Income": -33000000.0,
        "Interest Expense": 33000000.0,
        "Normalized Income": 75764705.882353,
        "Net Income From Continuing And Discontinued Operation": 74000000.0,
        "Total Expenses": 1848000000.0,
        "Total Operating Income As Reported": 118000000.0,
        "Diluted Average Shares": 55300000.0,
        "Basic Average Shares": 54600000.0,
        "Diluted EPS": 1.34,
        "Basic EPS": 1.36,
        "Diluted NI Availto Com Stockholders": 74000000.0,
        "Net Income Common Stockholders": 74000000.0,
        "Net Income": 74000000.0,
        "Minority Interests": -1000000.0,
        "Net Income Including Noncontrolling Interests": 75000000.0,
        "Net Income Continuous Operations": 75000000.0,
        "Tax Provision": 10000000.0,
        "Pretax Income": 85000000.0,
        "Other Income Expense": -2000000.0,
        "Other Non Operating Income Expenses": 0.0,
        "Special Income Charges": -2000000.0,
        "Restructuring And Mergern Acquisition": 2000000.0,
        "Net Non Operating Interest Income Expense": -33000000.0,
        "Interest Expense Non Operating": 33000000.0,
        "Operating Income": 120000000.0,
        "Operating Expense": 102000000.0,
        "Other Operating Expenses": NaN,
        "Selling General And Administration": 102000000.0,
        "Gross Profit": 222000000.0,
        "Cost Of Revenue": 1746000000.0,
        "Total Revenue": 1968000000.0,
        "Operating Revenue": 1968000000.0
    },
    "2022-10-31": {
        "Tax Effect Of Unusual Items": -203000.0,
        "Tax Rate For Calcs": 0.203,
        "Normalized EBITDA": 168000000.0,
        "Total Unusual Items": -1000000.0,
        "Total Unusual Items Excluding Goodwill": -1000000.0,
        "Net Income From Continuing Operation Net Minority Interest": 80000000.0,
        "Reconciled Depreciation": 37000000.0,
        "Reconciled Cost Of Revenue": 1688000000.0,
        "EBITDA": 167000000.0,
        "EBIT": 130000000.0,
        "Net Interest Income": -30000000.0,
        "Interest Expense": 30000000.0,
        "Normalized Income": 80797000.0,
        "Net Income From Continuing And Discontinued Operation": 80000000.0,
        "Total Expenses": 1775000000.0,
        "Total Operating Income As Reported": 133000000.0,
        "Diluted Average Shares": 55500000.0,
        "Basic Average Shares": 55000000.0,
        "Diluted EPS": 1.45,
        "Basic EPS": 1.45,
        "Diluted NI Availto Com Stockholders": 80000000.0,
        "Net Income Common Stockholders": 80000000.0,
        "Net Income": 80000000.0,
        "Minority Interests": 0.0,
        "Net Income Including Noncontrolling Interests": 80000000.0,
        "Net Income Continuous Operations": 80000000.0,
        "Tax Provision": 20000000.0,
        "Pretax Income": 100000000.0,
        "Other Income Expense": -4000000.0,
        "Other Non Operating Income Expenses": -3000000.0,
        "Special Income Charges": -1000000.0,
        "Restructuring And Mergern Acquisition": 1000000.0,
        "Net Non Operating Interest Income Expense": -30000000.0,
        "Interest Expense Non Operating": 30000000.0,
        "Operating Income": 134000000.0,
        "Operating Expense": 87000000.0,
        "Other Operating Expenses": NaN,
        "Selling General And Administration": 87000000.0,
        "Gross Profit": 221000000.0,
        "Cost Of Revenue": 1688000000.0,
        "Total Revenue": 1909000000.0,
        "Operating Revenue": 1909000000.0
    },
    "2022-07-31": {
        "Tax Effect Of Unusual Items": -218000.0,
        "Tax Rate For Calcs": 0.218,
        "Normalized EBITDA": 166000000.0,
        "Total Unusual Items": -1000000.0,
        "Total Unusual Items Excluding Goodwill": -1000000.0,
        "Net Income From Continuing Operation Net Minority Interest": 73000000.0,
        "Reconciled Depreciation": 40000000.0,
        "Reconciled Cost Of Revenue": 1612000000.0,
        "EBITDA": 165000000.0,
        "EBIT": 125000000.0,
        "Net Interest Income": -30000000.0,
        "Interest Expense": 30000000.0,
        "Normalized Income": 73782000.0,
        "Net Income From Continuing And Discontinued Operation": 73000000.0,
        "Total Expenses": 1705000000.0,
        "Total Operating Income As Reported": 125000000.0,
        "Diluted Average Shares": 55900000.0,
        "Basic Average Shares": 55600000.0,
        "Diluted EPS": 1.3,
        "Basic EPS": 1.31,
        "Diluted NI Availto Com Stockholders": 73000000.0,
        "Net Income Common Stockholders": 73000000.0,
        "Net Income": 73000000.0,
        "Minority Interests": -1000000.0,
        "Net Income Including Noncontrolling Interests": 74000000.0,
        "Net Income Discontinuous Operations": NaN,
        "Net Income Continuous Operations": 74000000.0,
        "Tax Provision": 21000000.0,
        "Pretax Income": 95000000.0,
        "Other Income Expense": -1000000.0,
        "Other Non Operating Income Expenses": NaN,
        "Special Income Charges": -1000000.0,
        "Restructuring And Mergern Acquisition": 1000000.0,
        "Net Non Operating Interest Income Expense": -30000000.0,
        "Interest Expense Non Operating": 30000000.0,
        "Operating Income": 126000000.0,
        "Operating Expense": 93000000.0,
        "Other Operating Expenses": NaN,
        "Selling General And Administration": 93000000.0,
        "Gross Profit": 219000000.0,
        "Cost Of Revenue": 1612000000.0,
        "Total Revenue": 1831000000.0,
        "Operating Revenue": 1831000000.0
    },
    "2022-04-30": {
        "Diluted EPS": 1.29,
        "Total Revenue": NaN,
        "Gross Profit": 226,
        "Operating Income": 125,
        "EBIT": 166,
        "Net Income": 73
    },
    "2022-01-31": {
        "Diluted EPS": 0.76,
        "Total Revenue": NaN,
        "Gross Profit": 197,
        "Operating Income": 85,
        "EBIT": 125,
        "Net Income": 43
    },
    "2021-10-31": {
        "Diluted EPS": 1.22,
        "Total Revenue": NaN,
        "Gross Profit": 213,
        "Operating Income": 114,
        "EBIT": 147,
        "Net Income": 71
    },
    "2021-07-31": {
        "Diluted EPS": 1.41,
        "Total Revenue": NaN,
        "Gross Profit": 232,
        "Operating Income": 133,
        "EBIT": 159,
        "Net Income": 82
    },
    "2021-04-30": {
        "Diluted EPS": 1.38,
        "Total Revenue": NaN,
        "Gross Profit": 217,
        "Operating Income": 130,
        "EBIT": 170,
        "Net Income": 81
    },
    "2021-01-31": {
        "Diluted EPS": 1.05,
        "Total Revenue": NaN,
        "Gross Profit": 200,
        "Operating Income": 102,
        "EBIT": 148,
        "Net Income": 62
    },
    "2020-10-31": {
        "Diluted EPS": 1.02,
        "Total Revenue": NaN,
        "Gross Profit": 209,
        "Operating Income": 110,
        "EBIT": 161,
        "Net Income": 60
    },
    "2020-07-31": {
        "Diluted EPS": 0.87,
        "Total Revenue": NaN,
        "Gross Profit": 200,
        "Operating Income": 100,
        "EBIT": 149,
        "Net Income": 51
    },
    "2020-04-30": {
        "Diluted EPS": 0.62,
        "Total Revenue": NaN,
        "Gross Profit": 183,
        "Operating Income": 78,
        "EBIT": 117,
        "Net Income": 36
    },
    "2020-01-31": {
        "Diluted EPS": 1.01,
        "Total Revenue": NaN,
        "Gross Profit": 167,
        "Operating Income": 88,
        "EBIT": 123,
        "Net Income": 59
    },
    "2019-10-31": {
        "Diluted EPS": 0.94,
        "Total Revenue": NaN,
        "Gross Profit": 174,
        "Operating Income": 94,
        "EBIT": 127,
        "Net Income": 55
    },
    "2019-07-31": {
        "Diluted EPS": 0.96,
        "Total Revenue": NaN,
        "Gross Profit": 185,
        "Operating Income": 95,
        "EBIT": 129,
        "Net Income": 57
    },
    "2019-04-30": {
        "Diluted EPS": 0.92,
        "Total Revenue": NaN,
        "Gross Profit": 180,
        "Operating Income": 93,
        "EBIT": 129,
        "Net Income": 55
    },
    "2019-01-31": {
        "Diluted EPS": -0.26,
        "Total Revenue": NaN,
        "Gross Profit": 122,
        "Operating Income": 7,
        "EBIT": 23,
        "Net Income": -9
    },
    "2018-10-31": {
        "Diluted EPS": 1.11,
        "Total Revenue": NaN,
        "Gross Profit": 129,
        "Operating Income": 73,
        "EBIT": 84,
        "Net Income": 48
    },
    "2018-07-31": {
        "Diluted EPS": 1.13,
        "Total Revenue": NaN,
        "Gross Profit": 112,
        "Operating Income": 74,
        "EBIT": 85,
        "Net Income": 49
    },
    "2018-04-30": {
        "Diluted EPS": 1.13,
        "Total Revenue": NaN,
        "Gross Profit": 101,
        "Operating Income": 66,
        "EBIT": 77,
        "Net Income": 49
    },
    "2018-01-31": {
        "Diluted EPS": 1.16,
        "Total Revenue": NaN,
        "Gross Profit": 107,
        "Operating Income": 62,
        "EBIT": 75,
        "Net Income": 51
    },
    "2017-10-31": {
        "Diluted EPS": 0.98,
        "Total Revenue": NaN,
        "Gross Profit": 109,
        "Operating Income": 72,
        "EBIT": 83,
        "Net Income": 43
    },
    "2017-07-31": {
        "Diluted EPS": 0.8,
        "Total Revenue": NaN,
        "Gross Profit": 99,
        "Operating Income": 59,
        "EBIT": 71,
        "Net Income": 36
    },
    "2017-04-30": {
        "Diluted EPS": 1.08,
        "Total Revenue": NaN,
        "Gross Profit": 96,
        "Operating Income": 63,
        "EBIT": 73,
        "Net Income": 49
    },
    "2017-01-31": {
        "Diluted EPS": 0.69,
        "Total Revenue": NaN,
        "Gross Profit": 99,
        "Operating Income": 53,
        "EBIT": 65,
        "Net Income": 31
    },
    "2016-10-31": {
        "Diluted EPS": 0.91,
        "Total Revenue": NaN,
        "Gross Profit": 114,
        "Operating Income": 74,
        "EBIT": 87,
        "Net Income": 42
    },
    "2016-07-31": {
        "Diluted EPS": 0.81,
        "Total Revenue": NaN,
        "Gross Profit": 109,
        "Operating Income": 70,
        "EBIT": 82,
        "Net Income": 37
    },
    "2016-04-30": {
        "Diluted EPS": 0.71,
        "Total Revenue": NaN,
        "Gross Profit": 117,
        "Operating Income": 66,
        "EBIT": 82,
        "Net Income": 33
    },
    "2016-01-31": {
        "Diluted EPS": 0.6,
        "Total Revenue": NaN,
        "Gross Profit": 106,
        "Operating Income": 54,
        "EBIT": 74,
        "Net Income": 28
    },
    "2015-10-31": {
        "Diluted EPS": 0.72,
        "Total Revenue": NaN,
        "Gross Profit": 106,
        "Operating Income": 64,
        "EBIT": 82,
        "Net Income": 34
    },
    "2015-07-31": {
        "Diluted EPS": 0.46,
        "Total Revenue": NaN,
        "Gross Profit": 113,
        "Operating Income": 52,
        "EBIT": 71,
        "Net Income": 22
    },
    "2015-04-30": {
        "Diluted EPS": 0.69,
        "Total Revenue": NaN,
        "Gross Profit": 86,
        "Operating Income": 57,
        "EBIT": 62,
        "Net Income": 33
    },
    "2015-01-31": {
        "Diluted EPS": 0.75,
        "Total Revenue": 952,
        "Gross Profit": 86,
        "Operating Income": 59,
        "EBIT": 64,
        "Net Income": 36
    },
    "2014-10-31": {
        "Diluted EPS": 0.77,
        "Total Revenue": NaN,
        "Gross Profit": 87,
        "Operating Income": 63,
        "EBIT": 69,
        "Net Income": 37
    },
    "2014-07-31": {
        "Diluted EPS": 0.7,
        "Total Revenue": 952,
        "Gross Profit": 81,
        "Operating Income": 59,
        "EBIT": 64,
        "Net Income": 34
    },
    "2014-04-30": {
        "Diluted EPS": 0.69,
        "Total Revenue": 977,
        "Gross Profit": 81,
        "Operating Income": 59,
        "EBIT": 64,
        "Net Income": 34
    },
    "2014-01-31": {
        "Diluted EPS": 0.66,
        "Total Revenue": 941,
        "Gross Profit": 80,
        "Operating Income": 56,
        "EBIT": 59,
        "Net Income": 33
    },
    "2013-10-31": {
        "Diluted EPS": 0.44,
        "Total Revenue": NaN,
        "Gross Profit": 82,
        "Operating Income": 37,
        "EBIT": 43,
        "Net Income": 22
    },
    "2013-07-31": {
        "Diluted EPS": 0.5,
        "Total Revenue": NaN,
        "Gross Profit": 74,
        "Operating Income": 38,
        "EBIT": 39,
        "Net Income": 25
    },
    "2013-04-30": {
        "Diluted EPS": 0.67,
        "Total Revenue": NaN,
        "Gross Profit": 97,
        "Operating Income": 52,
        "EBIT": 55,
        "Net Income": 33
    },
    "2013-01-31": {
        "Diluted EPS": 0.87,
        "Total Revenue": NaN,
        "Gross Profit": 89,
        "Operating Income": 61,
        "EBIT": 164,
        "Net Income": 43
    },
    "2012-10-31": {
        "Diluted EPS": 0.9,
        "Total Revenue": NaN,
        "Gross Profit": 112,
        "Operating Income": 73,
        "EBIT": 76,
        "Net Income": 45
    },
    "2012-07-31": {
        "Diluted EPS": 0.79,
        "Total Revenue": NaN,
        "Gross Profit": 97,
        "Operating Income": 62,
        "EBIT": 42,
        "Net Income": 38
    },
    "2012-04-30": {
        "Diluted EPS": 0.0,
        "Total Revenue": NaN,
        "Gross Profit": 331,
        "Operating Income": 208,
        "EBIT": 235,
        "Net Income": 117
    },
    "2012-01-31": {
        "Diluted EPS": 0.0,
        "Total Revenue": NaN,
        "Gross Profit": NaN,
        "Operating Income": NaN,
        "EBIT": NaN,
        "Net Income": -36
    },
    "2011-10-31": {
        "Diluted EPS": 0.0,
        "Total Revenue": NaN,
        "Gross Profit": NaN,
        "Operating Income": NaN,
        "EBIT": NaN,
        "Net Income": -91
    },
    "2011-07-31": {
        "Diluted EPS": 0.0,
        "Total Revenue": NaN,
        "Gross Profit": 338,
        "Operating Income": 209,
        "EBIT": 236,
        "Net Income": 178
    },
    "2011-04-30": {
        "Diluted EPS": 0.0,
        "Total Revenue": NaN,
        "Gross Profit": 331,
        "Operating Income": 230,
        "EBIT": 258,
        "Net Income": 131
    },
    "2011-01-31": {
        "Diluted EPS": 0.0,
        "Total Revenue": NaN,
        "Gross Profit": NaN,
        "Operating Income": NaN,
        "EBIT": NaN,
        "Net Income": NaN
    },
    "2010-10-31": {
        "Diluted EPS": 0.0,
        "Total Revenue": NaN,
        "Gross Profit": 376,
        "Operating Income": 252,
        "EBIT": 252,
        "Net Income": 171
    },
    "2010-01-31": {
        "Diluted EPS": 0.0,
        "Total Revenue": NaN,
        "Gross Profit": NaN,
        "Operating Income": NaN,
        "EBIT": NaN,
        "Net Income": NaN
    },
    "2023-07-31": {
        "Tax Effect Of Unusual Items": -264000.0,
        "Tax Rate For Calcs": 0.264,
        "Normalized EBITDA": 405000000.0,
        "Total Unusual Items": -1000000.0,
        "Total Unusual Items Excluding Goodwill": -1000000.0,
        "Net Income From Continuing Operation Net Minority Interest": 247000000.0,
        "Reconciled Depreciation": 36000000.0,
        "Reconciled Cost Of Revenue": 1568000000.0,
        "EBITDA": 404000000.0,
        "EBIT": 368000000.0,
        "Net Interest Income": -33000000.0,
        "Interest Expense": 33000000.0,
        "Normalized Income": 247736000.0,
        "Net Income From Continuing And Discontinued Operation": 247000000.0,
        "Total Expenses": 1421000000.0,
        "Total Operating Income As Reported": 362000000.0,
        "Diluted Average Shares": 53900000.0,
        "Basic Average Shares": 53500000.0,
        "Diluted EPS": 4.56,
        "Basic EPS": 4.6,
        "Diluted NI Availto Com Stockholders": 247000000.0,
        "Net Income Common Stockholders": 247000000.0,
        "Net Income": 247000000.0,
        "Minority Interests": 0.0,
        "Net Income Including Noncontrolling Interests": 247000000.0,
        "Net Income Continuous Operations": 247000000.0,
        "Tax Provision": 88000000.0,
        "Pretax Income": 335000000.0,
        "Other Income Expense": 5000000.0,
        "Other Non Operating Income Expenses": 6000000.0,
        "Special Income Charges": -1000000.0,
        "Restructuring And Mergern Acquisition": 1000000.0,
        "Net Non Operating Interest Income Expense": -33000000.0,
        "Interest Expense Non Operating": 33000000.0,
        "Operating Income": 363000000.0,
        "Operating Expense": -147000000.0,
        "Other Operating Expenses": -235000000.0,
        "Selling General And Administration": 88000000.0,
        "Gross Profit": 216000000.0,
        "Cost Of Revenue": 1568000000.0,
        "Total Revenue": 1784000000.0,
        "Operating Revenue": 1784000000.0
    },
    "2023-10-31": {
        "Tax Effect Of Unusual Items": 0.0,
        "Tax Rate For Calcs": 0.18,
        "Normalized EBITDA": 179000000.0,
        "Total Unusual Items": 0.0,
        "Total Unusual Items Excluding Goodwill": 0.0,
        "Net Income From Continuing Operation Net Minority Interest": 93000000.0,
        "Reconciled Depreciation": 34000000.0,
        "Reconciled Cost Of Revenue": 1666000000.0,
        "EBITDA": 179000000.0,
        "EBIT": 145000000.0,
        "Net Interest Income": -31000000.0,
        "Interest Expense": 31000000.0,
        "Normalized Income": 93000000.0,
        "Net Income From Continuing And Discontinued Operation": 93000000.0,
        "Total Expenses": 1752000000.0,
        "Total Operating Income As Reported": 143000000.0,
        "Diluted Average Shares": 53300000.0,
        "Basic Average Shares": 52800000.0,
        "Diluted EPS": 1.76,
        "Basic EPS": 1.79,
        "Diluted NI Availto Com Stockholders": 93000000.0,
        "Net Income Common Stockholders": 93000000.0,
        "Net Income": 93000000.0,
        "Minority Interests": 0.0,
        "Net Income Including Noncontrolling Interests": 93000000.0,
        "Net Income Continuous Operations": 93000000.0,
        "Tax Provision": 21000000.0,
        "Pretax Income": 114000000.0,
        "Other Income Expense": 2000000.0,
        "Other Non Operating Income Expenses": 2000000.0,
        "Special Income Charges": 0.0,
        "Restructuring And Mergern Acquisition": 0.0,
        "Net Non Operating Interest Income Expense": -31000000.0,
        "Interest Expense Non Operating": 31000000.0,
        "Operating Income": 143000000.0,
        "Operating Expense": 86000000.0,
        "Other Operating Expenses": -1000000.0,
        "Selling General And Administration": 87000000.0,
        "Gross Profit": 229000000.0,
        "Cost Of Revenue": 1666000000.0,
        "Total Revenue": 1895000000.0,
        "Operating Revenue": 1895000000.0
    },
    "2024-01-31": {
        "Tax Effect Of Unusual Items": 45000000.0,
        "Tax Rate For Calcs": 0.1875,
        "Normalized EBITDA": -133000000.0,
        "Total Unusual Items": 240000000.0,
        "Total Unusual Items Excluding Goodwill": 240000000.0,
        "Net Income From Continuing Operation Net Minority Interest": 39000000.0,
        "Reconciled Depreciation": 36000000.0,
        "Reconciled Cost Of Revenue": 1545000000.0,
        "EBITDA": 107000000.0,
        "EBIT": 71000000.0,
        "Net Interest Income": -23000000.0,
        "Interest Expense": 23000000.0,
        "Normalized Income": -156000000.0,
        "Net Income From Continuing And Discontinued Operation": 39000000.0,
        "Total Expenses": 1898000000.0,
        "Total Operating Income As Reported": 79000000.0,
        "Diluted Average Shares": 52700000.0,
        "Basic Average Shares": 52000000.0,
        "Diluted EPS": 0.74,
        "Basic EPS": 0.75,
        "Diluted NI Availto Com Stockholders": 39000000.0,
        "Net Income Common Stockholders": 39000000.0,
        "Net Income": 39000000.0,
        "Minority Interests": 0.0,
        "Net Income Including Noncontrolling Interests": 39000000.0,
        "Net Income Continuous Operations": 39000000.0,
        "Tax Provision": 9000000.0,
        "Pretax Income": 48000000.0,
        "Other Income Expense": 232000000.0,
        "Other Non Operating Income Expenses": -8000000.0,
        "Special Income Charges": 240000000.0,
        "Restructuring And Mergern Acquisition": 0.0,
        "Net Non Operating Interest Income Expense": -23000000.0,
        "Interest Expense Non Operating": 23000000.0,
        "Operating Income": -161000000.0,
        "Operating Expense": 353000000.0,
        "Other Operating Expenses": 239000000.0,
        "Selling General And Administration": 114000000.0,
        "Gross Profit": 192000000.0,
        "Cost Of Revenue": 1545000000.0,
        "Total Revenue": 1737000000.0,
        "Operating Revenue": 1737000000.0
    }
}