{
    "2023-03-31": {
        "Tax Effect Of Unusual Items": 0.0,
        "Tax Rate For Calcs": 0.0,
        "Normalized EBITDA": -26121000.0,
        "Net Income From Continuing Operation Net Minority Interest": -24271000.0,
        "Reconciled Depreciation": 391000.0,
        "EBITDA": -26121000.0,
        "EBIT": -26512000.0,
        "Net Interest Income": 2051000.0,
        "Interest Income": 2051000.0,
        "Normalized Income": -24271000.0,
        "Net Income From Continuing And Discontinued Operation": -24271000.0,
        "Total Expenses": 26512000.0,
        "Total Operating Income As Reported": -26512000.0,
        "Diluted Average Shares": 41739000.0,
        "Basic Average Shares": 41739000.0,
        "Diluted EPS": -0.58,
        "Basic EPS": -0.58,
        "Diluted NI Availto Com Stockholders": -24271000.0,
        "Net Income Common Stockholders": -24271000.0,
        "Net Income": -24271000.0,
        "Net Income Including Noncontrolling Interests": -24271000.0,
        "Net Income Continuous Operations": -24271000.0,
        "Pretax Income": -24271000.0,
        "Other Income Expense": 190000.0,
        "Other Non Operating Income Expenses": 190000.0,
        "Net Non Operating Interest Income Expense": 2051000.0,
        "Interest Income Non Operating": 2051000.0,
        "Operating Income": -26512000.0,
        "Operating Expense": 26512000.0,
        "Research And Development": 22120000.0,
        "Selling General And Administration": 4392000.0,
        "General And Administrative Expense": 4392000.0,
        "Other Gand A": 4392000.0,
        "Total Revenue": 0.0,
        "Operating Revenue": 0.0
    },
    "2022-12-31": {
        "Tax Effect Of Unusual Items": 0.0,
        "Tax Rate For Calcs": 0.0,
        "Normalized EBITDA": -20548000.0,
        "Net Income From Continuing Operation Net Minority Interest": -19134000.0,
        "Reconciled Depreciation": 389000.0,
        "EBITDA": -20548000.0,
        "EBIT": -20937000.0,
        "Net Interest Income": 1554000.0,
        "Interest Income": 1554000.0,
        "Normalized Income": -19134000.0,
        "Net Income From Continuing And Discontinued Operation": -19134000.0,
        "Total Expenses": 20937000.0,
        "Total Operating Income As Reported": -20937000.0,
        "Diluted Average Shares": 40775000.0,
        "Basic Average Shares": 40775000.0,
        "Diluted EPS": -0.47,
        "Basic EPS": -0.47,
        "Diluted NI Availto Com Stockholders": -19134000.0,
        "Net Income Common Stockholders": -19134000.0,
        "Net Income": -19134000.0,
        "Net Income Including Noncontrolling Interests": -19134000.0,
        "Net Income Continuous Operations": -19134000.0,
        "Pretax Income": -19134000.0,
        "Other Income Expense": 249000.0,
        "Other Non Operating Income Expenses": 249000.0,
        "Net Non Operating Interest Income Expense": 1554000.0,
        "Interest Income Non Operating": 1554000.0,
        "Operating Income": -20937000.0,
        "Operating Expense": 20937000.0,
        "Research And Development": 17652000.0,
        "Selling General And Administration": 3285000.0,
        "General And Administrative Expense": 3285000.0,
        "Other Gand A": 3285000.0,
        "Total Revenue": 0.0,
        "Operating Revenue": 0.0
    },
    "2022-09-30": {
        "Tax Effect Of Unusual Items": 0.0,
        "Tax Rate For Calcs": 0.0,
        "Normalized EBITDA": -21345000.0,
        "Net Income From Continuing Operation Net Minority Interest": -20257000.0,
        "Reconciled Depreciation": 300000.0,
        "EBITDA": -21345000.0,
        "EBIT": -21345000.0,
        "Net Interest Income": 878000.0,
        "Interest Income": 878000.0,
        "Normalized Income": -20257000.0,
        "Net Income From Continuing And Discontinued Operation": -20257000.0,
        "Total Expenses": 21345000.0,
        "Total Operating Income As Reported": -21345000.0,
        "Diluted Average Shares": 40050000.0,
        "Basic Average Shares": 40050000.0,
        "Diluted EPS": -0.51,
        "Basic EPS": -0.51,
        "Diluted NI Availto Com Stockholders": -20257000.0,
        "Net Income Common Stockholders": -20257000.0,
        "Net Income": -20257000.0,
        "Net Income Including Noncontrolling Interests": -20257000.0,
        "Net Income Continuous Operations": -20257000.0,
        "Pretax Income": -20257000.0,
        "Other Income Expense": 210000.0,
        "Other Non Operating Income Expenses": 210000.0,
        "Net Non Operating Interest Income Expense": 878000.0,
        "Interest Income Non Operating": 878000.0,
        "Operating Income": -21345000.0,
        "Operating Expense": 21345000.0,
        "Research And Development": 18526000.0,
        "Selling General And Administration": 2819000.0,
        "General And Administrative Expense": 2819000.0,
        "Other Gand A": 2819000.0,
        "Total Revenue": 0.0,
        "Operating Revenue": 0.0
    },
    "2022-06-30": {
        "Tax Effect Of Unusual Items": 0.0,
        "Tax Rate For Calcs": 0.0,
        "Normalized EBITDA": -19917000.0,
        "Net Income From Continuing Operation Net Minority Interest": -19328000.0,
        "Reconciled Depreciation": 299000.0,
        "EBITDA": -19917000.0,
        "EBIT": -19917000.0,
        "Net Interest Income": 314000.0,
        "Interest Income": 314000.0,
        "Normalized Income": -19328000.0,
        "Net Income From Continuing And Discontinued Operation": -19328000.0,
        "Total Expenses": 19917000.0,
        "Total Operating Income As Reported": -19917000.0,
        "Diluted Average Shares": 40015000.0,
        "Basic Average Shares": 40015000.0,
        "Diluted EPS": -0.48,
        "Basic EPS": -0.48,
        "Diluted NI Availto Com Stockholders": -19328000.0,
        "Net Income Common Stockholders": -19328000.0,
        "Net Income": -19328000.0,
        "Net Income Including Noncontrolling Interests": -19328000.0,
        "Net Income Continuous Operations": -19328000.0,
        "Pretax Income": -19328000.0,
        "Other Income Expense": 275000.0,
        "Other Non Operating Income Expenses": 275000.0,
        "Net Non Operating Interest Income Expense": 314000.0,
        "Interest Income Non Operating": 314000.0,
        "Operating Income": -19917000.0,
        "Operating Expense": 19917000.0,
        "Research And Development": 16948000.0,
        "Selling General And Administration": 2969000.0,
        "General And Administrative Expense": 2969000.0,
        "Other Gand A": 2969000.0,
        "Total Revenue": 0.0,
        "Operating Revenue": 0.0
    },
    "2023-06-30": {
        "Tax Effect Of Unusual Items": 0.0,
        "Tax Rate For Calcs": 0.0,
        "Normalized EBITDA": -28386000.0,
        "Net Income From Continuing Operation Net Minority Interest": -26376000.0,
        "Reconciled Depreciation": 391000.0,
        "EBITDA": -28386000.0,
        "EBIT": -28777000.0,
        "Net Interest Income": 2198000.0,
        "Interest Income": 2198000.0,
        "Normalized Income": -26376000.0,
        "Net Income From Continuing And Discontinued Operation": -26376000.0,
        "Total Expenses": 28777000.0,
        "Total Operating Income As Reported": -28777000.0,
        "Diluted Average Shares": 41793000.0,
        "Basic Average Shares": 41793000.0,
        "Diluted EPS": -0.63,
        "Basic EPS": -0.63,
        "Diluted NI Availto Com Stockholders": -26376000.0,
        "Net Income Common Stockholders": -26376000.0,
        "Net Income": -26376000.0,
        "Net Income Including Noncontrolling Interests": -26376000.0,
        "Net Income Continuous Operations": -26376000.0,
        "Pretax Income": -26376000.0,
        "Other Income Expense": 203000.0,
        "Other Non Operating Income Expenses": 203000.0,
        "Net Non Operating Interest Income Expense": 2198000.0,
        "Interest Income Non Operating": 2198000.0,
        "Operating Income": -28777000.0,
        "Operating Expense": 28777000.0,
        "Research And Development": 24969000.0,
        "Selling General And Administration": 3808000.0,
        "General And Administrative Expense": 3808000.0,
        "Other Gand A": 3808000.0,
        "Total Revenue": 0.0,
        "Operating Revenue": 0.0
    },
    "2022-03-31": {
        "Diluted EPS": -0.44,
        "Total Revenue": NaN,
        "Gross Profit": NaN,
        "Operating Income": -18,
        "EBIT": -18,
        "Net Income": -18
    },
    "2021-12-31": {
        "Diluted EPS": -0.36,
        "Total Revenue": NaN,
        "Gross Profit": NaN,
        "Operating Income": -14,
        "EBIT": -14,
        "Net Income": -14
    },
    "2021-09-30": {
        "Diluted EPS": -0.24,
        "Total Revenue": NaN,
        "Gross Profit": NaN,
        "Operating Income": -10,
        "EBIT": -10,
        "Net Income": -10
    },
    "2021-06-30": {
        "Diluted EPS": -0.13,
        "Total Revenue": NaN,
        "Gross Profit": NaN,
        "Operating Income": -5,
        "EBIT": -5,
        "Net Income": -5
    },
    "2021-03-31": {
        "Diluted EPS": -0.09,
        "Total Revenue": NaN,
        "Gross Profit": NaN,
        "Operating Income": -4,
        "EBIT": -4,
        "Net Income": -4
    },
    "2020-12-31": {
        "Diluted EPS": -0.08,
        "Total Revenue": NaN,
        "Gross Profit": NaN,
        "Operating Income": -3,
        "EBIT": -3,
        "Net Income": -3
    },
    "2020-09-30": {
        "Diluted EPS": -0.06,
        "Total Revenue": NaN,
        "Gross Profit": NaN,
        "Operating Income": -1,
        "EBIT": -1,
        "Net Income": -1
    },
    "2020-06-30": {
        "Diluted EPS": -0.05,
        "Total Revenue": NaN,
        "Gross Profit": NaN,
        "Operating Income": -1,
        "EBIT": -1,
        "Net Income": -1
    },
    "2020-03-31": {
        "Diluted EPS": -0.05,
        "Total Revenue": NaN,
        "Gross Profit": NaN,
        "Operating Income": -1,
        "EBIT": -1,
        "Net Income": -1
    },
    "2019-12-31": {
        "Diluted EPS": -0.09,
        "Total Revenue": NaN,
        "Gross Profit": NaN,
        "Operating Income": -2,
        "EBIT": -2,
        "Net Income": -2
    },
    "2019-09-30": {
        "Diluted EPS": -0.04,
        "Total Revenue": NaN,
        "Gross Profit": NaN,
        "Operating Income": -1,
        "EBIT": -1,
        "Net Income": -1
    },
    "2019-06-30": {
        "Diluted EPS": -0.06,
        "Total Revenue": NaN,
        "Gross Profit": NaN,
        "Operating Income": -1,
        "EBIT": -1,
        "Net Income": -1
    },
    "2019-03-31": {
        "Diluted EPS": -0.08,
        "Total Revenue": NaN,
        "Gross Profit": NaN,
        "Operating Income": -1,
        "EBIT": -1,
        "Net Income": -1
    },
    "2018-12-31": {
        "Diluted EPS": 0.19,
        "Total Revenue": NaN,
        "Gross Profit": NaN,
        "Operating Income": -1,
        "EBIT": -1,
        "Net Income": -1
    },
    "2018-09-30": {
        "Diluted EPS": -0.11,
        "Total Revenue": NaN,
        "Gross Profit": NaN,
        "Operating Income": -1,
        "EBIT": -1,
        "Net Income": -1
    },
    "2018-06-30": {
        "Diluted EPS": -0.36,
        "Total Revenue": NaN,
        "Gross Profit": NaN,
        "Operating Income": -2,
        "EBIT": -2,
        "Net Income": -2
    },
    "2018-03-31": {
        "Diluted EPS": -0.33,
        "Total Revenue": NaN,
        "Gross Profit": NaN,
        "Operating Income": -2,
        "EBIT": -2,
        "Net Income": -2
    },
    "2017-12-31": {
        "Diluted EPS": -0.36,
        "Total Revenue": NaN,
        "Gross Profit": NaN,
        "Operating Income": -2,
        "EBIT": -2,
        "Net Income": -2
    },
    "2017-09-30": {
        "Diluted EPS": -0.4,
        "Total Revenue": NaN,
        "Gross Profit": NaN,
        "Operating Income": -3,
        "EBIT": -3,
        "Net Income": -3
    },
    "2017-06-30": {
        "Diluted EPS": -0.64,
        "Total Revenue": NaN,
        "Gross Profit": NaN,
        "Operating Income": -4,
        "EBIT": -4,
        "Net Income": -4
    },
    "2017-03-31": {
        "Diluted EPS": -0.42,
        "Total Revenue": NaN,
        "Gross Profit": NaN,
        "Operating Income": -3,
        "EBIT": -3,
        "Net Income": -3
    },
    "2016-12-31": {
        "Diluted EPS": -0.37,
        "Total Revenue": NaN,
        "Gross Profit": NaN,
        "Operating Income": -3,
        "EBIT": -3,
        "Net Income": -3
    },
    "2016-09-30": {
        "Diluted EPS": -0.54,
        "Total Revenue": NaN,
        "Gross Profit": NaN,
        "Operating Income": -4,
        "EBIT": -4,
        "Net Income": -4
    },
    "2016-06-30": {
        "Diluted EPS": -0.46,
        "Total Revenue": NaN,
        "Gross Profit": NaN,
        "Operating Income": -3,
        "EBIT": -3,
        "Net Income": -3
    },
    "2016-03-31": {
        "Diluted EPS": -0.91,
        "Total Revenue": NaN,
        "Gross Profit": NaN,
        "Operating Income": -6,
        "EBIT": -6,
        "Net Income": -6
    },
    "2015-12-31": {
        "Diluted EPS": -0.7,
        "Total Revenue": NaN,
        "Gross Profit": NaN,
        "Operating Income": -5,
        "EBIT": -5,
        "Net Income": -5
    },
    "2015-09-30": {
        "Diluted EPS": -0.56,
        "Total Revenue": NaN,
        "Gross Profit": NaN,
        "Operating Income": -4,
        "EBIT": -4,
        "Net Income": -4
    },
    "2015-06-30": {
        "Diluted EPS": -0.49,
        "Total Revenue": NaN,
        "Gross Profit": NaN,
        "Operating Income": -3,
        "EBIT": -3,
        "Net Income": -3
    },
    "2015-03-31": {
        "Diluted EPS": -0.42,
        "Total Revenue": NaN,
        "Gross Profit": NaN,
        "Operating Income": -3,
        "EBIT": -3,
        "Net Income": -3
    },
    "2014-12-31": {
        "Diluted EPS": -0.28,
        "Total Revenue": NaN,
        "Gross Profit": NaN,
        "Operating Income": -2,
        "EBIT": -2,
        "Net Income": -2
    },
    "2014-09-30": {
        "Diluted EPS": -0.56,
        "Total Revenue": NaN,
        "Gross Profit": NaN,
        "Operating Income": -4,
        "EBIT": -4,
        "Net Income": -4
    },
    "2014-06-30": {
        "Diluted EPS": -0.49,
        "Total Revenue": NaN,
        "Gross Profit": NaN,
        "Operating Income": -3,
        "EBIT": -3,
        "Net Income": -3
    },
    "2014-03-31": {
        "Diluted EPS": -0.56,
        "Total Revenue": NaN,
        "Gross Profit": NaN,
        "Operating Income": -3,
        "EBIT": -3,
        "Net Income": -3
    },
    "2013-12-31": {
        "Diluted EPS": 5.18,
        "Total Revenue": 35,
        "Gross Profit": 35,
        "Operating Income": 33,
        "EBIT": 33,
        "Net Income": 33
    },
    "2013-09-30": {
        "Diluted EPS": -0.14,
        "Total Revenue": 2,
        "Gross Profit": 2,
        "Operating Income": -1,
        "EBIT": -1,
        "Net Income": -1
    },
    "2013-06-30": {
        "Diluted EPS": -0.07,
        "Total Revenue": 2,
        "Gross Profit": 2,
        "Operating Income": 0,
        "EBIT": 0,
        "Net Income": 0
    },
    "2013-03-31": {
        "Diluted EPS": -0.07,
        "Total Revenue": 2,
        "Gross Profit": 2,
        "Operating Income": 0,
        "EBIT": 0,
        "Net Income": 0
    },
    "2012-12-31": {
        "Diluted EPS": -0.35,
        "Total Revenue": 2,
        "Gross Profit": 2,
        "Operating Income": -2,
        "EBIT": -2,
        "Net Income": -2
    },
    "2012-09-30": {
        "Diluted EPS": -0.21,
        "Total Revenue": 3,
        "Gross Profit": 3,
        "Operating Income": -2,
        "EBIT": -2,
        "Net Income": -2
    },
    "2012-06-30": {
        "Diluted EPS": 0.0,
        "Total Revenue": 3,
        "Gross Profit": 3,
        "Operating Income": 0,
        "EBIT": 0,
        "Net Income": 0
    },
    "2012-03-31": {
        "Diluted EPS": 0.0,
        "Total Revenue": 3,
        "Gross Profit": 3,
        "Operating Income": 0,
        "EBIT": 0,
        "Net Income": 0
    },
    "2011-12-31": {
        "Diluted EPS": -0.04,
        "Total Revenue": 3,
        "Gross Profit": 3,
        "Operating Income": -1,
        "EBIT": -1,
        "Net Income": 0
    },
    "2011-09-30": {
        "Diluted EPS": -0.14,
        "Total Revenue": 3,
        "Gross Profit": 3,
        "Operating Income": -1,
        "EBIT": -1,
        "Net Income": -1
    },
    "2011-06-30": {
        "Diluted EPS": -0.21,
        "Total Revenue": 3,
        "Gross Profit": 3,
        "Operating Income": -1,
        "EBIT": -1,
        "Net Income": -1
    },
    "2011-03-31": {
        "Diluted EPS": -0.03,
        "Total Revenue": 3,
        "Gross Profit": 3,
        "Operating Income": 0,
        "EBIT": 0,
        "Net Income": 0
    },
    "2010-12-31": {
        "Diluted EPS": -1.54,
        "Total Revenue": 8,
        "Gross Profit": 8,
        "Operating Income": -10,
        "EBIT": -9,
        "Net Income": -9
    },
    "2010-09-30": {
        "Diluted EPS": -0.14,
        "Total Revenue": 3,
        "Gross Profit": 3,
        "Operating Income": -2,
        "EBIT": -2,
        "Net Income": -1
    },
    "2010-06-30": {
        "Diluted EPS": -0.14,
        "Total Revenue": 3,
        "Gross Profit": 3,
        "Operating Income": -1,
        "EBIT": -1,
        "Net Income": -1
    },
    "2010-03-31": {
        "Diluted EPS": -0.14,
        "Total Revenue": 3,
        "Gross Profit": 3,
        "Operating Income": -1,
        "EBIT": -1,
        "Net Income": -1
    },
    "2009-12-31": {
        "Diluted EPS": -0.07,
        "Total Revenue": 4,
        "Gross Profit": 4,
        "Operating Income": -2,
        "EBIT": -2,
        "Net Income": 0
    },
    "2009-09-30": {
        "Diluted EPS": -0.21,
        "Total Revenue": 4,
        "Gross Profit": 4,
        "Operating Income": -2,
        "EBIT": -2,
        "Net Income": -1
    },
    "2009-06-30": {
        "Diluted EPS": 0.0,
        "Total Revenue": 6,
        "Gross Profit": 6,
        "Operating Income": 0,
        "EBIT": 0,
        "Net Income": 0
    },
    "2009-03-31": {
        "Diluted EPS": -0.28,
        "Total Revenue": 7,
        "Gross Profit": 7,
        "Operating Income": -3,
        "EBIT": -2,
        "Net Income": -2
    },
    "2023-09-30": {
        "Tax Effect Of Unusual Items": 0.0,
        "Tax Rate For Calcs": 0.0,
        "Normalized EBITDA": -27487000.0,
        "Net Income From Continuing Operation Net Minority Interest": -25651000.0,
        "Reconciled Depreciation": 392000.0,
        "EBITDA": -27487000.0,
        "EBIT": -27879000.0,
        "Net Interest Income": 2005000.0,
        "Interest Income": 2005000.0,
        "Normalized Income": -25651000.0,
        "Net Income From Continuing And Discontinued Operation": -25651000.0,
        "Total Expenses": 27879000.0,
        "Total Operating Income As Reported": -27879000.0,
        "Diluted Average Shares": 42002000.0,
        "Basic Average Shares": 42002000.0,
        "Diluted EPS": -0.61,
        "Basic EPS": -0.61,
        "Diluted NI Availto Com Stockholders": -25651000.0,
        "Net Income Common Stockholders": -25651000.0,
        "Net Income": -25651000.0,
        "Net Income Including Noncontrolling Interests": -25651000.0,
        "Net Income Continuous Operations": -25651000.0,
        "Pretax Income": -25651000.0,
        "Other Income Expense": 223000.0,
        "Other Non Operating Income Expenses": 223000.0,
        "Net Non Operating Interest Income Expense": 2005000.0,
        "Interest Income Non Operating": 2005000.0,
        "Operating Income": -27879000.0,
        "Operating Expense": 27879000.0,
        "Research And Development": 23603000.0,
        "Selling General And Administration": 4276000.0,
        "General And Administrative Expense": 4276000.0,
        "Other Gand A": 4276000.0,
        "Total Revenue": 0.0,
        "Operating Revenue": 0.0
    }
}