{
    "2023-06-30": {
        "Tax Effect Of Unusual Items": 22400.0,
        "Tax Rate For Calcs": 0.4,
        "Normalized EBITDA": 21069000.0,
        "Total Unusual Items": 56000.0,
        "Total Unusual Items Excluding Goodwill": 56000.0,
        "Net Income From Continuing Operation Net Minority Interest": 15384000.0,
        "Reconciled Cost Of Revenue": 43333000.0,
        "EBITDA": 21125000.0,
        "EBIT": 21125000.0,
        "Net Interest Income": -6208000.0,
        "Interest Expense": 5741000.0,
        "Interest Income": 455000.0,
        "Normalized Income": 15350400.0,
        "Net Income From Continuing And Discontinued Operation": 15384000.0,
        "Total Expenses": 49081000.0,
        "Total Operating Income As Reported": 21536000.0,
        "Diluted Average Shares": 112949196.0,
        "Basic Average Shares": 112949196.0,
        "Diluted EPS": 0.12,
        "Basic EPS": 0.12,
        "Diluted NI Availto Com Stockholders": 13384000.0,
        "Net Income Common Stockholders": 13384000.0,
        "Preferred Stock Dividends": 2000000.0,
        "Net Income": 15384000.0,
        "Net Income Including Noncontrolling Interests": 15384000.0,
        "Net Income Continuous Operations": 15384000.0,
        "Pretax Income": 15384000.0,
        "Other Income Expense": 56000.0,
        "Special Income Charges": 0.0,
        "Gain On Sale Of Ppe": 0.0,
        "Gain On Sale Of Security": 56000.0,
        "Net Non Operating Interest Income Expense": -6208000.0,
        "Total Other Finance Cost": 922000.0,
        "Interest Expense Non Operating": 5741000.0,
        "Interest Income Non Operating": 455000.0,
        "Operating Income": 21536000.0,
        "Operating Expense": 5748000.0,
        "Selling General And Administration": 5748000.0,
        "General And Administrative Expense": 5748000.0,
        "Other Gand A": 5748000.0,
        "Gross Profit": 27284000.0,
        "Cost Of Revenue": 43333000.0,
        "Total Revenue": 70617000.0,
        "Operating Revenue": 73315000.0
    },
    "2023-03-31": {
        "Tax Effect Of Unusual Items": 2040800.0,
        "Tax Rate For Calcs": 0.4,
        "Normalized EBITDA": 19816000.0,
        "Total Unusual Items": 5102000.0,
        "Total Unusual Items Excluding Goodwill": 5102000.0,
        "Net Income From Continuing Operation Net Minority Interest": 19311000.0,
        "Reconciled Cost Of Revenue": 40835000.0,
        "EBITDA": 24918000.0,
        "EBIT": 24918000.0,
        "Net Interest Income": -5912000.0,
        "Interest Expense": 5607000.0,
        "Interest Income": 371000.0,
        "Normalized Income": 16249800.0,
        "Net Income From Continuing And Discontinued Operation": 19311000.0,
        "Total Expenses": 46724000.0,
        "Total Operating Income As Reported": 24758000.0,
        "Diluted Average Shares": 118407777.0,
        "Basic Average Shares": 118407777.0,
        "Diluted EPS": 0.15,
        "Basic EPS": 0.15,
        "Diluted NI Availto Com Stockholders": 17311000.0,
        "Net Income Common Stockholders": 17311000.0,
        "Otherunder Preferred Stock Dividend": NaN,
        "Preferred Stock Dividends": 2000000.0,
        "Net Income": 19311000.0,
        "Net Income Including Noncontrolling Interests": 19311000.0,
        "Net Income Continuous Operations": 19311000.0,
        "Pretax Income": 19311000.0,
        "Other Income Expense": 5102000.0,
        "Special Income Charges": 4637000.0,
        "Gain On Sale Of Ppe": 4637000.0,
        "Gain On Sale Of Security": 465000.0,
        "Net Non Operating Interest Income Expense": -5912000.0,
        "Total Other Finance Cost": 676000.0,
        "Interest Expense Non Operating": 5607000.0,
        "Interest Income Non Operating": 371000.0,
        "Operating Income": 20121000.0,
        "Operating Expense": 5889000.0,
        "Selling General And Administration": 5889000.0,
        "General And Administrative Expense": 5889000.0,
        "Other Gand A": 5889000.0,
        "Gross Profit": 26010000.0,
        "Cost Of Revenue": 40835000.0,
        "Total Revenue": 66845000.0,
        "Operating Revenue": 69493000.0
    },
    "2022-12-31": {
        "Tax Effect Of Unusual Items": NaN,
        "Tax Rate For Calcs": NaN,
        "Normalized EBITDA": NaN,
        "Total Unusual Items": NaN,
        "Total Unusual Items Excluding Goodwill": NaN,
        "Net Income From Continuing Operation Net Minority Interest": NaN,
        "Reconciled Cost Of Revenue": NaN,
        "EBITDA": NaN,
        "EBIT": NaN,
        "Net Interest Income": NaN,
        "Interest Expense": NaN,
        "Interest Income": NaN,
        "Normalized Income": NaN,
        "Net Income From Continuing And Discontinued Operation": NaN,
        "Total Expenses": NaN,
        "Total Operating Income As Reported": NaN,
        "Diluted Average Shares": NaN,
        "Basic Average Shares": NaN,
        "Diluted EPS": NaN,
        "Basic EPS": NaN,
        "Diluted NI Availto Com Stockholders": NaN,
        "Net Income Common Stockholders": NaN,
        "Otherunder Preferred Stock Dividend": 0.0,
        "Preferred Stock Dividends": NaN,
        "Net Income": NaN,
        "Net Income Including Noncontrolling Interests": NaN,
        "Net Income Continuous Operations": NaN,
        "Pretax Income": NaN,
        "Other Income Expense": NaN,
        "Special Income Charges": NaN,
        "Gain On Sale Of Ppe": NaN,
        "Gain On Sale Of Security": NaN,
        "Net Non Operating Interest Income Expense": NaN,
        "Total Other Finance Cost": NaN,
        "Interest Expense Non Operating": NaN,
        "Interest Income Non Operating": NaN,
        "Operating Income": NaN,
        "Operating Expense": NaN,
        "Selling General And Administration": NaN,
        "General And Administrative Expense": NaN,
        "Other Gand A": NaN,
        "Gross Profit": NaN,
        "Cost Of Revenue": NaN,
        "Total Revenue": NaN,
        "Operating Revenue": NaN
    },
    "2022-09-30": {
        "Tax Effect Of Unusual Items": NaN,
        "Tax Rate For Calcs": NaN,
        "Normalized EBITDA": NaN,
        "Total Unusual Items": NaN,
        "Total Unusual Items Excluding Goodwill": NaN,
        "Net Income From Continuing Operation Net Minority Interest": NaN,
        "Reconciled Cost Of Revenue": NaN,
        "EBITDA": NaN,
        "EBIT": NaN,
        "Net Interest Income": NaN,
        "Interest Expense": NaN,
        "Interest Income": NaN,
        "Normalized Income": NaN,
        "Net Income From Continuing And Discontinued Operation": NaN,
        "Total Expenses": NaN,
        "Total Operating Income As Reported": NaN,
        "Diluted Average Shares": NaN,
        "Basic Average Shares": NaN,
        "Diluted EPS": NaN,
        "Basic EPS": NaN,
        "Diluted NI Availto Com Stockholders": NaN,
        "Net Income Common Stockholders": NaN,
        "Otherunder Preferred Stock Dividend": 0.0,
        "Preferred Stock Dividends": NaN,
        "Net Income": NaN,
        "Net Income Including Noncontrolling Interests": NaN,
        "Net Income Continuous Operations": NaN,
        "Pretax Income": NaN,
        "Other Income Expense": NaN,
        "Special Income Charges": NaN,
        "Gain On Sale Of Ppe": NaN,
        "Gain On Sale Of Security": NaN,
        "Net Non Operating Interest Income Expense": NaN,
        "Total Other Finance Cost": NaN,
        "Interest Expense Non Operating": NaN,
        "Interest Income Non Operating": NaN,
        "Operating Income": NaN,
        "Operating Expense": NaN,
        "Selling General And Administration": NaN,
        "General And Administrative Expense": NaN,
        "Other Gand A": NaN,
        "Gross Profit": NaN,
        "Cost Of Revenue": NaN,
        "Total Revenue": NaN,
        "Operating Revenue": NaN
    },
    "2022-06-30": {
        "Tax Effect Of Unusual Items": -20800.0,
        "Tax Rate For Calcs": 0.4,
        "Normalized EBITDA": 53894000.0,
        "Total Unusual Items": -52000.0,
        "Total Unusual Items Excluding Goodwill": -52000.0,
        "Net Income From Continuing Operation Net Minority Interest": 50329000.0,
        "Reconciled Cost Of Revenue": 31953000.0,
        "EBITDA": 53842000.0,
        "EBIT": 53842000.0,
        "Net Interest Income": -4107000.0,
        "Interest Expense": 3513000.0,
        "Interest Income": 44000.0,
        "Normalized Income": 50360200.0,
        "Net Income From Continuing And Discontinued Operation": 50329000.0,
        "Total Expenses": 37113000.0,
        "Total Operating Income As Reported": 54488000.0,
        "Diluted Average Shares": 121625952.0,
        "Basic Average Shares": 121625952.0,
        "Diluted EPS": 0.4,
        "Basic EPS": 0.4,
        "Diluted NI Availto Com Stockholders": 48097000.0,
        "Net Income Common Stockholders": 48097000.0,
        "Otherunder Preferred Stock Dividend": 0.0,
        "Preferred Stock Dividends": 2232000.0,
        "Net Income": 50329000.0,
        "Net Income Including Noncontrolling Interests": 50329000.0,
        "Net Income Continuous Operations": 50329000.0,
        "Pretax Income": 50329000.0,
        "Other Income Expense": -52000.0,
        "Special Income Charges": 0.0,
        "Gain On Sale Of Ppe": 0.0,
        "Gain On Sale Of Security": -52000.0,
        "Net Non Operating Interest Income Expense": -4107000.0,
        "Total Other Finance Cost": 638000.0,
        "Interest Expense Non Operating": 3513000.0,
        "Interest Income Non Operating": 44000.0,
        "Operating Income": 54488000.0,
        "Operating Expense": 5160000.0,
        "Other Operating Expenses": 18605000.0,
        "Selling General And Administration": 5160000.0,
        "General And Administrative Expense": 5160000.0,
        "Other Gand A": 5160000.0,
        "Gross Profit": 59648000.0,
        "Cost Of Revenue": 31953000.0,
        "Total Revenue": 91601000.0,
        "Operating Revenue": 95463000.0
    },
    "2023-09-30": {
        "Tax Effect Of Unusual Items": 1562800.0,
        "Tax Rate For Calcs": 0.4,
        "Normalized EBITDA": 17300000.0,
        "Total Unusual Items": 3907000.0,
        "Total Unusual Items Excluding Goodwill": 3907000.0,
        "Net Income From Continuing Operation Net Minority Interest": 15045000.0,
        "Reconciled Cost Of Revenue": 41433000.0,
        "EBITDA": 21207000.0,
        "EBIT": 21207000.0,
        "Net Interest Income": -6180000.0,
        "Interest Expense": 6162000.0,
        "Interest Income": 841000.0,
        "Normalized Income": 12700800.0,
        "Net Income From Continuing And Discontinued Operation": 15045000.0,
        "Total Expenses": 47332000.0,
        "Total Operating Income As Reported": 20634000.0,
        "Diluted Average Shares": 111603616.0,
        "Basic Average Shares": 111603616.0,
        "Diluted EPS": 0.12,
        "Basic EPS": 0.12,
        "Diluted NI Availto Com Stockholders": 13045000.0,
        "Net Income Common Stockholders": 13045000.0,
        "Preferred Stock Dividends": 2000000.0,
        "Net Income": 15045000.0,
        "Net Income Including Noncontrolling Interests": 15045000.0,
        "Net Income Continuous Operations": 15045000.0,
        "Pretax Income": 15045000.0,
        "Other Income Expense": 3907000.0,
        "Special Income Charges": 3316000.0,
        "Gain On Sale Of Ppe": 3316000.0,
        "Gain On Sale Of Security": 591000.0,
        "Net Non Operating Interest Income Expense": -6180000.0,
        "Total Other Finance Cost": 859000.0,
        "Interest Expense Non Operating": 6162000.0,
        "Interest Income Non Operating": 841000.0,
        "Operating Income": 17318000.0,
        "Operating Expense": 5899000.0,
        "Selling General And Administration": 5899000.0,
        "General And Administrative Expense": 5899000.0,
        "Other Gand A": 5899000.0,
        "Gross Profit": 23217000.0,
        "Cost Of Revenue": 41433000.0,
        "Total Revenue": 64650000.0,
        "Operating Revenue": 67101000.0
    },
    "2023-12-31": {
        "Tax Effect Of Unusual Items": -16000.0,
        "Tax Rate For Calcs": 0.4,
        "Normalized EBITDA": 34847000.0,
        "Total Unusual Items": -40000.0,
        "Total Unusual Items Excluding Goodwill": -40000.0,
        "Net Income From Continuing Operation Net Minority Interest": 27610000.0,
        "Reconciled Cost Of Revenue": 39395000.0,
        "EBITDA": 34807000.0,
        "EBIT": 34807000.0,
        "Net Interest Income": -7148000.0,
        "Interest Expense": 7197000.0,
        "Interest Income": 830000.0,
        "Normalized Income": 27634000.0,
        "Net Income From Continuing And Discontinued Operation": 27610000.0,
        "Total Expenses": 47491000.0,
        "Total Operating Income As Reported": 37220000.0,
        "Diluted Average Shares": 111612599.0,
        "Basic Average Shares": 111612599.0,
        "Diluted EPS": 0.23,
        "Basic EPS": 0.23,
        "Diluted NI Availto Com Stockholders": 25610000.0,
        "Net Income Common Stockholders": 25610000.0,
        "Preferred Stock Dividends": 2000000.0,
        "Net Income": 27610000.0,
        "Net Income Including Noncontrolling Interests": 27610000.0,
        "Net Income Continuous Operations": 27610000.0,
        "Pretax Income": 27610000.0,
        "Other Income Expense": -40000.0,
        "Special Income Charges": 2422000.0,
        "Gain On Sale Of Ppe": 2422000.0,
        "Gain On Sale Of Security": -2462000.0,
        "Net Non Operating Interest Income Expense": -7148000.0,
        "Total Other Finance Cost": 781000.0,
        "Interest Expense Non Operating": 7197000.0,
        "Interest Income Non Operating": 830000.0,
        "Operating Income": 34798000.0,
        "Operating Expense": 8096000.0,
        "Selling General And Administration": 6227000.0,
        "General And Administrative Expense": 6227000.0,
        "Other Gand A": 5446000.0,
        "Gross Profit": 42894000.0,
        "Cost Of Revenue": 39395000.0,
        "Total Revenue": 82289000.0,
        "Operating Revenue": 80531000.0
    },
    "2024-03-31": {
        "Tax Effect Of Unusual Items": 433200.0,
        "Tax Rate For Calcs": 0.4,
        "Normalized EBITDA": 32487000.0,
        "Total Unusual Items": 1083000.0,
        "Total Unusual Items Excluding Goodwill": 1083000.0,
        "Net Income From Continuing Operation Net Minority Interest": 25298000.0,
        "Reconciled Cost Of Revenue": 42525000.0,
        "EBITDA": 33570000.0,
        "EBIT": 33570000.0,
        "Net Interest Income": -8449000.0,
        "Interest Expense": 8272000.0,
        "Interest Income": 861000.0,
        "Normalized Income": 24648200.0,
        "Net Income From Continuing And Discontinued Operation": 25298000.0,
        "Total Expenses": 49005000.0,
        "Total Operating Income As Reported": 34929000.0,
        "Diluted Average Shares": 110394226.0,
        "Basic Average Shares": 110394226.0,
        "Diluted EPS": 0.21,
        "Basic EPS": 0.21,
        "Diluted NI Availto Com Stockholders": 23298000.0,
        "Net Income Common Stockholders": 23298000.0,
        "Preferred Stock Dividends": 2000000.0,
        "Net Income": 25298000.0,
        "Net Income Including Noncontrolling Interests": 25298000.0,
        "Net Income Continuous Operations": 25298000.0,
        "Pretax Income": 25298000.0,
        "Other Income Expense": 1083000.0,
        "Special Income Charges": 2265000.0,
        "Gain On Sale Of Ppe": 2265000.0,
        "Gain On Sale Of Security": -1182000.0,
        "Net Non Operating Interest Income Expense": -8449000.0,
        "Total Other Finance Cost": 1038000.0,
        "Interest Expense Non Operating": 8272000.0,
        "Interest Income Non Operating": 861000.0,
        "Operating Income": 32664000.0,
        "Operating Expense": 6480000.0,
        "Selling General And Administration": 6480000.0,
        "General And Administrative Expense": 6480000.0,
        "Other Gand A": 6480000.0,
        "Gross Profit": 39144000.0,
        "Cost Of Revenue": 42525000.0,
        "Total Revenue": 81669000.0,
        "Operating Revenue": 84975000.0
    },
    "2024-06-30": {
        "Tax Effect Of Unusual Items": 2937600.0,
        "Tax Rate For Calcs": 0.4,
        "Normalized EBITDA": 27819000.0,
        "Total Unusual Items": 7344000.0,
        "Total Unusual Items Excluding Goodwill": 7344000.0,
        "Net Income From Continuing Operation Net Minority Interest": 27595000.0,
        "Reconciled Cost Of Revenue": 44105000.0,
        "EBITDA": 35163000.0,
        "EBIT": 35163000.0,
        "Net Interest Income": -7600000.0,
        "Interest Expense": 7568000.0,
        "Interest Income": 782000.0,
        "Normalized Income": 23188600.0,
        "Net Income From Continuing And Discontinued Operation": 27595000.0,
        "Total Expenses": 50697000.0,
        "Total Operating Income As Reported": 34466000.0,
        "Diluted Average Shares": 106768296.0,
        "Basic Average Shares": 106768296.0,
        "Diluted EPS": 0.24,
        "Basic EPS": 0.24,
        "Diluted NI Availto Com Stockholders": 25595000.0,
        "Net Income Common Stockholders": 25595000.0,
        "Preferred Stock Dividends": 2000000.0,
        "Net Income": 27595000.0,
        "Net Income Including Noncontrolling Interests": 27595000.0,
        "Net Income Continuous Operations": 27595000.0,
        "Pretax Income": 27595000.0,
        "Other Income Expense": 7344000.0,
        "Special Income Charges": 6615000.0,
        "Gain On Sale Of Ppe": 6615000.0,
        "Gain On Sale Of Security": 729000.0,
        "Net Non Operating Interest Income Expense": -7600000.0,
        "Total Other Finance Cost": 814000.0,
        "Interest Expense Non Operating": 7568000.0,
        "Interest Income Non Operating": 782000.0,
        "Operating Income": 27851000.0,
        "Operating Expense": 6592000.0,
        "Selling General And Administration": 6592000.0,
        "General And Administrative Expense": 6592000.0,
        "Other Gand A": 6592000.0,
        "Gross Profit": 34443000.0,
        "Cost Of Revenue": 44105000.0,
        "Total Revenue": 78548000.0,
        "Operating Revenue": 81947000.0
    },
    "2024-09-30": {
        "Tax Effect Of Unusual Items": 2456000.0,
        "Tax Rate For Calcs": 0.4,
        "Normalized EBITDA": 26664000.0,
        "Total Unusual Items": 6140000.0,
        "Total Unusual Items Excluding Goodwill": 6140000.0,
        "Net Income From Continuing Operation Net Minority Interest": 25123000.0,
        "Reconciled Cost Of Revenue": 42209000.0,
        "EBITDA": 32804000.0,
        "EBIT": 32804000.0,
        "Net Interest Income": -7735000.0,
        "Interest Expense": 7681000.0,
        "Interest Income": 725000.0,
        "Normalized Income": 21439000.0,
        "Net Income From Continuing And Discontinued Operation": 25123000.0,
        "Total Expenses": 49205000.0,
        "Total Operating Income As Reported": 34392000.0,
        "Diluted Average Shares": 106774053.0,
        "Basic Average Shares": 106774053.0,
        "Diluted EPS": 0.22,
        "Basic EPS": 0.22,
        "Diluted NI Availto Com Stockholders": 23123000.0,
        "Net Income Common Stockholders": 23123000.0,
        "Preferred Stock Dividends": 2000000.0,
        "Net Income": 25123000.0,
        "Net Income Including Noncontrolling Interests": 25123000.0,
        "Net Income Continuous Operations": 25123000.0,
        "Pretax Income": 25123000.0,
        "Other Income Expense": 6140000.0,
        "Special Income Charges": 7674000.0,
        "Gain On Sale Of Ppe": 7674000.0,
        "Gain On Sale Of Security": -1534000.0,
        "Net Non Operating Interest Income Expense": -7735000.0,
        "Total Other Finance Cost": 779000.0,
        "Interest Expense Non Operating": 7681000.0,
        "Interest Income Non Operating": 725000.0,
        "Operating Income": 26718000.0,
        "Operating Expense": 6996000.0,
        "Selling General And Administration": 6996000.0,
        "General And Administrative Expense": 6996000.0,
        "Other Gand A": 6996000.0,
        "Gross Profit": 33714000.0,
        "Cost Of Revenue": 42209000.0,
        "Total Revenue": 75923000.0,
        "Operating Revenue": 79236000.0
    }
}