{
    "2023-03-31": {
        "Tax Effect Of Unusual Items": 0.0,
        "Tax Rate For Calcs": 0.21,
        "Normalized EBITDA": -1850303.0,
        "Total Unusual Items": 0.0,
        "Total Unusual Items Excluding Goodwill": 0.0,
        "Net Income From Continuing Operation Net Minority Interest": -2157183.0,
        "Reconciled Depreciation": 54368.0,
        "Reconciled Cost Of Revenue": 842682.0,
        "EBITDA": -1850303.0,
        "EBIT": -1904671.0,
        "Net Interest Income": -218057.0,
        "Interest Expense": 223870.0,
        "Interest Income": 5813.0,
        "Normalized Income": -2157183.0,
        "Net Income From Continuing And Discontinued Operation": -2823746.0,
        "Total Expenses": 2888016.0,
        "Total Operating Income As Reported": -1655255.0,
        "Diluted Average Shares": 2813900.0,
        "Basic Average Shares": 2813900.0,
        "Diluted EPS": -1.01,
        "Basic EPS": -1.01,
        "Diluted NI Availto Com Stockholders": -2823746.0,
        "Net Income Common Stockholders": -2823746.0,
        "Net Income": -2823746.0,
        "Net Income Including Noncontrolling Interests": -2823746.0,
        "Net Income Discontinuous Operations": -666563.0,
        "Net Income Continuous Operations": -2157183.0,
        "Tax Provision": 28642.0,
        "Pretax Income": -2128541.0,
        "Other Income Expense": -255229.0,
        "Other Non Operating Income Expenses": -255229.0,
        "Special Income Charges": 0.0,
        "Impairment Of Capital Assets": 0.0,
        "Gain On Sale Of Security": NaN,
        "Net Non Operating Interest Income Expense": -218057.0,
        "Interest Expense Non Operating": 223870.0,
        "Interest Income Non Operating": 5813.0,
        "Operating Income": -1655255.0,
        "Operating Expense": 2045334.0,
        "Selling General And Administration": 2045334.0,
        "Gross Profit": 390079.0,
        "Cost Of Revenue": 842682.0,
        "Total Revenue": 1232761.0,
        "Operating Revenue": 1232761.0
    },
    "2022-06-30": {
        "Tax Effect Of Unusual Items": 0.0,
        "Tax Rate For Calcs": 0.4,
        "Normalized EBITDA": -3335026.0,
        "Total Unusual Items": 0.0,
        "Total Unusual Items Excluding Goodwill": 0.0,
        "Net Income From Continuing Operation Net Minority Interest": -3652179.0,
        "Reconciled Depreciation": 282419.0,
        "Reconciled Cost Of Revenue": 2168498.0,
        "EBITDA": -3335026.0,
        "EBIT": -3617445.0,
        "Net Interest Income": -22846.0,
        "Interest Expense": 34034.0,
        "Interest Income": 11188.0,
        "Normalized Income": -3652179.0,
        "Net Income From Continuing And Discontinued Operation": -4799833.0,
        "Total Expenses": 5315454.0,
        "Total Operating Income As Reported": -3564199.0,
        "Diluted Average Shares": 2361974.0,
        "Basic Average Shares": 2361974.0,
        "Diluted EPS": -2.04,
        "Basic EPS": -2.04,
        "Diluted NI Availto Com Stockholders": -4799833.0,
        "Net Income Common Stockholders": -4799833.0,
        "Net Income": -4799833.0,
        "Net Income Including Noncontrolling Interests": -4799833.0,
        "Net Income Discontinuous Operations": -1147654.0,
        "Net Income Continuous Operations": -3652179.0,
        "Tax Provision": 700.0,
        "Pretax Income": -3651479.0,
        "Other Income Expense": -64434.0,
        "Other Non Operating Income Expenses": NaN,
        "Special Income Charges": 0.0,
        "Impairment Of Capital Assets": 0.0,
        "Net Non Operating Interest Income Expense": -22846.0,
        "Interest Expense Non Operating": 34034.0,
        "Interest Income Non Operating": 11188.0,
        "Operating Income": -3564199.0,
        "Operating Expense": 3146956.0,
        "Selling General And Administration": 3146956.0,
        "Gross Profit": -417243.0,
        "Cost Of Revenue": 2168498.0,
        "Total Revenue": 1751255.0,
        "Operating Revenue": 1751255.0
    },
    "2022-12-31": {
        "Tax Effect Of Unusual Items": NaN,
        "Tax Rate For Calcs": NaN,
        "Normalized EBITDA": NaN,
        "Total Unusual Items": 0.0,
        "Total Unusual Items Excluding Goodwill": 0.0,
        "Net Income From Continuing Operation Net Minority Interest": NaN,
        "Reconciled Depreciation": NaN,
        "Reconciled Cost Of Revenue": NaN,
        "EBITDA": NaN,
        "EBIT": NaN,
        "Net Interest Income": NaN,
        "Interest Expense": NaN,
        "Interest Income": NaN,
        "Normalized Income": NaN,
        "Net Income From Continuing And Discontinued Operation": NaN,
        "Total Expenses": NaN,
        "Total Operating Income As Reported": NaN,
        "Diluted Average Shares": NaN,
        "Basic Average Shares": NaN,
        "Diluted EPS": NaN,
        "Basic EPS": NaN,
        "Diluted NI Availto Com Stockholders": NaN,
        "Net Income Common Stockholders": NaN,
        "Net Income": NaN,
        "Net Income Including Noncontrolling Interests": NaN,
        "Net Income Discontinuous Operations": NaN,
        "Net Income Continuous Operations": NaN,
        "Tax Provision": NaN,
        "Pretax Income": NaN,
        "Other Income Expense": NaN,
        "Other Non Operating Income Expenses": NaN,
        "Special Income Charges": 0.0,
        "Impairment Of Capital Assets": 0.0,
        "Gain On Sale Of Security": NaN,
        "Net Non Operating Interest Income Expense": NaN,
        "Interest Expense Non Operating": NaN,
        "Interest Income Non Operating": NaN,
        "Operating Income": NaN,
        "Operating Expense": NaN,
        "Selling General And Administration": NaN,
        "Gross Profit": NaN,
        "Cost Of Revenue": NaN,
        "Total Revenue": NaN,
        "Operating Revenue": NaN
    },
    "2022-03-31": {
        "Diluted EPS": -2.99,
        "Total Revenue": 2,
        "Gross Profit": 1,
        "Operating Income": -7,
        "EBIT": -7,
        "Net Income": -7
    },
    "2020-06-30": {
        "Diluted EPS": -2.2,
        "Total Revenue": 1,
        "Gross Profit": 1,
        "Operating Income": -1,
        "EBIT": -1,
        "Net Income": -1
    },
    "2020-03-31": {
        "Diluted EPS": -0.2,
        "Total Revenue": 1,
        "Gross Profit": 1,
        "Operating Income": 0,
        "EBIT": 0,
        "Net Income": 0
    },
    "2019-12-31": {
        "Diluted EPS": 0.4,
        "Total Revenue": 1,
        "Gross Profit": 1,
        "Operating Income": 0,
        "EBIT": 0,
        "Net Income": 0
    },
    "2019-09-30": {
        "Diluted EPS": 0.0,
        "Total Revenue": 1,
        "Gross Profit": 1,
        "Operating Income": 0,
        "EBIT": 0,
        "Net Income": 0
    },
    "2019-06-30": {
        "Diluted EPS": -0.4,
        "Total Revenue": 1,
        "Gross Profit": 1,
        "Operating Income": 0,
        "EBIT": 0,
        "Net Income": 0
    },
    "2019-03-31": {
        "Diluted EPS": -0.6,
        "Total Revenue": 1,
        "Gross Profit": 1,
        "Operating Income": 0,
        "EBIT": 0,
        "Net Income": 0
    },
    "2018-09-30": {
        "Diluted EPS": -1.4,
        "Total Revenue": 1,
        "Gross Profit": 1,
        "Operating Income": 0,
        "EBIT": 0,
        "Net Income": 0
    },
    "2017-12-31": {
        "Diluted EPS": -5.6,
        "Total Revenue": 0,
        "Gross Profit": 1,
        "Operating Income": 1,
        "EBIT": 1,
        "Net Income": -1
    },
    "2017-09-30": {
        "Diluted EPS": -0.8,
        "Total Revenue": 2,
        "Gross Profit": 1,
        "Operating Income": 0,
        "EBIT": 0,
        "Net Income": 0
    },
    "2017-06-30": {
        "Diluted EPS": 0.6,
        "Total Revenue": 2,
        "Gross Profit": 2,
        "Operating Income": 0,
        "EBIT": 0,
        "Net Income": 0
    },
    "2017-03-31": {
        "Diluted EPS": -6.0,
        "Total Revenue": 2,
        "Gross Profit": 1,
        "Operating Income": -1,
        "EBIT": -1,
        "Net Income": -1
    },
    "2016-12-31": {
        "Diluted EPS": -31.8,
        "Total Revenue": 4,
        "Gross Profit": 2,
        "Operating Income": -5,
        "EBIT": -5,
        "Net Income": -4
    },
    "2016-09-30": {
        "Diluted EPS": -3.4,
        "Total Revenue": 3,
        "Gross Profit": 2,
        "Operating Income": -1,
        "EBIT": -1,
        "Net Income": 0
    },
    "2016-06-30": {
        "Diluted EPS": 0.0,
        "Total Revenue": 3,
        "Gross Profit": 2,
        "Operating Income": 0,
        "EBIT": 0,
        "Net Income": 0
    },
    "2016-03-31": {
        "Diluted EPS": -1.8,
        "Total Revenue": 3,
        "Gross Profit": 2,
        "Operating Income": 0,
        "EBIT": 0,
        "Net Income": 0
    },
    "2015-12-31": {
        "Diluted EPS": -28.8,
        "Total Revenue": 4,
        "Gross Profit": 2,
        "Operating Income": -4,
        "EBIT": -3,
        "Net Income": -4
    },
    "2015-09-30": {
        "Diluted EPS": 3.0,
        "Total Revenue": 4,
        "Gross Profit": 1,
        "Operating Income": 0,
        "EBIT": 0,
        "Net Income": 0
    },
    "2015-06-30": {
        "Diluted EPS": -1.8,
        "Total Revenue": 5,
        "Gross Profit": 2,
        "Operating Income": 0,
        "EBIT": 0,
        "Net Income": 0
    },
    "2015-03-31": {
        "Diluted EPS": -3.0,
        "Total Revenue": 2,
        "Gross Profit": 1,
        "Operating Income": 0,
        "EBIT": 0,
        "Net Income": 0
    },
    "2014-12-31": {
        "Diluted EPS": -6.6,
        "Total Revenue": 2,
        "Gross Profit": 1,
        "Operating Income": -1,
        "EBIT": -1,
        "Net Income": -1
    },
    "2014-09-30": {
        "Diluted EPS": -6.0,
        "Total Revenue": 2,
        "Gross Profit": 1,
        "Operating Income": 0,
        "EBIT": 0,
        "Net Income": 0
    },
    "2014-06-30": {
        "Diluted EPS": -3.6,
        "Total Revenue": 2,
        "Gross Profit": 1,
        "Operating Income": 0,
        "EBIT": 0,
        "Net Income": 0
    },
    "2014-03-31": {
        "Diluted EPS": -4.2,
        "Total Revenue": 2,
        "Gross Profit": 1,
        "Operating Income": 0,
        "EBIT": 0,
        "Net Income": 0
    },
    "2013-12-31": {
        "Diluted EPS": 6.0,
        "Total Revenue": 3,
        "Gross Profit": 2,
        "Operating Income": 0,
        "EBIT": 0,
        "Net Income": 0
    },
    "2013-09-30": {
        "Diluted EPS": 3.6,
        "Total Revenue": 3,
        "Gross Profit": 2,
        "Operating Income": 0,
        "EBIT": 0,
        "Net Income": 0
    },
    "2013-06-30": {
        "Diluted EPS": 4.2,
        "Total Revenue": 3,
        "Gross Profit": 2,
        "Operating Income": 0,
        "EBIT": 0,
        "Net Income": 0
    },
    "2013-03-31": {
        "Diluted EPS": 4.2,
        "Total Revenue": 3,
        "Gross Profit": 2,
        "Operating Income": 0,
        "EBIT": 0,
        "Net Income": 0
    },
    "2012-12-31": {
        "Diluted EPS": 4.8,
        "Total Revenue": 3,
        "Gross Profit": 2,
        "Operating Income": 1,
        "EBIT": 1,
        "Net Income": 0
    },
    "2012-09-30": {
        "Diluted EPS": 3.0,
        "Total Revenue": 3,
        "Gross Profit": 2,
        "Operating Income": 1,
        "EBIT": 1,
        "Net Income": 0
    },
    "2012-06-30": {
        "Diluted EPS": 6.0,
        "Total Revenue": 3,
        "Gross Profit": 2,
        "Operating Income": 1,
        "EBIT": 1,
        "Net Income": 0
    },
    "2012-03-31": {
        "Diluted EPS": 4.2,
        "Total Revenue": 3,
        "Gross Profit": 2,
        "Operating Income": 0,
        "EBIT": 0,
        "Net Income": 0
    },
    "2011-12-31": {
        "Diluted EPS": -3.0,
        "Total Revenue": 3,
        "Gross Profit": 2,
        "Operating Income": 0,
        "EBIT": 0,
        "Net Income": 0
    },
    "2011-09-30": {
        "Diluted EPS": 3.0,
        "Total Revenue": 3,
        "Gross Profit": 2,
        "Operating Income": 0,
        "EBIT": 0,
        "Net Income": 0
    },
    "2011-06-30": {
        "Diluted EPS": 3.0,
        "Total Revenue": 3,
        "Gross Profit": 2,
        "Operating Income": 0,
        "EBIT": 0,
        "Net Income": 0
    },
    "2011-03-31": {
        "Diluted EPS": 1.8,
        "Total Revenue": 3,
        "Gross Profit": 2,
        "Operating Income": 0,
        "EBIT": 0,
        "Net Income": 0
    },
    "2010-12-31": {
        "Diluted EPS": 1.8,
        "Total Revenue": 3,
        "Gross Profit": 3,
        "Operating Income": 0,
        "EBIT": 0,
        "Net Income": 0
    },
    "2010-09-30": {
        "Diluted EPS": 0.0,
        "Total Revenue": 3,
        "Gross Profit": 2,
        "Operating Income": 0,
        "EBIT": 0,
        "Net Income": 0
    },
    "2010-06-30": {
        "Diluted EPS": 0.6,
        "Total Revenue": 3,
        "Gross Profit": 2,
        "Operating Income": 0,
        "EBIT": 0,
        "Net Income": 0
    },
    "2010-03-31": {
        "Diluted EPS": 0.0,
        "Total Revenue": 3,
        "Gross Profit": 2,
        "Operating Income": 0,
        "EBIT": 0,
        "Net Income": 0
    },
    "2009-12-31": {
        "Diluted EPS": -2.4,
        "Total Revenue": 3,
        "Gross Profit": 2,
        "Operating Income": 0,
        "EBIT": 0,
        "Net Income": 0
    },
    "2009-09-30": {
        "Diluted EPS": 0.0,
        "Total Revenue": 3,
        "Gross Profit": 2,
        "Operating Income": 0,
        "EBIT": 0,
        "Net Income": 0
    },
    "2009-06-30": {
        "Diluted EPS": -6.0,
        "Total Revenue": 3,
        "Gross Profit": 2,
        "Operating Income": 0,
        "EBIT": 0,
        "Net Income": 0
    },
    "2009-03-31": {
        "Diluted EPS": -3.6,
        "Total Revenue": 3,
        "Gross Profit": 2,
        "Operating Income": 0,
        "EBIT": 0,
        "Net Income": 0
    },
    "2023-06-30": {
        "Tax Effect Of Unusual Items": -88789.68,
        "Tax Rate For Calcs": 0.21,
        "Normalized EBITDA": -1729626.0,
        "Total Unusual Items": -422808.0,
        "Total Unusual Items Excluding Goodwill": -422808.0,
        "Net Income From Continuing Operation Net Minority Interest": -2406059.0,
        "Reconciled Depreciation": 559.0,
        "Reconciled Cost Of Revenue": 942204.0,
        "EBITDA": -2152434.0,
        "EBIT": -2152993.0,
        "Net Interest Income": -241566.0,
        "Interest Expense": 246995.0,
        "Interest Income": 5429.0,
        "Normalized Income": -2072040.68,
        "Net Income From Continuing And Discontinued Operation": -3441158.0,
        "Total Expenses": 3079140.0,
        "Total Operating Income As Reported": -1735614.0,
        "Diluted Average Shares": 2813900.0,
        "Basic Average Shares": 2813900.0,
        "Diluted EPS": -1.24,
        "Basic EPS": -1.24,
        "Diluted NI Availto Com Stockholders": -3441158.0,
        "Net Income Common Stockholders": -3441158.0,
        "Net Income": -3441158.0,
        "Net Income Including Noncontrolling Interests": -3441158.0,
        "Net Income Discontinuous Operations": -1035099.0,
        "Net Income Continuous Operations": -2406059.0,
        "Tax Provision": 6071.0,
        "Pretax Income": -2399988.0,
        "Other Income Expense": -422808.0,
        "Other Non Operating Income Expenses": -499452.0,
        "Special Income Charges": 0.0,
        "Impairment Of Capital Assets": 0.0,
        "Gain On Sale Of Security": -422808.0,
        "Net Non Operating Interest Income Expense": -241566.0,
        "Interest Expense Non Operating": 246995.0,
        "Interest Income Non Operating": 5429.0,
        "Operating Income": -1735614.0,
        "Operating Expense": 2136936.0,
        "Selling General And Administration": 2136936.0,
        "Gross Profit": 401322.0,
        "Cost Of Revenue": 942204.0,
        "Total Revenue": 1343526.0,
        "Operating Revenue": 1343526.0
    },
    "2023-09-30": {
        "Tax Effect Of Unusual Items": 0.0,
        "Tax Rate For Calcs": 0.21,
        "Normalized EBITDA": -1700955.0,
        "Total Unusual Items": 0.0,
        "Total Unusual Items Excluding Goodwill": 0.0,
        "Net Income From Continuing Operation Net Minority Interest": -2701547.0,
        "Reconciled Depreciation": 545565.0,
        "Reconciled Cost Of Revenue": 2133604.0,
        "EBITDA": -1700955.0,
        "EBIT": -2246520.0,
        "Net Interest Income": 91207.0,
        "Interest Expense": 450577.0,
        "Interest Income": 541784.0,
        "Normalized Income": -2701547.0,
        "Net Income From Continuing And Discontinued Operation": -2849547.0,
        "Total Expenses": 5728676.0,
        "Total Operating Income As Reported": -2458752.0,
        "Diluted Average Shares": 2863607.0,
        "Basic Average Shares": 2863607.0,
        "Diluted EPS": -0.99,
        "Basic EPS": -0.99,
        "Diluted NI Availto Com Stockholders": -2849547.0,
        "Net Income Common Stockholders": -2849547.0,
        "Net Income": -2849547.0,
        "Net Income Including Noncontrolling Interests": -2849547.0,
        "Net Income Discontinuous Operations": -148000.0,
        "Net Income Continuous Operations": -2701547.0,
        "Tax Provision": 4450.0,
        "Pretax Income": -2697097.0,
        "Other Income Expense": -329552.0,
        "Other Non Operating Income Expenses": -329552.0,
        "Special Income Charges": 0.0,
        "Impairment Of Capital Assets": 0.0,
        "Gain On Sale Of Security": NaN,
        "Net Non Operating Interest Income Expense": 91207.0,
        "Interest Expense Non Operating": 450577.0,
        "Interest Income Non Operating": 541784.0,
        "Operating Income": -2458752.0,
        "Operating Expense": 3595072.0,
        "Selling General And Administration": 3595072.0,
        "Gross Profit": 1136320.0,
        "Cost Of Revenue": 2133604.0,
        "Total Revenue": 3269924.0,
        "Operating Revenue": 3269924.0
    },
    "2022-09-30": {
        "Tax Effect Of Unusual Items": NaN,
        "Tax Rate For Calcs": NaN,
        "Normalized EBITDA": NaN,
        "Total Unusual Items": 0.0,
        "Total Unusual Items Excluding Goodwill": 0.0,
        "Net Income From Continuing Operation Net Minority Interest": NaN,
        "Reconciled Depreciation": NaN,
        "Reconciled Cost Of Revenue": NaN,
        "EBITDA": NaN,
        "EBIT": NaN,
        "Net Interest Income": NaN,
        "Interest Expense": NaN,
        "Interest Income": NaN,
        "Normalized Income": NaN,
        "Net Income From Continuing And Discontinued Operation": NaN,
        "Total Expenses": NaN,
        "Total Operating Income As Reported": NaN,
        "Diluted Average Shares": 2361974.0,
        "Basic Average Shares": 2361974.0,
        "Diluted EPS": -0.86,
        "Basic EPS": -0.86,
        "Diluted NI Availto Com Stockholders": NaN,
        "Net Income Common Stockholders": NaN,
        "Net Income": NaN,
        "Net Income Including Noncontrolling Interests": NaN,
        "Net Income Discontinuous Operations": NaN,
        "Net Income Continuous Operations": NaN,
        "Tax Provision": NaN,
        "Pretax Income": NaN,
        "Other Income Expense": NaN,
        "Other Non Operating Income Expenses": NaN,
        "Special Income Charges": 0.0,
        "Impairment Of Capital Assets": 0.0,
        "Net Non Operating Interest Income Expense": NaN,
        "Interest Expense Non Operating": NaN,
        "Interest Income Non Operating": NaN,
        "Operating Income": NaN,
        "Operating Expense": NaN,
        "Selling General And Administration": NaN,
        "Gross Profit": NaN,
        "Cost Of Revenue": NaN,
        "Total Revenue": NaN,
        "Operating Revenue": NaN
    },
    "2024-03-31": {
        "Tax Effect Of Unusual Items": 0.0,
        "Tax Rate For Calcs": 0.21,
        "Normalized EBITDA": -1427510.0,
        "Total Unusual Items": NaN,
        "Total Unusual Items Excluding Goodwill": NaN,
        "Net Income From Continuing Operation Net Minority Interest": -1760811.0,
        "Reconciled Depreciation": 3433.0,
        "Reconciled Cost Of Revenue": 688734.0,
        "EBITDA": -1427510.0,
        "EBIT": -1430943.0,
        "Net Interest Income": -308097.0,
        "Interest Expense": 324194.0,
        "Interest Income": 16097.0,
        "Normalized Income": -1760811.0,
        "Net Income From Continuing And Discontinued Operation": 12350356.0,
        "Total Expenses": 2660809.0,
        "Total Operating Income As Reported": -1684863.0,
        "Diluted Average Shares": 3581730.0,
        "Basic Average Shares": 3109670.0,
        "Diluted EPS": 3.36,
        "Basic EPS": 3.96,
        "Diluted NI Availto Com Stockholders": 12350356.0,
        "Net Income Common Stockholders": 12350356.0,
        "Net Income": 12350356.0,
        "Net Income Including Noncontrolling Interests": 12350356.0,
        "Net Income Discontinuous Operations": 14111167.0,
        "Net Income Continuous Operations": -1760811.0,
        "Tax Provision": 5674.0,
        "Pretax Income": -1755137.0,
        "Other Income Expense": 237823.0,
        "Other Non Operating Income Expenses": 237823.0,
        "Special Income Charges": NaN,
        "Impairment Of Capital Assets": NaN,
        "Gain On Sale Of Security": NaN,
        "Net Non Operating Interest Income Expense": -308097.0,
        "Interest Expense Non Operating": 324194.0,
        "Interest Income Non Operating": 16097.0,
        "Operating Income": -1684863.0,
        "Operating Expense": 1972075.0,
        "Selling General And Administration": 1972075.0,
        "Gross Profit": 287212.0,
        "Cost Of Revenue": 688734.0,
        "Total Revenue": 975946.0,
        "Operating Revenue": 975946.0
    },
    "2024-06-30": {
        "Tax Effect Of Unusual Items": 3779.16,
        "Tax Rate For Calcs": 0.21,
        "Normalized EBITDA": -887861.0,
        "Total Unusual Items": 17996.0,
        "Total Unusual Items Excluding Goodwill": 17996.0,
        "Net Income From Continuing Operation Net Minority Interest": -916664.0,
        "Reconciled Depreciation": 3371.0,
        "Reconciled Cost Of Revenue": 701142.0,
        "EBITDA": -869865.0,
        "EBIT": -873236.0,
        "Net Interest Income": 15607.0,
        "Interest Expense": 324.0,
        "Interest Income": 15931.0,
        "Normalized Income": -930880.84,
        "Net Income From Continuing And Discontinued Operation": -462959.0,
        "Total Expenses": 2185822.0,
        "Total Operating Income As Reported": -1204550.0,
        "Diluted Average Shares": 4121297.0,
        "Basic Average Shares": 3392504.0,
        "Diluted EPS": -0.14,
        "Basic EPS": -0.14,
        "Diluted NI Availto Com Stockholders": -462959.0,
        "Net Income Common Stockholders": -462959.0,
        "Net Income": -462959.0,
        "Net Income Including Noncontrolling Interests": -462959.0,
        "Net Income Discontinuous Operations": 453705.0,
        "Net Income Continuous Operations": -916664.0,
        "Tax Provision": 43104.0,
        "Pretax Income": -873560.0,
        "Other Income Expense": 315383.0,
        "Other Non Operating Income Expenses": 297387.0,
        "Special Income Charges": NaN,
        "Impairment Of Capital Assets": NaN,
        "Gain On Sale Of Security": 17996.0,
        "Net Non Operating Interest Income Expense": 15607.0,
        "Interest Expense Non Operating": 324.0,
        "Interest Income Non Operating": 15931.0,
        "Operating Income": -1204550.0,
        "Operating Expense": 1484680.0,
        "Selling General And Administration": 1484680.0,
        "Gross Profit": 280130.0,
        "Cost Of Revenue": 701142.0,
        "Total Revenue": 981272.0,
        "Operating Revenue": 981272.0
    }
}