{
    "2023-03-31": {
        "Tax Effect Of Unusual Items": NaN,
        "Tax Rate For Calcs": NaN,
        "Normalized EBITDA": NaN,
        "Total Unusual Items": NaN,
        "Total Unusual Items Excluding Goodwill": NaN,
        "Net Income From Continuing Operation Net Minority Interest": NaN,
        "Reconciled Depreciation": NaN,
        "Reconciled Cost Of Revenue": NaN,
        "EBITDA": NaN,
        "EBIT": NaN,
        "Net Interest Income": NaN,
        "Interest Expense": NaN,
        "Interest Income": NaN,
        "Normalized Income": NaN,
        "Net Income From Continuing And Discontinued Operation": NaN,
        "Total Expenses": NaN,
        "Total Operating Income As Reported": NaN,
        "Diluted Average Shares": 11018.0,
        "Basic Average Shares": 11018.0,
        "Diluted EPS": -154.6,
        "Basic EPS": -154.6,
        "Diluted NI Availto Com Stockholders": NaN,
        "Net Income Common Stockholders": NaN,
        "Net Income": NaN,
        "Net Income Including Noncontrolling Interests": NaN,
        "Net Income Continuous Operations": NaN,
        "Tax Provision": NaN,
        "Pretax Income": NaN,
        "Other Income Expense": NaN,
        "Special Income Charges": NaN,
        "Other Special Charges": NaN,
        "Gain On Sale Of Security": NaN,
        "Net Non Operating Interest Income Expense": NaN,
        "Interest Expense Non Operating": NaN,
        "Interest Income Non Operating": NaN,
        "Operating Income": NaN,
        "Operating Expense": NaN,
        "Other Taxes": NaN,
        "Depreciation Amortization Depletion Income Statement": NaN,
        "Depreciation And Amortization In Income Statement": NaN,
        "Depreciation Income Statement": NaN,
        "Research And Development": NaN,
        "Selling General And Administration": NaN,
        "Selling And Marketing Expense": NaN,
        "General And Administrative Expense": NaN,
        "Other Gand A": NaN,
        "Salaries And Wages": NaN,
        "Gross Profit": NaN,
        "Cost Of Revenue": NaN,
        "Total Revenue": NaN,
        "Operating Revenue": NaN
    },
    "2022-12-31": {
        "Tax Effect Of Unusual Items": NaN,
        "Tax Rate For Calcs": NaN,
        "Normalized EBITDA": NaN,
        "Total Unusual Items": NaN,
        "Total Unusual Items Excluding Goodwill": NaN,
        "Net Income From Continuing Operation Net Minority Interest": NaN,
        "Reconciled Depreciation": NaN,
        "Reconciled Cost Of Revenue": NaN,
        "EBITDA": NaN,
        "EBIT": NaN,
        "Net Interest Income": NaN,
        "Interest Expense": NaN,
        "Interest Income": NaN,
        "Normalized Income": NaN,
        "Net Income From Continuing And Discontinued Operation": NaN,
        "Total Expenses": NaN,
        "Total Operating Income As Reported": NaN,
        "Diluted Average Shares": NaN,
        "Basic Average Shares": NaN,
        "Diluted EPS": NaN,
        "Basic EPS": NaN,
        "Diluted NI Availto Com Stockholders": NaN,
        "Net Income Common Stockholders": NaN,
        "Net Income": NaN,
        "Net Income Including Noncontrolling Interests": NaN,
        "Net Income Continuous Operations": NaN,
        "Tax Provision": NaN,
        "Pretax Income": NaN,
        "Other Income Expense": NaN,
        "Special Income Charges": -18326719.0,
        "Other Special Charges": 0.0,
        "Gain On Sale Of Security": NaN,
        "Net Non Operating Interest Income Expense": NaN,
        "Interest Expense Non Operating": NaN,
        "Interest Income Non Operating": NaN,
        "Operating Income": NaN,
        "Operating Expense": NaN,
        "Other Taxes": NaN,
        "Depreciation Amortization Depletion Income Statement": NaN,
        "Depreciation And Amortization In Income Statement": NaN,
        "Depreciation Income Statement": NaN,
        "Research And Development": NaN,
        "Selling General And Administration": NaN,
        "Selling And Marketing Expense": NaN,
        "General And Administrative Expense": NaN,
        "Other Gand A": NaN,
        "Salaries And Wages": NaN,
        "Gross Profit": NaN,
        "Cost Of Revenue": NaN,
        "Total Revenue": NaN,
        "Operating Revenue": NaN
    },
    "2022-09-30": {
        "Tax Effect Of Unusual Items": NaN,
        "Tax Rate For Calcs": NaN,
        "Normalized EBITDA": NaN,
        "Total Unusual Items": NaN,
        "Total Unusual Items Excluding Goodwill": NaN,
        "Net Income From Continuing Operation Net Minority Interest": NaN,
        "Reconciled Depreciation": NaN,
        "Reconciled Cost Of Revenue": NaN,
        "EBITDA": NaN,
        "EBIT": NaN,
        "Net Interest Income": NaN,
        "Interest Expense": NaN,
        "Interest Income": NaN,
        "Normalized Income": NaN,
        "Net Income From Continuing And Discontinued Operation": NaN,
        "Total Expenses": NaN,
        "Total Operating Income As Reported": NaN,
        "Diluted Average Shares": 188856.0,
        "Basic Average Shares": 188856.0,
        "Diluted EPS": -8.0,
        "Basic EPS": -8.0,
        "Diluted NI Availto Com Stockholders": NaN,
        "Net Income Common Stockholders": NaN,
        "Net Income": NaN,
        "Net Income Including Noncontrolling Interests": NaN,
        "Net Income Continuous Operations": NaN,
        "Tax Provision": NaN,
        "Pretax Income": NaN,
        "Other Income Expense": NaN,
        "Special Income Charges": 0.0,
        "Other Special Charges": NaN,
        "Gain On Sale Of Security": NaN,
        "Net Non Operating Interest Income Expense": NaN,
        "Interest Expense Non Operating": NaN,
        "Interest Income Non Operating": NaN,
        "Operating Income": NaN,
        "Operating Expense": NaN,
        "Other Taxes": NaN,
        "Depreciation Amortization Depletion Income Statement": NaN,
        "Depreciation And Amortization In Income Statement": NaN,
        "Depreciation Income Statement": 789.0,
        "Research And Development": NaN,
        "Selling General And Administration": NaN,
        "Selling And Marketing Expense": NaN,
        "General And Administrative Expense": NaN,
        "Other Gand A": NaN,
        "Salaries And Wages": NaN,
        "Gross Profit": NaN,
        "Cost Of Revenue": NaN,
        "Total Revenue": NaN,
        "Operating Revenue": NaN
    },
    "2022-06-30": {
        "Tax Effect Of Unusual Items": 0.0,
        "Tax Rate For Calcs": 0.0,
        "Normalized EBITDA": -547466.0,
        "Total Unusual Items": 10881.0,
        "Total Unusual Items Excluding Goodwill": 10881.0,
        "Net Income From Continuing Operation Net Minority Interest": -538872.0,
        "Reconciled Depreciation": 2287.0,
        "Reconciled Cost Of Revenue": 74683.0,
        "EBITDA": -536585.0,
        "EBIT": -538872.0,
        "Net Interest Income": 146043.0,
        "Interest Expense": 0.0,
        "Interest Income": 146043.0,
        "Normalized Income": -549753.0,
        "Net Income From Continuing And Discontinued Operation": -538872.0,
        "Total Expenses": 846103.0,
        "Total Operating Income As Reported": -695796.0,
        "Diluted Average Shares": 15849518.0,
        "Basic Average Shares": 15849518.0,
        "Diluted EPS": -0.03,
        "Basic EPS": -0.03,
        "Diluted NI Availto Com Stockholders": -538872.0,
        "Net Income Common Stockholders": -538872.0,
        "Net Income": -538872.0,
        "Net Income Including Noncontrolling Interests": -538872.0,
        "Net Income Continuous Operations": -538872.0,
        "Tax Provision": 0.0,
        "Pretax Income": -538872.0,
        "Other Income Expense": 10881.0,
        "Special Income Charges": 10852.0,
        "Other Special Charges": -10852.0,
        "Gain On Sale Of Security": 29.0,
        "Net Non Operating Interest Income Expense": 146043.0,
        "Interest Expense Non Operating": 0.0,
        "Interest Income Non Operating": 146043.0,
        "Operating Income": -695796.0,
        "Operating Expense": 771420.0,
        "Other Taxes": NaN,
        "Depreciation Amortization Depletion Income Statement": 2287.0,
        "Depreciation And Amortization In Income Statement": 2287.0,
        "Depreciation Income Statement": 2287.0,
        "Research And Development": 45943.0,
        "Selling General And Administration": 723190.0,
        "Selling And Marketing Expense": 87680.0,
        "General And Administrative Expense": 635510.0,
        "Other Gand A": 345510.0,
        "Salaries And Wages": 290000.0,
        "Gross Profit": 75624.0,
        "Cost Of Revenue": 74683.0,
        "Total Revenue": 150307.0,
        "Operating Revenue": 150307.0
    },
    "2022-03-31": {
        "Diluted EPS": -0.23,
        "Total Revenue": 0,
        "Gross Profit": 0,
        "Operating Income": -1,
        "EBIT": -1,
        "Net Income": -1
    },
    "2021-12-31": {
        "Diluted EPS": 0.86,
        "Total Revenue": 0,
        "Gross Profit": 0,
        "Operating Income": 0,
        "EBIT": 0,
        "Net Income": 1
    },
    "2021-09-30": {
        "Diluted EPS": -1.59,
        "Total Revenue": 0,
        "Gross Profit": 0,
        "Operating Income": 0,
        "EBIT": 0,
        "Net Income": -4
    },
    "2021-06-30": {
        "Diluted EPS": -1.21,
        "Total Revenue": 0,
        "Gross Profit": 0,
        "Operating Income": 0,
        "EBIT": 0,
        "Net Income": -3
    },
    "2021-03-31": {
        "Diluted EPS": -2.82,
        "Total Revenue": 0,
        "Gross Profit": 0,
        "Operating Income": -1,
        "EBIT": -1,
        "Net Income": -6
    },
    "2020-12-31": {
        "Diluted EPS": -2.72,
        "Total Revenue": 0,
        "Gross Profit": 0,
        "Operating Income": 0,
        "EBIT": 0,
        "Net Income": -1
    },
    "2020-09-30": {
        "Diluted EPS": 0.0,
        "Total Revenue": 0,
        "Gross Profit": 0,
        "Operating Income": 0,
        "EBIT": 0,
        "Net Income": -1
    },
    "2020-06-30": {
        "Diluted EPS": -0.01,
        "Total Revenue": 0,
        "Gross Profit": 0,
        "Operating Income": 0,
        "EBIT": 0,
        "Net Income": -1
    },
    "2020-03-31": {
        "Diluted EPS": 0.0,
        "Total Revenue": 0,
        "Gross Profit": 0,
        "Operating Income": 0,
        "EBIT": 0,
        "Net Income": 0
    },
    "2019-12-31": {
        "Diluted EPS": 0.08,
        "Total Revenue": 0,
        "Gross Profit": 0,
        "Operating Income": 0,
        "EBIT": 0,
        "Net Income": -1
    },
    "2019-09-30": {
        "Diluted EPS": -0.04,
        "Total Revenue": 0,
        "Gross Profit": 0,
        "Operating Income": 0,
        "EBIT": 0,
        "Net Income": 0
    },
    "2019-06-30": {
        "Diluted EPS": -0.14,
        "Total Revenue": 0,
        "Gross Profit": 0,
        "Operating Income": 0,
        "EBIT": 0,
        "Net Income": 0
    },
    "2019-03-31": {
        "Diluted EPS": -0.05,
        "Total Revenue": 0,
        "Gross Profit": 0,
        "Operating Income": 0,
        "EBIT": 0,
        "Net Income": 0
    },
    "2018-12-31": {
        "Diluted EPS": -0.69,
        "Total Revenue": NaN,
        "Gross Profit": NaN,
        "Operating Income": 0,
        "EBIT": 0,
        "Net Income": 0
    },
    "2018-09-30": {
        "Diluted EPS": -0.02,
        "Total Revenue": NaN,
        "Gross Profit": NaN,
        "Operating Income": 0,
        "EBIT": 0,
        "Net Income": -1
    },
    "2018-06-30": {
        "Diluted EPS": 0.01,
        "Total Revenue": NaN,
        "Gross Profit": NaN,
        "Operating Income": -1,
        "EBIT": -1,
        "Net Income": -1
    },
    "2018-03-31": {
        "Diluted EPS": -0.01,
        "Total Revenue": 0,
        "Gross Profit": 0,
        "Operating Income": 0,
        "EBIT": 0,
        "Net Income": 0
    },
    "2017-12-31": {
        "Diluted EPS": 0.0,
        "Total Revenue": NaN,
        "Gross Profit": NaN,
        "Operating Income": 0,
        "EBIT": 0,
        "Net Income": 0
    },
    "2017-09-30": {
        "Diluted EPS": 0.0,
        "Total Revenue": NaN,
        "Gross Profit": NaN,
        "Operating Income": 0,
        "EBIT": 0,
        "Net Income": 0
    },
    "2017-06-30": {
        "Diluted EPS": 0.0,
        "Total Revenue": NaN,
        "Gross Profit": NaN,
        "Operating Income": 0,
        "EBIT": 0,
        "Net Income": 0
    },
    "2017-03-31": {
        "Diluted EPS": 0.0,
        "Total Revenue": NaN,
        "Gross Profit": NaN,
        "Operating Income": 0,
        "EBIT": 0,
        "Net Income": 0
    },
    "2016-12-31": {
        "Diluted EPS": 0.0,
        "Total Revenue": NaN,
        "Gross Profit": NaN,
        "Operating Income": 0,
        "EBIT": 0,
        "Net Income": -1
    },
    "2016-09-30": {
        "Diluted EPS": 0.0,
        "Total Revenue": NaN,
        "Gross Profit": NaN,
        "Operating Income": 0,
        "EBIT": 0,
        "Net Income": -2
    },
    "2016-06-30": {
        "Diluted EPS": 0.0,
        "Total Revenue": NaN,
        "Gross Profit": NaN,
        "Operating Income": 0,
        "EBIT": 0,
        "Net Income": 0
    },
    "2016-03-31": {
        "Diluted EPS": 0.0,
        "Total Revenue": NaN,
        "Gross Profit": NaN,
        "Operating Income": 0,
        "EBIT": 0,
        "Net Income": 0
    },
    "2015-12-31": {
        "Diluted EPS": 0.0,
        "Total Revenue": NaN,
        "Gross Profit": NaN,
        "Operating Income": 0,
        "EBIT": 0,
        "Net Income": -1
    },
    "2015-09-30": {
        "Diluted EPS": 0.0,
        "Total Revenue": NaN,
        "Gross Profit": NaN,
        "Operating Income": 0,
        "EBIT": 0,
        "Net Income": 0
    },
    "2015-06-30": {
        "Diluted EPS": 0.0,
        "Total Revenue": NaN,
        "Gross Profit": NaN,
        "Operating Income": 0,
        "EBIT": 0,
        "Net Income": -1
    },
    "2015-03-31": {
        "Diluted EPS": 0.0,
        "Total Revenue": NaN,
        "Gross Profit": NaN,
        "Operating Income": 0,
        "EBIT": 0,
        "Net Income": 0
    },
    "2014-12-31": {
        "Diluted EPS": -0.01,
        "Total Revenue": NaN,
        "Gross Profit": NaN,
        "Operating Income": 0,
        "EBIT": 0,
        "Net Income": 0
    },
    "2014-09-30": {
        "Diluted EPS": 0.0,
        "Total Revenue": NaN,
        "Gross Profit": NaN,
        "Operating Income": 0,
        "EBIT": 0,
        "Net Income": 0
    },
    "2014-06-30": {
        "Diluted EPS": -0.01,
        "Total Revenue": NaN,
        "Gross Profit": NaN,
        "Operating Income": -1,
        "EBIT": -1,
        "Net Income": -1
    },
    "2014-03-31": {
        "Diluted EPS": -0.01,
        "Total Revenue": NaN,
        "Gross Profit": NaN,
        "Operating Income": 0,
        "EBIT": 0,
        "Net Income": -1
    },
    "2013-12-31": {
        "Diluted EPS": -0.01,
        "Total Revenue": NaN,
        "Gross Profit": NaN,
        "Operating Income": -1,
        "EBIT": -1,
        "Net Income": -1
    },
    "2013-09-30": {
        "Diluted EPS": 0.0,
        "Total Revenue": NaN,
        "Gross Profit": NaN,
        "Operating Income": 0,
        "EBIT": 0,
        "Net Income": 0
    },
    "2013-06-30": {
        "Diluted EPS": 0.0,
        "Total Revenue": NaN,
        "Gross Profit": NaN,
        "Operating Income": 0,
        "EBIT": 0,
        "Net Income": 0
    },
    "2013-03-31": {
        "Diluted EPS": -0.03,
        "Total Revenue": NaN,
        "Gross Profit": NaN,
        "Operating Income": -1,
        "EBIT": -1,
        "Net Income": -1
    },
    "2012-12-31": {
        "Diluted EPS": 0.0,
        "Total Revenue": NaN,
        "Gross Profit": NaN,
        "Operating Income": 0,
        "EBIT": 0,
        "Net Income": 0
    },
    "2012-09-30": {
        "Diluted EPS": -0.01,
        "Total Revenue": NaN,
        "Gross Profit": NaN,
        "Operating Income": 0,
        "EBIT": 0,
        "Net Income": -1
    },
    "2012-06-30": {
        "Diluted EPS": 0.0,
        "Total Revenue": NaN,
        "Gross Profit": NaN,
        "Operating Income": 0,
        "EBIT": 0,
        "Net Income": 0
    },
    "2012-03-31": {
        "Diluted EPS": 0.0,
        "Total Revenue": NaN,
        "Gross Profit": NaN,
        "Operating Income": 0,
        "EBIT": 0,
        "Net Income": 0
    },
    "2011-12-31": {
        "Diluted EPS": 0.0,
        "Total Revenue": NaN,
        "Gross Profit": NaN,
        "Operating Income": 0,
        "EBIT": 0,
        "Net Income": 0
    },
    "2011-09-30": {
        "Diluted EPS": 0.0,
        "Total Revenue": NaN,
        "Gross Profit": NaN,
        "Operating Income": 0,
        "EBIT": 0,
        "Net Income": 0
    },
    "2011-06-30": {
        "Diluted EPS": 0.0,
        "Total Revenue": NaN,
        "Gross Profit": NaN,
        "Operating Income": 0,
        "EBIT": 0,
        "Net Income": 0
    },
    "2011-03-31": {
        "Diluted EPS": 0.0,
        "Total Revenue": NaN,
        "Gross Profit": NaN,
        "Operating Income": 0,
        "EBIT": 0,
        "Net Income": 0
    },
    "2023-06-30": {
        "Tax Effect Of Unusual Items": -104.4,
        "Tax Rate For Calcs": 0.4,
        "Normalized EBITDA": -775955.0,
        "Total Unusual Items": -261.0,
        "Total Unusual Items Excluding Goodwill": -261.0,
        "Net Income From Continuing Operation Net Minority Interest": -902108.0,
        "Reconciled Depreciation": 34884.0,
        "Reconciled Cost Of Revenue": 3608111.0,
        "EBITDA": -776216.0,
        "EBIT": -811100.0,
        "Net Interest Income": 199718.0,
        "Interest Expense": 3331.0,
        "Interest Income": 203049.0,
        "Normalized Income": -901951.4,
        "Net Income From Continuing And Discontinued Operation": -902108.0,
        "Total Expenses": 6574753.0,
        "Total Operating Income As Reported": -1013888.0,
        "Diluted Average Shares": 1267500.0,
        "Basic Average Shares": 1267500.0,
        "Diluted EPS": -0.7117,
        "Basic EPS": -0.7117,
        "Diluted NI Availto Com Stockholders": -902108.0,
        "Net Income Common Stockholders": -902108.0,
        "Net Income": -902108.0,
        "Net Income Including Noncontrolling Interests": -902108.0,
        "Net Income Continuous Operations": -902108.0,
        "Tax Provision": 87677.0,
        "Pretax Income": -814431.0,
        "Other Income Expense": -261.0,
        "Special Income Charges": 0.0,
        "Other Special Charges": NaN,
        "Gain On Sale Of Security": -261.0,
        "Net Non Operating Interest Income Expense": 199718.0,
        "Interest Expense Non Operating": 3331.0,
        "Interest Income Non Operating": 203049.0,
        "Operating Income": -1013888.0,
        "Operating Expense": 2966635.0,
        "Other Taxes": 96649.0,
        "Depreciation Amortization Depletion Income Statement": 34877.0,
        "Depreciation And Amortization In Income Statement": 34877.0,
        "Depreciation Income Statement": 34877.0,
        "Research And Development": 368565.0,
        "Selling General And Administration": 2466544.0,
        "Selling And Marketing Expense": 133177.0,
        "General And Administrative Expense": 2333367.0,
        "Other Gand A": 1033200.0,
        "Salaries And Wages": 1300167.0,
        "Gross Profit": 1952747.0,
        "Cost Of Revenue": 3608118.0,
        "Total Revenue": 5560865.0,
        "Operating Revenue": 5560865.0
    },
    "2023-09-30": {
        "Tax Effect Of Unusual Items": 16.0,
        "Tax Rate For Calcs": 0.4,
        "Normalized EBITDA": -534833.0,
        "Total Unusual Items": 40.0,
        "Total Unusual Items Excluding Goodwill": 40.0,
        "Net Income From Continuing Operation Net Minority Interest": -651482.0,
        "Reconciled Depreciation": 37200.0,
        "Reconciled Cost Of Revenue": 3967422.0,
        "EBITDA": -534793.0,
        "EBIT": -572003.0,
        "Net Interest Income": 168904.0,
        "Interest Expense": 38527.0,
        "Interest Income": 207431.0,
        "Normalized Income": -651506.0,
        "Net Income From Continuing And Discontinued Operation": -651482.0,
        "Total Expenses": 6737142.0,
        "Total Operating Income As Reported": -779474.0,
        "Diluted Average Shares": 12845.0,
        "Basic Average Shares": 12845.0,
        "Diluted EPS": -80.0,
        "Basic EPS": -80.0,
        "Diluted NI Availto Com Stockholders": -651482.0,
        "Net Income Common Stockholders": -651482.0,
        "Net Income": -651482.0,
        "Net Income Including Noncontrolling Interests": -651482.0,
        "Net Income Continuous Operations": -651482.0,
        "Tax Provision": 40952.0,
        "Pretax Income": -610530.0,
        "Other Income Expense": 40.0,
        "Special Income Charges": 0.0,
        "Other Special Charges": NaN,
        "Gain On Sale Of Security": 40.0,
        "Net Non Operating Interest Income Expense": 168904.0,
        "Interest Expense Non Operating": 38527.0,
        "Interest Income Non Operating": 207431.0,
        "Operating Income": -779474.0,
        "Operating Expense": 2769730.0,
        "Other Taxes": 52586.0,
        "Depreciation Amortization Depletion Income Statement": 37210.0,
        "Depreciation And Amortization In Income Statement": 37210.0,
        "Depreciation Income Statement": 37210.0,
        "Research And Development": 238012.0,
        "Selling General And Administration": 2441922.0,
        "Selling And Marketing Expense": 241897.0,
        "General And Administrative Expense": 2200025.0,
        "Other Gand A": 955648.0,
        "Salaries And Wages": 1244377.0,
        "Gross Profit": 1990256.0,
        "Cost Of Revenue": 3967412.0,
        "Total Revenue": 5957668.0,
        "Operating Revenue": 5957668.0
    },
    "2023-12-31": {
        "Tax Effect Of Unusual Items": -15.6,
        "Tax Rate For Calcs": 0.4,
        "Normalized EBITDA": -957255.0,
        "Total Unusual Items": -39.0,
        "Total Unusual Items Excluding Goodwill": -39.0,
        "Net Income From Continuing Operation Net Minority Interest": -1250024.0,
        "Reconciled Depreciation": 42353.0,
        "Reconciled Cost Of Revenue": 5112152.0,
        "EBITDA": -957294.0,
        "EBIT": -999647.0,
        "Net Interest Income": 157503.0,
        "Interest Expense": 30110.0,
        "Interest Income": 187613.0,
        "Normalized Income": -1250000.6,
        "Net Income From Continuing And Discontinued Operation": -1250024.0,
        "Total Expenses": 8867422.0,
        "Total Operating Income As Reported": -1187221.0,
        "Diluted Average Shares": NaN,
        "Basic Average Shares": NaN,
        "Diluted EPS": NaN,
        "Basic EPS": NaN,
        "Diluted NI Availto Com Stockholders": -1250024.0,
        "Net Income Common Stockholders": -1250024.0,
        "Net Income": -1250024.0,
        "Net Income Including Noncontrolling Interests": -1250024.0,
        "Net Income Continuous Operations": -1250024.0,
        "Tax Provision": 220267.0,
        "Pretax Income": -1029757.0,
        "Other Income Expense": -39.0,
        "Special Income Charges": 0.0,
        "Other Special Charges": NaN,
        "Gain On Sale Of Security": -39.0,
        "Net Non Operating Interest Income Expense": 157503.0,
        "Interest Expense Non Operating": 30110.0,
        "Interest Income Non Operating": 187613.0,
        "Operating Income": -1187221.0,
        "Operating Expense": 3755267.0,
        "Other Taxes": 76784.0,
        "Depreciation Amortization Depletion Income Statement": 42350.0,
        "Depreciation And Amortization In Income Statement": 42350.0,
        "Depreciation Income Statement": NaN,
        "Research And Development": 816328.0,
        "Selling General And Administration": 2819805.0,
        "Selling And Marketing Expense": 231261.0,
        "General And Administrative Expense": 2588544.0,
        "Other Gand A": 1120377.0,
        "Salaries And Wages": 1468167.0,
        "Gross Profit": 2568046.0,
        "Cost Of Revenue": 5112155.0,
        "Total Revenue": 7680201.0,
        "Operating Revenue": 7680201.0
    },
    "2024-03-31": {
        "Tax Effect Of Unusual Items": -865.05,
        "Tax Rate For Calcs": 0.15,
        "Normalized EBITDA": -1163882.0,
        "Total Unusual Items": -5767.0,
        "Total Unusual Items Excluding Goodwill": -5767.0,
        "Net Income From Continuing Operation Net Minority Interest": -1283801.0,
        "Reconciled Depreciation": 42618.0,
        "Reconciled Cost Of Revenue": 5186709.0,
        "EBITDA": -1169649.0,
        "EBIT": -1212267.0,
        "Net Interest Income": 94908.0,
        "Interest Expense": 49181.0,
        "Interest Income": 144089.0,
        "Normalized Income": -1278899.05,
        "Net Income From Continuing And Discontinued Operation": -1283801.0,
        "Total Expenses": 8891635.0,
        "Total Operating Income As Reported": -1350589.0,
        "Diluted Average Shares": 32065.0,
        "Basic Average Shares": 32065.0,
        "Diluted EPS": -40.0,
        "Basic EPS": -40.0,
        "Diluted NI Availto Com Stockholders": -1283801.0,
        "Net Income Common Stockholders": -1283801.0,
        "Net Income": -1283801.0,
        "Net Income Including Noncontrolling Interests": -1283801.0,
        "Net Income Continuous Operations": -1283801.0,
        "Tax Provision": 22353.0,
        "Pretax Income": -1261448.0,
        "Other Income Expense": -5767.0,
        "Special Income Charges": NaN,
        "Other Special Charges": NaN,
        "Gain On Sale Of Security": -5767.0,
        "Net Non Operating Interest Income Expense": 94908.0,
        "Interest Expense Non Operating": 49181.0,
        "Interest Income Non Operating": 144089.0,
        "Operating Income": -1350589.0,
        "Operating Expense": 3704926.0,
        "Other Taxes": 75901.0,
        "Depreciation Amortization Depletion Income Statement": 42618.0,
        "Depreciation And Amortization In Income Statement": 42618.0,
        "Depreciation Income Statement": NaN,
        "Research And Development": 222033.0,
        "Selling General And Administration": 3364374.0,
        "Selling And Marketing Expense": 198046.0,
        "General And Administrative Expense": 3166328.0,
        "Other Gand A": 1532616.0,
        "Salaries And Wages": 1633712.0,
        "Gross Profit": 2354337.0,
        "Cost Of Revenue": 5186709.0,
        "Total Revenue": 7541046.0,
        "Operating Revenue": 7541046.0
    },
    "2024-06-30": {
        "Tax Effect Of Unusual Items": 42980.25,
        "Tax Rate For Calcs": 0.15,
        "Normalized EBITDA": -1073405.0,
        "Total Unusual Items": 286535.0,
        "Total Unusual Items Excluding Goodwill": 286535.0,
        "Net Income From Continuing Operation Net Minority Interest": -494300.0,
        "Reconciled Depreciation": 50876.0,
        "Reconciled Cost Of Revenue": 6946804.0,
        "EBITDA": -786870.0,
        "EBIT": -837746.0,
        "Net Interest Income": 143750.0,
        "Interest Expense": 245.0,
        "Interest Income": 143995.0,
        "Normalized Income": -737854.75,
        "Net Income From Continuing And Discontinued Operation": -494300.0,
        "Total Expenses": 10571344.0,
        "Total Operating Income As Reported": -1268276.0,
        "Diluted Average Shares": 4972600.0,
        "Basic Average Shares": 4972600.0,
        "Diluted EPS": -0.0994,
        "Basic EPS": -0.0994,
        "Diluted NI Availto Com Stockholders": -494300.0,
        "Net Income Common Stockholders": -494300.0,
        "Net Income": -494300.0,
        "Net Income Including Noncontrolling Interests": -494300.0,
        "Net Income Continuous Operations": -494300.0,
        "Tax Provision": -343691.0,
        "Pretax Income": -837991.0,
        "Other Income Expense": 286535.0,
        "Special Income Charges": NaN,
        "Other Special Charges": NaN,
        "Gain On Sale Of Security": 286535.0,
        "Net Non Operating Interest Income Expense": 143750.0,
        "Interest Expense Non Operating": 245.0,
        "Interest Income Non Operating": 143995.0,
        "Operating Income": -1268277.0,
        "Operating Expense": 3624534.0,
        "Other Taxes": 145805.0,
        "Depreciation Amortization Depletion Income Statement": 50870.0,
        "Depreciation And Amortization In Income Statement": 50870.0,
        "Depreciation Income Statement": 50870.0,
        "Research And Development": 436235.0,
        "Selling General And Administration": 2991624.0,
        "Selling And Marketing Expense": 256325.0,
        "General And Administrative Expense": 2735299.0,
        "Other Gand A": 1079123.0,
        "Salaries And Wages": 1656176.0,
        "Gross Profit": 2356257.0,
        "Cost Of Revenue": 6946810.0,
        "Total Revenue": 9303067.0,
        "Operating Revenue": 9303067.0
    }
}