{
    "2023-03-31": {
        "Tax Effect Of Unusual Items": NaN,
        "Tax Rate For Calcs": NaN,
        "Normalized EBITDA": NaN,
        "Total Unusual Items": NaN,
        "Total Unusual Items Excluding Goodwill": NaN,
        "Net Income From Continuing Operation Net Minority Interest": NaN,
        "Reconciled Depreciation": NaN,
        "Reconciled Cost Of Revenue": NaN,
        "EBITDA": NaN,
        "EBIT": NaN,
        "Net Interest Income": NaN,
        "Interest Expense": NaN,
        "Interest Income": NaN,
        "Normalized Income": NaN,
        "Net Income From Continuing And Discontinued Operation": NaN,
        "Total Expenses": NaN,
        "Rent Expense Supplemental": NaN,
        "Total Operating Income As Reported": NaN,
        "Diluted Average Shares": NaN,
        "Basic Average Shares": NaN,
        "Diluted EPS": NaN,
        "Basic EPS": NaN,
        "Diluted NI Availto Com Stockholders": NaN,
        "Net Income Common Stockholders": NaN,
        "Net Income": NaN,
        "Minority Interests": NaN,
        "Net Income Including Noncontrolling Interests": NaN,
        "Net Income Continuous Operations": NaN,
        "Tax Provision": NaN,
        "Pretax Income": NaN,
        "Other Income Expense": NaN,
        "Special Income Charges": NaN,
        "Gain On Sale Of Ppe": 91300000.0,
        "Restructuring And Mergern Acquisition": 8800000.0,
        "Earnings From Equity Interest": NaN,
        "Net Non Operating Interest Income Expense": NaN,
        "Interest Expense Non Operating": NaN,
        "Interest Income Non Operating": NaN,
        "Operating Income": NaN,
        "Operating Expense": NaN,
        "Other Operating Expenses": NaN,
        "Depreciation Amortization Depletion Income Statement": NaN,
        "Depreciation And Amortization In Income Statement": NaN,
        "Selling General And Administration": NaN,
        "General And Administrative Expense": NaN,
        "Other Gand A": NaN,
        "Gross Profit": NaN,
        "Cost Of Revenue": NaN,
        "Total Revenue": NaN,
        "Operating Revenue": NaN
    },
    "2022-12-31": {
        "Tax Effect Of Unusual Items": NaN,
        "Tax Rate For Calcs": NaN,
        "Normalized EBITDA": NaN,
        "Total Unusual Items": NaN,
        "Total Unusual Items Excluding Goodwill": NaN,
        "Net Income From Continuing Operation Net Minority Interest": NaN,
        "Reconciled Depreciation": NaN,
        "Reconciled Cost Of Revenue": NaN,
        "EBITDA": NaN,
        "EBIT": NaN,
        "Net Interest Income": NaN,
        "Interest Expense": NaN,
        "Interest Income": NaN,
        "Normalized Income": NaN,
        "Net Income From Continuing And Discontinued Operation": NaN,
        "Total Expenses": NaN,
        "Rent Expense Supplemental": NaN,
        "Total Operating Income As Reported": NaN,
        "Diluted Average Shares": NaN,
        "Basic Average Shares": NaN,
        "Diluted EPS": NaN,
        "Basic EPS": NaN,
        "Diluted NI Availto Com Stockholders": NaN,
        "Net Income Common Stockholders": NaN,
        "Net Income": NaN,
        "Minority Interests": NaN,
        "Net Income Including Noncontrolling Interests": NaN,
        "Net Income Continuous Operations": NaN,
        "Tax Provision": NaN,
        "Pretax Income": NaN,
        "Other Income Expense": NaN,
        "Special Income Charges": NaN,
        "Gain On Sale Of Ppe": NaN,
        "Restructuring And Mergern Acquisition": 5800000.0,
        "Earnings From Equity Interest": NaN,
        "Net Non Operating Interest Income Expense": NaN,
        "Interest Expense Non Operating": NaN,
        "Interest Income Non Operating": NaN,
        "Operating Income": NaN,
        "Operating Expense": NaN,
        "Other Operating Expenses": NaN,
        "Depreciation Amortization Depletion Income Statement": NaN,
        "Depreciation And Amortization In Income Statement": NaN,
        "Selling General And Administration": NaN,
        "General And Administrative Expense": NaN,
        "Other Gand A": NaN,
        "Gross Profit": NaN,
        "Cost Of Revenue": NaN,
        "Total Revenue": NaN,
        "Operating Revenue": NaN
    },
    "2022-09-30": {
        "Tax Effect Of Unusual Items": -7090200.0,
        "Tax Rate For Calcs": 0.202,
        "Normalized EBITDA": 1619000000.0,
        "Total Unusual Items": -35100000.0,
        "Total Unusual Items Excluding Goodwill": -35100000.0,
        "Net Income From Continuing Operation Net Minority Interest": 878300000.0,
        "Reconciled Depreciation": 357400000.0,
        "Reconciled Cost Of Revenue": 6255700000.0,
        "EBITDA": 1583900000.0,
        "EBIT": 1226500000.0,
        "Net Interest Income": -94300000.0,
        "Interest Expense": 125300000.0,
        "Interest Income": 31000000.0,
        "Normalized Income": 906309800.0,
        "Net Income From Continuing And Discontinued Operation": 878300000.0,
        "Total Expenses": 7274200000.0,
        "Rent Expense Supplemental": 691000000.0,
        "Total Operating Income As Reported": 1195500000.0,
        "Diluted Average Shares": 1152500000.0,
        "Basic Average Shares": 1147900000.0,
        "Diluted EPS": 0.76,
        "Basic EPS": 0.76547,
        "Diluted NI Availto Com Stockholders": 878300000.0,
        "Net Income Common Stockholders": 878300000.0,
        "Net Income": 878300000.0,
        "Minority Interests": -200000.0,
        "Net Income Including Noncontrolling Interests": 878500000.0,
        "Net Income Continuous Operations": 878500000.0,
        "Tax Provision": 222700000.0,
        "Pretax Income": 1101200000.0,
        "Other Income Expense": 55500000.0,
        "Special Income Charges": -35100000.0,
        "Gain On Sale Of Ppe": NaN,
        "Gain On Sale Of Business": 0.0,
        "Restructuring And Mergern Acquisition": 35100000.0,
        "Earnings From Equity Interest": 90600000.0,
        "Net Non Operating Interest Income Expense": -94300000.0,
        "Interest Expense Non Operating": 125300000.0,
        "Interest Income Non Operating": 31000000.0,
        "Operating Income": 1140000000.0,
        "Operating Expense": 1018500000.0,
        "Other Operating Expenses": 123100000.0,
        "Depreciation Amortization Depletion Income Statement": 357400000.0,
        "Depreciation And Amortization In Income Statement": 357400000.0,
        "Selling General And Administration": 538000000.0,
        "General And Administrative Expense": 538000000.0,
        "Other Gand A": 538000000.0,
        "Gross Profit": 2158500000.0,
        "Cost Of Revenue": 6255700000.0,
        "Total Revenue": 8414200000.0,
        "Operating Revenue": 7899800000.0
    },
    "2022-06-30": {
        "Tax Effect Of Unusual Items": -3276000.0,
        "Tax Rate For Calcs": 0.234,
        "Normalized EBITDA": 1720600000.0,
        "Total Unusual Items": -14000000.0,
        "Total Unusual Items Excluding Goodwill": -14000000.0,
        "Net Income From Continuing Operation Net Minority Interest": 912900000.0,
        "Reconciled Depreciation": 391300000.0,
        "Reconciled Cost Of Revenue": 5881600000.0,
        "EBITDA": 1706600000.0,
        "EBIT": 1315300000.0,
        "Net Interest Income": -103300000.0,
        "Interest Expense": 123100000.0,
        "Interest Income": 19800000.0,
        "Normalized Income": 923624000.0,
        "Net Income From Continuing And Discontinued Operation": 912900000.0,
        "Total Expenses": 6894700000.0,
        "Rent Expense Supplemental": 652900000.0,
        "Total Operating Income As Reported": 1295500000.0,
        "Diluted Average Shares": 1151000000.0,
        "Basic Average Shares": 1147000000.0,
        "Diluted EPS": 0.79,
        "Basic EPS": 0.8,
        "Diluted NI Availto Com Stockholders": 912900000.0,
        "Net Income Common Stockholders": 912900000.0,
        "Net Income": 912900000.0,
        "Minority Interests": -800000.0,
        "Net Income Including Noncontrolling Interests": 913700000.0,
        "Net Income Continuous Operations": 913700000.0,
        "Tax Provision": 278500000.0,
        "Pretax Income": 1192200000.0,
        "Other Income Expense": 40100000.0,
        "Special Income Charges": -14000000.0,
        "Gain On Sale Of Ppe": NaN,
        "Gain On Sale Of Business": NaN,
        "Restructuring And Mergern Acquisition": 14000000.0,
        "Earnings From Equity Interest": 54100000.0,
        "Net Non Operating Interest Income Expense": -103300000.0,
        "Interest Expense Non Operating": 123100000.0,
        "Interest Income Non Operating": 19800000.0,
        "Operating Income": 1255400000.0,
        "Operating Expense": 978600000.0,
        "Other Operating Expenses": 135100000.0,
        "Depreciation Amortization Depletion Income Statement": 356800000.0,
        "Depreciation And Amortization In Income Statement": 356800000.0,
        "Selling General And Administration": 486700000.0,
        "General And Administrative Expense": 486700000.0,
        "Other Gand A": 486700000.0,
        "Gross Profit": 2234000000.0,
        "Cost Of Revenue": 5916100000.0,
        "Total Revenue": 8150100000.0,
        "Operating Revenue": 7632300000.0
    },
    "2023-06-30": {
        "Tax Effect Of Unusual Items": NaN,
        "Tax Rate For Calcs": NaN,
        "Normalized EBITDA": NaN,
        "Total Unusual Items": NaN,
        "Total Unusual Items Excluding Goodwill": NaN,
        "Net Income From Continuing Operation Net Minority Interest": NaN,
        "Reconciled Depreciation": NaN,
        "Reconciled Cost Of Revenue": NaN,
        "EBITDA": NaN,
        "EBIT": NaN,
        "Net Interest Income": NaN,
        "Interest Expense": NaN,
        "Interest Income": NaN,
        "Normalized Income": NaN,
        "Net Income From Continuing And Discontinued Operation": NaN,
        "Total Expenses": NaN,
        "Rent Expense Supplemental": NaN,
        "Total Operating Income As Reported": NaN,
        "Diluted Average Shares": 1150500000.0,
        "Basic Average Shares": 1145900000.0,
        "Diluted EPS": 0.99,
        "Basic EPS": 1.0,
        "Diluted NI Availto Com Stockholders": NaN,
        "Net Income Common Stockholders": NaN,
        "Net Income": NaN,
        "Minority Interests": NaN,
        "Net Income Including Noncontrolling Interests": NaN,
        "Net Income Continuous Operations": NaN,
        "Tax Provision": NaN,
        "Pretax Income": NaN,
        "Other Income Expense": NaN,
        "Special Income Charges": NaN,
        "Gain On Sale Of Ppe": 0.0,
        "Restructuring And Mergern Acquisition": 7100000.0,
        "Earnings From Equity Interest": NaN,
        "Net Non Operating Interest Income Expense": NaN,
        "Interest Expense Non Operating": NaN,
        "Interest Income Non Operating": NaN,
        "Operating Income": NaN,
        "Operating Expense": NaN,
        "Other Operating Expenses": NaN,
        "Depreciation Amortization Depletion Income Statement": NaN,
        "Depreciation And Amortization In Income Statement": NaN,
        "Selling General And Administration": NaN,
        "General And Administrative Expense": NaN,
        "Other Gand A": NaN,
        "Gross Profit": NaN,
        "Cost Of Revenue": NaN,
        "Total Revenue": NaN,
        "Operating Revenue": NaN
    },
    "2022-03-31": {
        "Diluted EPS": 0.58,
        "Total Revenue": NaN,
        "Gross Profit": NaN,
        "Operating Income": 949,
        "EBIT": NaN,
        "Net Income": 675
    },
    "2021-12-31": {
        "Diluted EPS": 0.69,
        "Total Revenue": NaN,
        "Gross Profit": NaN,
        "Operating Income": NaN,
        "EBIT": NaN,
        "Net Income": 816
    },
    "2021-09-30": {
        "Diluted EPS": 1.48,
        "Total Revenue": NaN,
        "Gross Profit": NaN,
        "Operating Income": NaN,
        "EBIT": NaN,
        "Net Income": NaN
    },
    "2021-06-30": {
        "Diluted EPS": 0.97,
        "Total Revenue": NaN,
        "Gross Profit": NaN,
        "Operating Income": NaN,
        "EBIT": NaN,
        "Net Income": NaN
    },
    "2021-03-31": {
        "Diluted EPS": 0.56,
        "Total Revenue": NaN,
        "Gross Profit": NaN,
        "Operating Income": 988,
        "EBIT": NaN,
        "Net Income": 659
    },
    "2020-12-31": {
        "Diluted EPS": 0.53,
        "Total Revenue": NaN,
        "Gross Profit": NaN,
        "Operating Income": 914,
        "EBIT": NaN,
        "Net Income": 622
    },
    "2020-09-30": {
        "Diluted EPS": 0.35,
        "Total Revenue": NaN,
        "Gross Profit": NaN,
        "Operating Income": 558,
        "EBIT": 938,
        "Net Income": 393
    },
    "2020-06-30": {
        "Diluted EPS": -0.58,
        "Total Revenue": NaN,
        "Gross Profit": NaN,
        "Operating Income": -704,
        "EBIT": -327,
        "Net Income": -678
    },
    "2020-03-31": {
        "Diluted EPS": 0.28,
        "Total Revenue": NaN,
        "Gross Profit": NaN,
        "Operating Income": 487,
        "EBIT": 865,
        "Net Income": 328
    },
    "2019-12-31": {
        "Diluted EPS": 0.74,
        "Total Revenue": NaN,
        "Gross Profit": NaN,
        "Operating Income": NaN,
        "EBIT": NaN,
        "Net Income": 886
    },
    "2019-09-30": {
        "Diluted EPS": 0.66,
        "Total Revenue": NaN,
        "Gross Profit": NaN,
        "Operating Income": NaN,
        "EBIT": NaN,
        "Net Income": 803
    },
    "2019-06-30": {
        "Diluted EPS": 1.12,
        "Total Revenue": NaN,
        "Gross Profit": NaN,
        "Operating Income": NaN,
        "EBIT": NaN,
        "Net Income": NaN
    },
    "2019-03-31": {
        "Diluted EPS": 0.53,
        "Total Revenue": NaN,
        "Gross Profit": NaN,
        "Operating Income": 858,
        "EBIT": NaN,
        "Net Income": 663
    },
    "2018-12-31": {
        "Diluted EPS": 0.61,
        "Total Revenue": NaN,
        "Gross Profit": NaN,
        "Operating Income": NaN,
        "EBIT": NaN,
        "Net Income": 761
    },
    "2018-09-30": {
        "Diluted EPS": 0.59,
        "Total Revenue": NaN,
        "Gross Profit": NaN,
        "Operating Income": 957,
        "EBIT": NaN,
        "Net Income": 756
    },
    "2018-06-30": {
        "Diluted EPS": 0.61,
        "Total Revenue": NaN,
        "Gross Profit": NaN,
        "Operating Income": NaN,
        "EBIT": NaN,
        "Net Income": 853
    },
    "2018-03-31": {
        "Diluted EPS": 0.47,
        "Total Revenue": NaN,
        "Gross Profit": NaN,
        "Operating Income": 773,
        "EBIT": NaN,
        "Net Income": 660
    },
    "2017-12-31": {
        "Diluted EPS": 1.57,
        "Total Revenue": NaN,
        "Gross Profit": NaN,
        "Operating Income": NaN,
        "EBIT": NaN,
        "Net Income": NaN
    },
    "2017-09-30": {
        "Diluted EPS": 0.54,
        "Total Revenue": NaN,
        "Gross Profit": NaN,
        "Operating Income": NaN,
        "EBIT": NaN,
        "Net Income": 789
    },
    "2017-06-30": {
        "Diluted EPS": 0.47,
        "Total Revenue": NaN,
        "Gross Profit": NaN,
        "Operating Income": NaN,
        "EBIT": NaN,
        "Net Income": 692
    },
    "2017-03-31": {
        "Diluted EPS": 0.45,
        "Total Revenue": NaN,
        "Gross Profit": NaN,
        "Operating Income": 935,
        "EBIT": NaN,
        "Net Income": 653
    },
    "2016-12-31": {
        "Diluted EPS": 0.51,
        "Total Revenue": NaN,
        "Gross Profit": NaN,
        "Operating Income": NaN,
        "EBIT": NaN,
        "Net Income": 752
    },
    "2016-09-30": {
        "Diluted EPS": 0.54,
        "Total Revenue": NaN,
        "Gross Profit": NaN,
        "Operating Income": NaN,
        "EBIT": NaN,
        "Net Income": 801
    },
    "2016-06-30": {
        "Diluted EPS": 0.51,
        "Total Revenue": NaN,
        "Gross Profit": NaN,
        "Operating Income": NaN,
        "EBIT": NaN,
        "Net Income": 754
    },
    "2016-03-31": {
        "Diluted EPS": 0.39,
        "Total Revenue": NaN,
        "Gross Profit": NaN,
        "Operating Income": 864,
        "EBIT": NaN,
        "Net Income": 575
    },
    "2015-12-31": {
        "Diluted EPS": 0.46,
        "Total Revenue": NaN,
        "Gross Profit": NaN,
        "Operating Income": NaN,
        "EBIT": NaN,
        "Net Income": 688
    },
    "2015-09-30": {
        "Diluted EPS": 0.43,
        "Total Revenue": NaN,
        "Gross Profit": NaN,
        "Operating Income": 969,
        "EBIT": NaN,
        "Net Income": 653
    },
    "2015-06-30": {
        "Diluted EPS": 0.41,
        "Total Revenue": NaN,
        "Gross Profit": NaN,
        "Operating Income": 939,
        "EBIT": NaN,
        "Net Income": 627
    },
    "2015-03-31": {
        "Diluted EPS": 0.33,
        "Total Revenue": NaN,
        "Gross Profit": NaN,
        "Operating Income": 778,
        "EBIT": NaN,
        "Net Income": 495
    },
    "2014-12-31": {
        "Diluted EPS": 0.65,
        "Total Revenue": NaN,
        "Gross Profit": NaN,
        "Operating Income": 916,
        "EBIT": NaN,
        "Net Income": 983
    },
    "2014-09-30": {
        "Diluted EPS": 0.38,
        "Total Revenue": NaN,
        "Gross Profit": NaN,
        "Operating Income": 855,
        "EBIT": NaN,
        "Net Income": 588
    },
    "2014-06-30": {
        "Diluted EPS": 0.34,
        "Total Revenue": NaN,
        "Gross Profit": NaN,
        "Operating Income": 769,
        "EBIT": 958,
        "Net Income": 513
    },
    "2014-03-31": {
        "Diluted EPS": 0.28,
        "Total Revenue": NaN,
        "Gross Profit": NaN,
        "Operating Income": 644,
        "EBIT": 828,
        "Net Income": 427
    },
    "2013-12-31": {
        "Diluted EPS": 0.36,
        "Total Revenue": NaN,
        "Gross Profit": NaN,
        "Operating Income": 814,
        "EBIT": 994,
        "Net Income": 541
    },
    "2013-09-30": {
        "Diluted EPS": -0.81,
        "Total Revenue": NaN,
        "Gross Profit": NaN,
        "Operating Income": NaN,
        "EBIT": NaN,
        "Net Income": NaN
    },
    "2013-06-30": {
        "Diluted EPS": 0.28,
        "Total Revenue": NaN,
        "Gross Profit": NaN,
        "Operating Income": 615,
        "EBIT": 776,
        "Net Income": 418
    },
    "2013-03-31": {
        "Diluted EPS": 0.26,
        "Total Revenue": NaN,
        "Gross Profit": NaN,
        "Operating Income": 544,
        "EBIT": 705,
        "Net Income": 390
    },
    "2012-12-31": {
        "Diluted EPS": 0.29,
        "Total Revenue": NaN,
        "Gross Profit": NaN,
        "Operating Income": 631,
        "EBIT": 787,
        "Net Income": 432
    },
    "2012-09-30": {
        "Diluted EPS": 0.23,
        "Total Revenue": NaN,
        "Gross Profit": NaN,
        "Operating Income": 519,
        "EBIT": 672,
        "Net Income": 359
    },
    "2012-06-30": {
        "Diluted EPS": 0.22,
        "Total Revenue": NaN,
        "Gross Profit": NaN,
        "Operating Income": 492,
        "EBIT": 631,
        "Net Income": 333
    },
    "2012-03-31": {
        "Diluted EPS": 0.2,
        "Total Revenue": NaN,
        "Gross Profit": NaN,
        "Operating Income": 430,
        "EBIT": 575,
        "Net Income": 310
    },
    "2011-12-31": {
        "Diluted EPS": 0.25,
        "Total Revenue": NaN,
        "Gross Profit": NaN,
        "Operating Income": 556,
        "EBIT": 700,
        "Net Income": 382
    },
    "2011-09-30": {
        "Diluted EPS": 0.24,
        "Total Revenue": NaN,
        "Gross Profit": NaN,
        "Operating Income": 448,
        "EBIT": 590,
        "Net Income": 358
    },
    "2011-06-30": {
        "Diluted EPS": 0.18,
        "Total Revenue": NaN,
        "Gross Profit": NaN,
        "Operating Income": 402,
        "EBIT": 539,
        "Net Income": 279
    },
    "2011-03-31": {
        "Diluted EPS": 0.17,
        "Total Revenue": NaN,
        "Gross Profit": NaN,
        "Operating Income": 376,
        "EBIT": 512,
        "Net Income": 262
    },
    "2010-12-31": {
        "Diluted EPS": 0.23,
        "Total Revenue": NaN,
        "Gross Profit": NaN,
        "Operating Income": 502,
        "EBIT": 637,
        "Net Income": 347
    },
    "2010-09-30": {
        "Diluted EPS": 0.19,
        "Total Revenue": NaN,
        "Gross Profit": NaN,
        "Operating Income": 399,
        "EBIT": 536,
        "Net Income": 279
    },
    "2010-06-30": {
        "Diluted EPS": 0.14,
        "Total Revenue": NaN,
        "Gross Profit": NaN,
        "Operating Income": 328,
        "EBIT": 460,
        "Net Income": 208
    },
    "2010-03-31": {
        "Diluted EPS": 0.14,
        "Total Revenue": NaN,
        "Gross Profit": NaN,
        "Operating Income": 340,
        "EBIT": 474,
        "Net Income": 217
    },
    "2009-12-31": {
        "Diluted EPS": 0.16,
        "Total Revenue": NaN,
        "Gross Profit": NaN,
        "Operating Income": 353,
        "EBIT": 491,
        "Net Income": 242
    },
    "2009-09-30": {
        "Diluted EPS": 0.1,
        "Total Revenue": NaN,
        "Gross Profit": NaN,
        "Operating Income": 199,
        "EBIT": 340,
        "Net Income": 150
    },
    "2009-06-30": {
        "Diluted EPS": 0.1,
        "Total Revenue": NaN,
        "Gross Profit": NaN,
        "Operating Income": 204,
        "EBIT": 345,
        "Net Income": 152
    },
    "2009-03-31": {
        "Diluted EPS": 0.02,
        "Total Revenue": NaN,
        "Gross Profit": NaN,
        "Operating Income": 41,
        "EBIT": 182,
        "Net Income": 25
    },
    "2023-09-30": {
        "Tax Effect Of Unusual Items": 0.0,
        "Tax Rate For Calcs": 0.234637,
        "Normalized EBITDA": 2112800000.0,
        "Total Unusual Items": 0.0,
        "Total Unusual Items Excluding Goodwill": 0.0,
        "Net Income From Continuing Operation Net Minority Interest": 1219300000.0,
        "Reconciled Depreciation": 376500000.0,
        "Reconciled Cost Of Revenue": 6629300000.0,
        "EBITDA": 2112800000.0,
        "EBIT": 1736300000.0,
        "Net Interest Income": -113100000.0,
        "Interest Expense": 143200000.0,
        "Interest Income": 30100000.0,
        "Normalized Income": 1219300000.0,
        "Net Income From Continuing And Discontinued Operation": 1219300000.0,
        "Total Expenses": 7786800000.0,
        "Rent Expense Supplemental": 768800000.0,
        "Total Operating Income As Reported": 1706200000.0,
        "Diluted Average Shares": 1149400000.0,
        "Basic Average Shares": 1142600000.0,
        "Diluted EPS": 1.06,
        "Basic EPS": 1.064519,
        "Diluted NI Availto Com Stockholders": 1219300000.0,
        "Net Income Common Stockholders": 1219300000.0,
        "Net Income": 1219300000.0,
        "Minority Interests": 0.0,
        "Net Income Including Noncontrolling Interests": 1219300000.0,
        "Net Income Continuous Operations": 1219300000.0,
        "Tax Provision": 373800000.0,
        "Pretax Income": 1593100000.0,
        "Other Income Expense": 119400000.0,
        "Special Income Charges": 0.0,
        "Gain On Sale Of Ppe": 0.0,
        "Restructuring And Mergern Acquisition": 0.0,
        "Earnings From Equity Interest": 119400000.0,
        "Net Non Operating Interest Income Expense": -113100000.0,
        "Interest Expense Non Operating": 143200000.0,
        "Interest Income Non Operating": 30100000.0,
        "Operating Income": 1586800000.0,
        "Operating Expense": 1132400000.0,
        "Other Operating Expenses": 145300000.0,
        "Depreciation Amortization Depletion Income Statement": 351400000.0,
        "Depreciation And Amortization In Income Statement": 351400000.0,
        "Selling General And Administration": 635700000.0,
        "General And Administrative Expense": 635700000.0,
        "Other Gand A": 635700000.0,
        "Gross Profit": 2719200000.0,
        "Cost Of Revenue": 6654400000.0,
        "Total Revenue": 9373600000.0,
        "Operating Revenue": 8867400000.0
    },
    "2023-12-31": {
        "Tax Effect Of Unusual Items": 0.0,
        "Tax Rate For Calcs": 0.257,
        "Normalized EBITDA": 1903600000.0,
        "Total Unusual Items": 0.0,
        "Total Unusual Items Excluding Goodwill": 0.0,
        "Net Income From Continuing Operation Net Minority Interest": 1024400000.0,
        "Reconciled Depreciation": 384400000.0,
        "Reconciled Cost Of Revenue": 6813000000.0,
        "EBITDA": 1903600000.0,
        "EBIT": 1519200000.0,
        "Net Interest Income": -106300000.0,
        "Interest Expense": 140100000.0,
        "Interest Income": 33800000.0,
        "Normalized Income": 1024400000.0,
        "Net Income From Continuing And Discontinued Operation": 1024400000.0,
        "Total Expenses": 7995800000.0,
        "Rent Expense Supplemental": 745700000.0,
        "Total Operating Income As Reported": 1485400000.0,
        "Diluted Average Shares": 1140600000.0,
        "Basic Average Shares": 1136600000.0,
        "Diluted EPS": 0.9,
        "Basic EPS": 0.9,
        "Diluted NI Availto Com Stockholders": 1024400000.0,
        "Net Income Common Stockholders": 1024400000.0,
        "Net Income": 1024400000.0,
        "Minority Interests": 0.0,
        "Net Income Including Noncontrolling Interests": 1024400000.0,
        "Net Income Continuous Operations": 1024400000.0,
        "Tax Provision": 354700000.0,
        "Pretax Income": 1379100000.0,
        "Other Income Expense": 55900000.0,
        "Special Income Charges": 0.0,
        "Gain On Sale Of Ppe": NaN,
        "Restructuring And Mergern Acquisition": NaN,
        "Earnings From Equity Interest": 55900000.0,
        "Net Non Operating Interest Income Expense": -106300000.0,
        "Interest Expense Non Operating": 140100000.0,
        "Interest Income Non Operating": 33800000.0,
        "Operating Income": 1429500000.0,
        "Operating Expense": 1163700000.0,
        "Other Operating Expenses": 150400000.0,
        "Depreciation Amortization Depletion Income Statement": 365300000.0,
        "Depreciation And Amortization In Income Statement": 365300000.0,
        "Selling General And Administration": 648000000.0,
        "General And Administrative Expense": 648000000.0,
        "Other Gand A": 648000000.0,
        "Gross Profit": 2593200000.0,
        "Cost Of Revenue": 6832100000.0,
        "Total Revenue": 9425300000.0,
        "Operating Revenue": 8947300000.0
    },
    "2024-03-31": {
        "Tax Effect Of Unusual Items": 0.0,
        "Tax Rate For Calcs": 0.222,
        "Normalized EBITDA": 1532200000.0,
        "Total Unusual Items": 0.0,
        "Total Unusual Items Excluding Goodwill": 0.0,
        "Net Income From Continuing Operation Net Minority Interest": 772400000.0,
        "Reconciled Depreciation": 399200000.0,
        "Reconciled Cost Of Revenue": 6345500000.0,
        "EBITDA": 1532200000.0,
        "EBIT": 1133000000.0,
        "Net Interest Income": -106500000.0,
        "Interest Expense": 140600000.0,
        "Interest Income": 34100000.0,
        "Normalized Income": 772400000.0,
        "Net Income From Continuing And Discontinued Operation": 772400000.0,
        "Total Expenses": 7532100000.0,
        "Rent Expense Supplemental": 741300000.0,
        "Total Operating Income As Reported": 1098900000.0,
        "Diluted Average Shares": 1135400000.0,
        "Basic Average Shares": 1132400000.0,
        "Diluted EPS": 0.68,
        "Basic EPS": 0.68,
        "Diluted NI Availto Com Stockholders": 772400000.0,
        "Net Income Common Stockholders": 772400000.0,
        "Net Income": 772400000.0,
        "Minority Interests": -100000.0,
        "Net Income Including Noncontrolling Interests": 772500000.0,
        "Net Income Continuous Operations": 772500000.0,
        "Tax Provision": 219900000.0,
        "Pretax Income": 992400000.0,
        "Other Income Expense": 68000000.0,
        "Special Income Charges": 0.0,
        "Gain On Sale Of Ppe": 0.0,
        "Restructuring And Mergern Acquisition": 0.0,
        "Earnings From Equity Interest": 68000000.0,
        "Net Non Operating Interest Income Expense": -106500000.0,
        "Interest Expense Non Operating": 140600000.0,
        "Interest Income Non Operating": 34100000.0,
        "Operating Income": 1030900000.0,
        "Operating Expense": 1159300000.0,
        "Other Operating Expenses": 132800000.0,
        "Depreciation Amortization Depletion Income Statement": 371900000.0,
        "Depreciation And Amortization In Income Statement": 371900000.0,
        "Selling General And Administration": 654600000.0,
        "General And Administrative Expense": 654600000.0,
        "Other Gand A": 654600000.0,
        "Gross Profit": 2190200000.0,
        "Cost Of Revenue": 6372800000.0,
        "Total Revenue": 8563000000.0,
        "Operating Revenue": 8107100000.0
    },
    "2024-06-30": {
        "Tax Effect Of Unusual Items": 0.0,
        "Tax Rate For Calcs": 0.248,
        "Normalized EBITDA": 1953000000.0,
        "Total Unusual Items": 0.0,
        "Total Unusual Items Excluding Goodwill": 0.0,
        "Net Income From Continuing Operation Net Minority Interest": 1054800000.0,
        "Reconciled Depreciation": 407400000.0,
        "Reconciled Cost Of Revenue": 6543000000.0,
        "EBITDA": 1953000000.0,
        "EBIT": 1545600000.0,
        "Net Interest Income": -113200000.0,
        "Interest Expense": 141300000.0,
        "Interest Income": 28100000.0,
        "Normalized Income": 1054800000.0,
        "Net Income From Continuing And Discontinued Operation": 1054800000.0,
        "Total Expenses": 7670300000.0,
        "Rent Expense Supplemental": 764300000.0,
        "Total Operating Income As Reported": 1517500000.0,
        "Diluted Average Shares": 1135800000.0,
        "Basic Average Shares": 1132800000.0,
        "Diluted EPS": 0.93,
        "Basic EPS": 0.93,
        "Diluted NI Availto Com Stockholders": 1054800000.0,
        "Net Income Common Stockholders": 1054800000.0,
        "Net Income": 1054800000.0,
        "Minority Interests": -900000.0,
        "Net Income Including Noncontrolling Interests": 1055700000.0,
        "Net Income Continuous Operations": 1055700000.0,
        "Tax Provision": 348600000.0,
        "Pretax Income": 1404300000.0,
        "Other Income Expense": 73900000.0,
        "Special Income Charges": 0.0,
        "Gain On Sale Of Ppe": 0.0,
        "Restructuring And Mergern Acquisition": 0.0,
        "Earnings From Equity Interest": 73900000.0,
        "Net Non Operating Interest Income Expense": -113200000.0,
        "Interest Expense Non Operating": 141300000.0,
        "Interest Income Non Operating": 28100000.0,
        "Operating Income": 1443600000.0,
        "Operating Expense": 1100300000.0,
        "Other Operating Expenses": 143900000.0,
        "Depreciation Amortization Depletion Income Statement": 380400000.0,
        "Depreciation And Amortization In Income Statement": 380400000.0,
        "Selling General And Administration": 576000000.0,
        "General And Administrative Expense": 576000000.0,
        "Other Gand A": 576000000.0,
        "Gross Profit": 2543900000.0,
        "Cost Of Revenue": 6570000000.0,
        "Total Revenue": 9113900000.0,
        "Operating Revenue": 8645000000.0
    },
    "2024-09-30": {
        "Tax Effect Of Unusual Items": 0.0,
        "Tax Rate For Calcs": 0.237999,
        "Normalized EBITDA": 1735100000.0,
        "Total Unusual Items": 0.0,
        "Total Unusual Items Excluding Goodwill": 0.0,
        "Net Income From Continuing Operation Net Minority Interest": 909200000.0,
        "Reconciled Depreciation": 401400000.0,
        "Reconciled Cost Of Revenue": 6685800000.0,
        "EBITDA": 1735100000.0,
        "EBIT": 1333700000.0,
        "Net Interest Income": -113200000.0,
        "Interest Expense": 140000000.0,
        "Interest Income": 26800000.0,
        "Normalized Income": 909200000.0,
        "Net Income From Continuing And Discontinued Operation": 909200000.0,
        "Total Expenses": 7870400000.0,
        "Rent Expense Supplemental": 799300000.0,
        "Total Operating Income As Reported": 1306900000.0,
        "Diluted Average Shares": NaN,
        "Basic Average Shares": NaN,
        "Diluted EPS": NaN,
        "Basic EPS": NaN,
        "Diluted NI Availto Com Stockholders": 909200000.0,
        "Net Income Common Stockholders": 909200000.0,
        "Net Income": 909200000.0,
        "Minority Interests": -400000.0,
        "Net Income Including Noncontrolling Interests": 909600000.0,
        "Net Income Continuous Operations": 909600000.0,
        "Tax Provision": 284100000.0,
        "Pretax Income": 1193700000.0,
        "Other Income Expense": 103400000.0,
        "Special Income Charges": 0.0,
        "Gain On Sale Of Ppe": 0.0,
        "Restructuring And Mergern Acquisition": 0.0,
        "Earnings From Equity Interest": 103400000.0,
        "Net Non Operating Interest Income Expense": -113200000.0,
        "Interest Expense Non Operating": 140000000.0,
        "Interest Income Non Operating": 26800000.0,
        "Operating Income": 1203500000.0,
        "Operating Expense": 1178200000.0,
        "Other Operating Expenses": 138500000.0,
        "Depreciation Amortization Depletion Income Statement": 395000000.0,
        "Depreciation And Amortization In Income Statement": 395000000.0,
        "Selling General And Administration": 644700000.0,
        "General And Administrative Expense": 644700000.0,
        "Other Gand A": 644700000.0,
        "Gross Profit": 2381700000.0,
        "Cost Of Revenue": 6692200000.0,
        "Total Revenue": 9073900000.0,
        "Operating Revenue": 8571500000.0
    }
}