{
    "2023-06-30": {
        "Tax Effect Of Unusual Items": 0.0,
        "Tax Rate For Calcs": 0.235,
        "Net Income From Continuing Operation Net Minority Interest": 1294000000.0,
        "Reconciled Depreciation": 325000000.0,
        "Net Interest Income": 2290000000.0,
        "Interest Expense": 1815000000.0,
        "Interest Income": 4105000000.0,
        "Normalized Income": 1294000000.0,
        "Net Income From Continuing And Discontinued Operation": 1294000000.0,
        "Diluted Average Shares": 1825000000.0,
        "Basic Average Shares": 1820000000.0,
        "Diluted EPS": 0.64,
        "Basic EPS": 0.64,
        "Diluted NI Availto Com Stockholders": 1173000000.0,
        "Net Income Common Stockholders": 1173000000.0,
        "Preferred Stock Dividends": 121000000.0,
        "Net Income": 1294000000.0,
        "Net Income Including Noncontrolling Interests": 1294000000.0,
        "Net Income Continuous Operations": 1294000000.0,
        "Tax Provision": 397000000.0,
        "Pretax Income": 1691000000.0,
        "Gain On Sale Of Security": 0.0,
        "Depreciation Amortization Depletion Income Statement": 325000000.0,
        "Depreciation And Amortization In Income Statement": 325000000.0,
        "Amortization": 134000000.0,
        "Amortization Of Intangibles Income Statement": 134000000.0,
        "Depreciation Income Statement": 191000000.0,
        "Selling General And Administration": 1601000000.0,
        "Selling And Marketing Expense": 103000000.0,
        "General And Administrative Expense": 1498000000.0,
        "Other Gand A": NaN,
        "Salaries And Wages": 1498000000.0,
        "Total Revenue": 4656000000.0,
        "Operating Revenue": 4656000000.0,
        "Occupancy And Equipment": 319000000.0,
        "Professional Expense And Contract Services Expense": 272000000.0,
        "Other Non Interest Expense": 448000000.0
    },
    "2023-03-31": {
        "Tax Effect Of Unusual Items": NaN,
        "Tax Rate For Calcs": NaN,
        "Net Income From Continuing Operation Net Minority Interest": NaN,
        "Reconciled Depreciation": NaN,
        "Net Interest Income": NaN,
        "Interest Expense": NaN,
        "Interest Income": NaN,
        "Normalized Income": NaN,
        "Net Income From Continuing And Discontinued Operation": NaN,
        "Diluted Average Shares": NaN,
        "Basic Average Shares": NaN,
        "Diluted EPS": NaN,
        "Basic EPS": NaN,
        "Diluted NI Availto Com Stockholders": NaN,
        "Net Income Common Stockholders": NaN,
        "Preferred Stock Dividends": NaN,
        "Net Income": NaN,
        "Net Income Including Noncontrolling Interests": NaN,
        "Net Income Continuous Operations": NaN,
        "Tax Provision": NaN,
        "Pretax Income": NaN,
        "Gain On Sale Of Security": NaN,
        "Depreciation Amortization Depletion Income Statement": NaN,
        "Depreciation And Amortization In Income Statement": NaN,
        "Amortization": NaN,
        "Amortization Of Intangibles Income Statement": NaN,
        "Depreciation Income Statement": NaN,
        "Selling General And Administration": NaN,
        "Selling And Marketing Expense": NaN,
        "General And Administrative Expense": NaN,
        "Other Gand A": 229000000.0,
        "Salaries And Wages": NaN,
        "Total Revenue": NaN,
        "Operating Revenue": NaN,
        "Occupancy And Equipment": NaN,
        "Professional Expense And Contract Services Expense": NaN,
        "Other Non Interest Expense": NaN
    },
    "2022-12-31": {
        "Tax Effect Of Unusual Items": 0.0,
        "Tax Rate For Calcs": 0.242494,
        "Net Income From Continuing Operation Net Minority Interest": 1968000000.0,
        "Reconciled Depreciation": 312000000.0,
        "Net Interest Income": 3029000000.0,
        "Interest Expense": 810000000.0,
        "Interest Income": 3839000000.0,
        "Normalized Income": 1968000000.0,
        "Net Income From Continuing And Discontinued Operation": 1968000000.0,
        "Diluted Average Shares": 1873000000.0,
        "Basic Average Shares": 1864000000.0,
        "Diluted EPS": 0.97,
        "Basic EPS": 0.98,
        "Diluted NI Availto Com Stockholders": 1821000000.0,
        "Net Income Common Stockholders": 1821000000.0,
        "Preferred Stock Dividends": 147000000.0,
        "Net Income": 1968000000.0,
        "Net Income Including Noncontrolling Interests": 1968000000.0,
        "Net Income Continuous Operations": 1968000000.0,
        "Tax Provision": 630000000.0,
        "Pretax Income": 2598000000.0,
        "Gain On Sale Of Security": 0.0,
        "Depreciation Amortization Depletion Income Statement": 312000000.0,
        "Depreciation And Amortization In Income Statement": 312000000.0,
        "Amortization": 136000000.0,
        "Amortization Of Intangibles Income Statement": 136000000.0,
        "Depreciation Income Statement": 176000000.0,
        "Selling General And Administration": 967000000.0,
        "Selling And Marketing Expense": 123000000.0,
        "General And Administrative Expense": 844000000.0,
        "Other Gand A": NaN,
        "Salaries And Wages": 1488000000.0,
        "Total Revenue": 5497000000.0,
        "Operating Revenue": 5497000000.0
    },
    "2022-09-30": {
        "Tax Effect Of Unusual Items": NaN,
        "Tax Rate For Calcs": NaN,
        "Net Income From Continuing Operation Net Minority Interest": NaN,
        "Reconciled Depreciation": NaN,
        "Net Interest Income": NaN,
        "Interest Expense": NaN,
        "Interest Income": NaN,
        "Normalized Income": NaN,
        "Net Income From Continuing And Discontinued Operation": NaN,
        "Diluted Average Shares": NaN,
        "Basic Average Shares": NaN,
        "Diluted EPS": NaN,
        "Basic EPS": NaN,
        "Diluted NI Availto Com Stockholders": NaN,
        "Net Income Common Stockholders": NaN,
        "Preferred Stock Dividends": NaN,
        "Net Income": NaN,
        "Net Income Including Noncontrolling Interests": NaN,
        "Net Income Continuous Operations": NaN,
        "Tax Provision": NaN,
        "Pretax Income": NaN,
        "Gain On Sale Of Security": NaN,
        "Depreciation Amortization Depletion Income Statement": NaN,
        "Depreciation And Amortization In Income Statement": NaN,
        "Amortization": NaN,
        "Amortization Of Intangibles Income Statement": NaN,
        "Depreciation Income Statement": NaN,
        "Selling General And Administration": NaN,
        "Selling And Marketing Expense": NaN,
        "General And Administrative Expense": NaN,
        "Other Gand A": 196000000.0,
        "Salaries And Wages": NaN,
        "Total Revenue": NaN,
        "Operating Revenue": NaN
    },
    "2022-06-30": {
        "Tax Effect Of Unusual Items": 0.0,
        "Tax Rate For Calcs": 0.211522,
        "Net Income From Continuing Operation Net Minority Interest": 1793000000.0,
        "Reconciled Depreciation": 313000000.0,
        "Net Interest Income": 2544000000.0,
        "Interest Expense": 166000000.0,
        "Interest Income": 2710000000.0,
        "Normalized Income": 1793000000.0,
        "Net Income From Continuing And Discontinued Operation": 1793000000.0,
        "Diluted Average Shares": 1904000000.0,
        "Basic Average Shares": 1896000000.0,
        "Diluted EPS": 0.87,
        "Basic EPS": 0.87,
        "Diluted NI Availto Com Stockholders": 1652000000.0,
        "Net Income Common Stockholders": 1652000000.0,
        "Preferred Stock Dividends": 141000000.0,
        "Net Income": 1793000000.0,
        "Net Income Including Noncontrolling Interests": 1793000000.0,
        "Net Income Continuous Operations": 1793000000.0,
        "Tax Provision": 481000000.0,
        "Pretax Income": 2274000000.0,
        "Gain On Sale Of Security": 0.0,
        "Depreciation Amortization Depletion Income Statement": 313000000.0,
        "Depreciation And Amortization In Income Statement": 313000000.0,
        "Amortization": 154000000.0,
        "Amortization Of Intangibles Income Statement": 154000000.0,
        "Depreciation Income Statement": 159000000.0,
        "Selling General And Administration": 1767000000.0,
        "Selling And Marketing Expense": 105000000.0,
        "General And Administrative Expense": 1662000000.0,
        "Other Gand A": 236000000.0,
        "Salaries And Wages": 1426000000.0,
        "Total Revenue": 5093000000.0,
        "Operating Revenue": 5093000000.0
    },
    "2022-03-31": {
        "Diluted EPS": 0.67,
        "Total Revenue": NaN,
        "Gross Profit": NaN,
        "Operating Income": NaN,
        "EBIT": NaN,
        "Net Income": NaN
    },
    "2021-12-31": {
        "Diluted EPS": 0.77,
        "Total Revenue": NaN,
        "Gross Profit": NaN,
        "Operating Income": NaN,
        "EBIT": NaN,
        "Net Income": NaN
    },
    "2021-09-30": {
        "Diluted EPS": 0.74,
        "Total Revenue": NaN,
        "Gross Profit": NaN,
        "Operating Income": NaN,
        "EBIT": NaN,
        "Net Income": NaN
    },
    "2021-06-30": {
        "Diluted EPS": 0.59,
        "Total Revenue": NaN,
        "Gross Profit": NaN,
        "Operating Income": NaN,
        "EBIT": NaN,
        "Net Income": NaN
    },
    "2021-03-31": {
        "Diluted EPS": 0.73,
        "Total Revenue": NaN,
        "Gross Profit": NaN,
        "Operating Income": NaN,
        "EBIT": NaN,
        "Net Income": NaN
    },
    "2020-12-31": {
        "Diluted EPS": 0.58,
        "Total Revenue": NaN,
        "Gross Profit": NaN,
        "Operating Income": NaN,
        "EBIT": NaN,
        "Net Income": NaN
    },
    "2020-09-30": {
        "Diluted EPS": 0.48,
        "Total Revenue": NaN,
        "Gross Profit": NaN,
        "Operating Income": 998,
        "EBIT": NaN,
        "Net Income": 615
    },
    "2020-06-30": {
        "Diluted EPS": 0.48,
        "Total Revenue": NaN,
        "Gross Profit": NaN,
        "Operating Income": NaN,
        "EBIT": NaN,
        "Net Income": 621
    },
    "2020-03-31": {
        "Diluted EPS": 0.58,
        "Total Revenue": NaN,
        "Gross Profit": NaN,
        "Operating Income": NaN,
        "EBIT": NaN,
        "Net Income": 757
    },
    "2019-12-31": {
        "Diluted EPS": 0.62,
        "Total Revenue": NaN,
        "Gross Profit": NaN,
        "Operating Income": NaN,
        "EBIT": NaN,
        "Net Income": 801
    },
    "2019-09-30": {
        "Diluted EPS": 0.7,
        "Total Revenue": NaN,
        "Gross Profit": NaN,
        "Operating Income": NaN,
        "EBIT": NaN,
        "Net Income": 913
    },
    "2019-06-30": {
        "Diluted EPS": 0.66,
        "Total Revenue": NaN,
        "Gross Profit": NaN,
        "Operating Income": NaN,
        "EBIT": NaN,
        "Net Income": 887
    },
    "2019-03-31": {
        "Diluted EPS": 0.69,
        "Total Revenue": NaN,
        "Gross Profit": NaN,
        "Operating Income": NaN,
        "EBIT": NaN,
        "Net Income": 925
    },
    "2018-12-31": {
        "Diluted EPS": 0.65,
        "Total Revenue": NaN,
        "Gross Profit": NaN,
        "Operating Income": NaN,
        "EBIT": NaN,
        "Net Income": 885
    },
    "2018-09-30": {
        "Diluted EPS": 0.65,
        "Total Revenue": NaN,
        "Gross Profit": NaN,
        "Operating Income": NaN,
        "EBIT": NaN,
        "Net Income": 885
    },
    "2018-06-30": {
        "Diluted EPS": 0.6,
        "Total Revenue": NaN,
        "Gross Profit": NaN,
        "Operating Income": NaN,
        "EBIT": NaN,
        "Net Income": 813
    },
    "2018-03-31": {
        "Diluted EPS": 0.55,
        "Total Revenue": NaN,
        "Gross Profit": NaN,
        "Operating Income": NaN,
        "EBIT": NaN,
        "Net Income": 746
    },
    "2017-12-31": {
        "Diluted EPS": 0.41,
        "Total Revenue": NaN,
        "Gross Profit": NaN,
        "Operating Income": NaN,
        "EBIT": NaN,
        "Net Income": 550
    },
    "2017-09-30": {
        "Diluted EPS": 0.42,
        "Total Revenue": NaN,
        "Gross Profit": NaN,
        "Operating Income": NaN,
        "EBIT": NaN,
        "Net Income": 575
    },
    "2017-06-30": {
        "Diluted EPS": 0.39,
        "Total Revenue": NaN,
        "Gross Profit": NaN,
        "Operating Income": NaN,
        "EBIT": NaN,
        "Net Income": 530
    },
    "2017-03-31": {
        "Diluted EPS": 0.39,
        "Total Revenue": NaN,
        "Gross Profit": NaN,
        "Operating Income": 949,
        "EBIT": NaN,
        "Net Income": 525
    },
    "2016-12-31": {
        "Diluted EPS": 0.37,
        "Total Revenue": NaN,
        "Gross Profit": NaN,
        "Operating Income": 930,
        "EBIT": NaN,
        "Net Income": 478
    },
    "2016-09-30": {
        "Diluted EPS": 0.35,
        "Total Revenue": NaN,
        "Gross Profit": NaN,
        "Operating Income": 893,
        "EBIT": NaN,
        "Net Income": 470
    },
    "2016-06-30": {
        "Diluted EPS": 0.3,
        "Total Revenue": NaN,
        "Gross Profit": NaN,
        "Operating Income": 811,
        "EBIT": 929,
        "Net Income": 406
    },
    "2016-03-31": {
        "Diluted EPS": 0.29,
        "Total Revenue": NaN,
        "Gross Profit": NaN,
        "Operating Income": 738,
        "EBIT": 840,
        "Net Income": 392
    },
    "2015-12-31": {
        "Diluted EPS": 0.28,
        "Total Revenue": NaN,
        "Gross Profit": NaN,
        "Operating Income": 731,
        "EBIT": 832,
        "Net Income": 378
    },
    "2015-09-30": {
        "Diluted EPS": 0.28,
        "Total Revenue": NaN,
        "Gross Profit": NaN,
        "Operating Income": 670,
        "EBIT": 769,
        "Net Income": 365
    },
    "2015-06-30": {
        "Diluted EPS": 0.25,
        "Total Revenue": NaN,
        "Gross Profit": NaN,
        "Operating Income": 653,
        "EBIT": 747,
        "Net Income": 330
    },
    "2015-03-31": {
        "Diluted EPS": 0.22,
        "Total Revenue": NaN,
        "Gross Profit": NaN,
        "Operating Income": 567,
        "EBIT": 659,
        "Net Income": 291
    },
    "2014-12-31": {
        "Diluted EPS": 0.24,
        "Total Revenue": NaN,
        "Gross Profit": NaN,
        "Operating Income": 637,
        "EBIT": 725,
        "Net Income": 329
    },
    "2014-09-30": {
        "Diluted EPS": 0.24,
        "Total Revenue": NaN,
        "Gross Profit": NaN,
        "Operating Income": 596,
        "EBIT": 678,
        "Net Income": 312
    },
    "2014-06-30": {
        "Diluted EPS": 0.23,
        "Total Revenue": NaN,
        "Gross Profit": NaN,
        "Operating Income": 596,
        "EBIT": 675,
        "Net Income": 302
    },
    "2014-03-31": {
        "Diluted EPS": 0.24,
        "Total Revenue": NaN,
        "Gross Profit": NaN,
        "Operating Income": 597,
        "EBIT": 672,
        "Net Income": 318
    },
    "2013-12-31": {
        "Diluted EPS": 0.23,
        "Total Revenue": NaN,
        "Gross Profit": NaN,
        "Operating Income": 572,
        "EBIT": 654,
        "Net Income": 297
    },
    "2013-09-30": {
        "Diluted EPS": 0.22,
        "Total Revenue": NaN,
        "Gross Profit": NaN,
        "Operating Income": 548,
        "EBIT": 636,
        "Net Income": 282
    },
    "2013-06-30": {
        "Diluted EPS": 0.18,
        "Total Revenue": NaN,
        "Gross Profit": NaN,
        "Operating Income": 486,
        "EBIT": 585,
        "Net Income": 233
    },
    "2013-03-31": {
        "Diluted EPS": 0.15,
        "Total Revenue": NaN,
        "Gross Profit": NaN,
        "Operating Income": 399,
        "EBIT": 494,
        "Net Income": 198
    },
    "2012-12-31": {
        "Diluted EPS": 0.15,
        "Total Revenue": NaN,
        "Gross Profit": NaN,
        "Operating Income": 414,
        "EBIT": 523,
        "Net Income": 189
    },
    "2012-09-30": {
        "Diluted EPS": 0.19,
        "Total Revenue": NaN,
        "Gross Profit": NaN,
        "Operating Income": 427,
        "EBIT": 542,
        "Net Income": 238
    },
    "2012-06-30": {
        "Diluted EPS": 0.2,
        "Total Revenue": NaN,
        "Gross Profit": NaN,
        "Operating Income": 504,
        "EBIT": 598,
        "Net Income": 261
    },
    "2012-03-31": {
        "Diluted EPS": 0.15,
        "Total Revenue": NaN,
        "Gross Profit": NaN,
        "Operating Income": 379,
        "EBIT": 479,
        "Net Income": 195
    },
    "2011-12-31": {
        "Diluted EPS": 0.12,
        "Total Revenue": NaN,
        "Gross Profit": NaN,
        "Operating Income": 322,
        "EBIT": 444,
        "Net Income": 163
    },
    "2011-09-30": {
        "Diluted EPS": 0.18,
        "Total Revenue": NaN,
        "Gross Profit": NaN,
        "Operating Income": 433,
        "EBIT": 497,
        "Net Income": 220
    },
    "2011-06-30": {
        "Diluted EPS": 0.2,
        "Total Revenue": NaN,
        "Gross Profit": NaN,
        "Operating Income": 450,
        "EBIT": 497,
        "Net Income": 238
    },
    "2011-03-31": {
        "Diluted EPS": 0.2,
        "Total Revenue": NaN,
        "Gross Profit": NaN,
        "Operating Income": 456,
        "EBIT": 514,
        "Net Income": 243
    },
    "2010-12-31": {
        "Diluted EPS": 0.11,
        "Total Revenue": NaN,
        "Gross Profit": NaN,
        "Operating Income": 296,
        "EBIT": 369,
        "Net Income": 119
    },
    "2010-09-30": {
        "Diluted EPS": 0.1,
        "Total Revenue": NaN,
        "Gross Profit": NaN,
        "Operating Income": 281,
        "EBIT": 316,
        "Net Income": 124
    },
    "2010-06-30": {
        "Diluted EPS": 0.17,
        "Total Revenue": NaN,
        "Gross Profit": NaN,
        "Operating Income": 403,
        "EBIT": 439,
        "Net Income": 205
    },
    "2010-03-31": {
        "Diluted EPS": 0.0,
        "Total Revenue": 978,
        "Gross Profit": 978,
        "Operating Income": 81,
        "EBIT": 118,
        "Net Income": 6
    },
    "2009-12-31": {
        "Diluted EPS": 0.14,
        "Total Revenue": 986,
        "Gross Profit": 986,
        "Operating Income": 322,
        "EBIT": 342,
        "Net Income": 164
    },
    "2009-09-30": {
        "Diluted EPS": 0.17,
        "Total Revenue": NaN,
        "Gross Profit": NaN,
        "Operating Income": 383,
        "EBIT": 421,
        "Net Income": 200
    },
    "2009-06-30": {
        "Diluted EPS": 0.18,
        "Total Revenue": NaN,
        "Gross Profit": NaN,
        "Operating Income": 403,
        "EBIT": 444,
        "Net Income": 205
    },
    "2009-03-31": {
        "Diluted EPS": 0.19,
        "Total Revenue": NaN,
        "Gross Profit": NaN,
        "Operating Income": 392,
        "EBIT": 434,
        "Net Income": 218
    },
    "2023-09-30": {
        "Tax Effect Of Unusual Items": 0.0,
        "Tax Rate For Calcs": 0.187,
        "Net Income From Continuing Operation Net Minority Interest": 1125000000.0,
        "Reconciled Depreciation": 333000000.0,
        "Net Interest Income": 2237000000.0,
        "Interest Expense": 1790000000.0,
        "Interest Income": 4027000000.0,
        "Normalized Income": 1125000000.0,
        "Net Income From Continuing And Discontinued Operation": 1125000000.0,
        "Diluted Average Shares": 1827000000.0,
        "Basic Average Shares": 1821000000.0,
        "Diluted EPS": 0.56,
        "Basic EPS": 0.56,
        "Diluted NI Availto Com Stockholders": 1017000000.0,
        "Net Income Common Stockholders": 1017000000.0,
        "Preferred Stock Dividends": 108000000.0,
        "Net Income": 1125000000.0,
        "Net Income Including Noncontrolling Interests": 1125000000.0,
        "Net Income Continuous Operations": 1125000000.0,
        "Tax Provision": 258000000.0,
        "Pretax Income": 1383000000.0,
        "Gain On Sale Of Security": 0.0,
        "Depreciation Amortization Depletion Income Statement": 333000000.0,
        "Depreciation And Amortization In Income Statement": 333000000.0,
        "Amortization": 135000000.0,
        "Amortization Of Intangibles Income Statement": 135000000.0,
        "Depreciation Income Statement": 198000000.0,
        "Selling General And Administration": 1872000000.0,
        "Selling And Marketing Expense": 102000000.0,
        "General And Administrative Expense": 1770000000.0,
        "Other Gand A": NaN,
        "Salaries And Wages": 1770000000.0,
        "Total Revenue": 4606000000.0,
        "Operating Revenue": 4606000000.0,
        "Occupancy And Equipment": 305000000.0,
        "Professional Expense And Contract Services Expense": 275000000.0,
        "Other Non Interest Expense": 438000000.0
    },
    "2023-12-31": {
        "Tax Effect Of Unusual Items": 0.0,
        "Tax Rate For Calcs": 0.124791,
        "Net Income From Continuing Operation Net Minority Interest": 1045000000.0,
        "Reconciled Depreciation": 368000000.0,
        "Net Interest Income": 2130000000.0,
        "Interest Expense": 1835000000.0,
        "Interest Income": 3965000000.0,
        "Normalized Income": 1045000000.0,
        "Net Income From Continuing And Discontinued Operation": 1045000000.0,
        "Diluted Average Shares": 1828000000.0,
        "Basic Average Shares": 1823000000.0,
        "Diluted EPS": 0.51,
        "Basic EPS": 0.51,
        "Diluted NI Availto Com Stockholders": 926000000.0,
        "Net Income Common Stockholders": 926000000.0,
        "Preferred Stock Dividends": 119000000.0,
        "Net Income": 1045000000.0,
        "Net Income Including Noncontrolling Interests": 1045000000.0,
        "Net Income Continuous Operations": 1045000000.0,
        "Tax Provision": 149000000.0,
        "Pretax Income": 1194000000.0,
        "Gain On Sale Of Security": 0.0,
        "Depreciation Amortization Depletion Income Statement": 368000000.0,
        "Depreciation And Amortization In Income Statement": 368000000.0,
        "Amortization": 130000000.0,
        "Amortization Of Intangibles Income Statement": 130000000.0,
        "Depreciation Income Statement": 238000000.0,
        "Selling General And Administration": 1513000000.0,
        "Selling And Marketing Expense": 104000000.0,
        "General And Administrative Expense": 1409000000.0,
        "Other Gand A": NaN,
        "Salaries And Wages": 1409000000.0,
        "Total Revenue": 4459000000.0,
        "Operating Revenue": 4459000000.0,
        "Occupancy And Equipment": 331000000.0,
        "Professional Expense And Contract Services Expense": 253000000.0,
        "Other Non Interest Expense": 800000000.0
    },
    "2024-03-31": {
        "Tax Effect Of Unusual Items": 0.0,
        "Tax Rate For Calcs": 0.242,
        "Net Income From Continuing Operation Net Minority Interest": 1362000000.0,
        "Reconciled Depreciation": 358000000.0,
        "Net Interest Income": 2233000000.0,
        "Interest Expense": 1708000000.0,
        "Interest Income": 3941000000.0,
        "Normalized Income": 1362000000.0,
        "Net Income From Continuing And Discontinued Operation": 1362000000.0,
        "Diluted Average Shares": 1831000000.0,
        "Basic Average Shares": 1825000000.0,
        "Diluted EPS": 0.68,
        "Basic EPS": 0.69,
        "Diluted NI Availto Com Stockholders": 1251000000.0,
        "Net Income Common Stockholders": 1251000000.0,
        "Preferred Stock Dividends": 111000000.0,
        "Net Income": 1362000000.0,
        "Net Income Including Noncontrolling Interests": 1362000000.0,
        "Net Income Continuous Operations": 1362000000.0,
        "Tax Provision": 436000000.0,
        "Pretax Income": 1798000000.0,
        "Gain On Sale Of Security": 0.0,
        "Depreciation Amortization Depletion Income Statement": 358000000.0,
        "Depreciation And Amortization In Income Statement": 358000000.0,
        "Amortization": 130000000.0,
        "Amortization Of Intangibles Income Statement": 130000000.0,
        "Depreciation Income Statement": 228000000.0,
        "Selling General And Administration": 1626000000.0,
        "Selling And Marketing Expense": 88000000.0,
        "General And Administrative Expense": 1538000000.0,
        "Other Gand A": NaN,
        "Salaries And Wages": 1538000000.0,
        "Total Revenue": 4740000000.0,
        "Operating Revenue": 4740000000.0,
        "Occupancy And Equipment": 265000000.0,
        "Professional Expense And Contract Services Expense": 241000000.0,
        "Other Non Interest Expense": 452000000.0
    },
    "2024-06-30": {
        "Tax Effect Of Unusual Items": 0.0,
        "Tax Rate For Calcs": 0.238,
        "Net Income From Continuing Operation Net Minority Interest": 1332000000.0,
        "Reconciled Depreciation": 362000000.0,
        "Net Interest Income": 2158000000.0,
        "Interest Expense": 1659000000.0,
        "Interest Income": 3817000000.0,
        "Normalized Income": 1332000000.0,
        "Net Income From Continuing And Discontinued Operation": 1332000000.0,
        "Diluted Average Shares": 1834000000.0,
        "Basic Average Shares": 1828000000.0,
        "Diluted EPS": 0.66,
        "Basic EPS": 0.66,
        "Diluted NI Availto Com Stockholders": 1211000000.0,
        "Net Income Common Stockholders": 1211000000.0,
        "Preferred Stock Dividends": 121000000.0,
        "Net Income": 1332000000.0,
        "Net Income Including Noncontrolling Interests": 1332000000.0,
        "Net Income Continuous Operations": 1332000000.0,
        "Tax Provision": 415000000.0,
        "Pretax Income": 1747000000.0,
        "Gain On Sale Of Security": 0.0,
        "Depreciation Amortization Depletion Income Statement": 362000000.0,
        "Depreciation And Amortization In Income Statement": 362000000.0,
        "Amortization": 129000000.0,
        "Amortization Of Intangibles Income Statement": 129000000.0,
        "Depreciation Income Statement": 233000000.0,
        "Selling General And Administration": 1557000000.0,
        "Selling And Marketing Expense": 107000000.0,
        "General And Administrative Expense": 1450000000.0,
        "Other Gand A": NaN,
        "Salaries And Wages": 1450000000.0,
        "Total Revenue": 4690000000.0,
        "Operating Revenue": 4690000000.0,
        "Occupancy And Equipment": 248000000.0,
        "Professional Expense And Contract Services Expense": 259000000.0,
        "Other Non Interest Expense": 517000000.0
    },
    "2024-09-30": {
        "Tax Effect Of Unusual Items": 0.0,
        "Tax Rate For Calcs": 0.236,
        "Net Income From Continuing Operation Net Minority Interest": 1408000000.0,
        "Reconciled Depreciation": 361000000.0,
        "Net Interest Income": 2222000000.0,
        "Interest Expense": 1706000000.0,
        "Interest Income": 3928000000.0,
        "Normalized Income": 1408000000.0,
        "Net Income From Continuing And Discontinued Operation": 1408000000.0,
        "Diluted Average Shares": 1834000000.0,
        "Basic Average Shares": 1829000000.0,
        "Diluted EPS": 0.71,
        "Basic EPS": 0.71,
        "Diluted NI Availto Com Stockholders": 1299000000.0,
        "Net Income Common Stockholders": 1299000000.0,
        "Preferred Stock Dividends": 109000000.0,
        "Net Income": 1408000000.0,
        "Net Income Including Noncontrolling Interests": 1408000000.0,
        "Net Income Continuous Operations": 1408000000.0,
        "Tax Provision": 434000000.0,
        "Pretax Income": 1842000000.0,
        "Gain On Sale Of Security": 0.0,
        "Depreciation Amortization Depletion Income Statement": 361000000.0,
        "Depreciation And Amortization In Income Statement": 361000000.0,
        "Amortization": 130000000.0,
        "Amortization Of Intangibles Income Statement": 130000000.0,
        "Depreciation Income Statement": 231000000.0,
        "Selling General And Administration": 1623000000.0,
        "Selling And Marketing Expense": 101000000.0,
        "General And Administrative Expense": 1522000000.0,
        "Other Gand A": NaN,
        "Salaries And Wages": 1522000000.0,
        "Total Revenue": 4847000000.0,
        "Operating Revenue": 4847000000.0,
        "Occupancy And Equipment": 271000000.0,
        "Professional Expense And Contract Services Expense": 256000000.0,
        "Other Non Interest Expense": 494000000.0
    }
}