{
    "2023-03-31": {
        "Tax Effect Of Unusual Items": NaN,
        "Tax Rate For Calcs": NaN,
        "Normalized EBITDA": NaN,
        "Net Income From Continuing Operation Net Minority Interest": NaN,
        "Reconciled Depreciation": NaN,
        "Reconciled Cost Of Revenue": NaN,
        "EBITDA": NaN,
        "EBIT": NaN,
        "Net Interest Income": NaN,
        "Interest Expense": NaN,
        "Normalized Income": NaN,
        "Net Income From Continuing And Discontinued Operation": NaN,
        "Total Expenses": NaN,
        "Total Operating Income As Reported": NaN,
        "Diluted Average Shares": NaN,
        "Basic Average Shares": NaN,
        "Diluted EPS": NaN,
        "Basic EPS": NaN,
        "Diluted NI Availto Com Stockholders": NaN,
        "Average Dilution Earnings": NaN,
        "Net Income Common Stockholders": NaN,
        "Otherunder Preferred Stock Dividend": -121264.0,
        "Net Income": NaN,
        "Net Income Including Noncontrolling Interests": NaN,
        "Net Income Continuous Operations": NaN,
        "Tax Provision": NaN,
        "Pretax Income": NaN,
        "Net Non Operating Interest Income Expense": NaN,
        "Interest Expense Non Operating": NaN,
        "Operating Income": NaN,
        "Operating Expense": NaN,
        "Research And Development": NaN,
        "Selling General And Administration": NaN,
        "Selling And Marketing Expense": NaN,
        "General And Administrative Expense": NaN,
        "Other Gand A": NaN,
        "Gross Profit": NaN,
        "Cost Of Revenue": NaN,
        "Total Revenue": NaN,
        "Operating Revenue": NaN
    },
    "2022-12-31": {
        "Tax Effect Of Unusual Items": NaN,
        "Tax Rate For Calcs": NaN,
        "Normalized EBITDA": NaN,
        "Net Income From Continuing Operation Net Minority Interest": NaN,
        "Reconciled Depreciation": NaN,
        "Reconciled Cost Of Revenue": NaN,
        "EBITDA": NaN,
        "EBIT": NaN,
        "Net Interest Income": NaN,
        "Interest Expense": NaN,
        "Normalized Income": NaN,
        "Net Income From Continuing And Discontinued Operation": NaN,
        "Total Expenses": NaN,
        "Total Operating Income As Reported": NaN,
        "Diluted Average Shares": NaN,
        "Basic Average Shares": NaN,
        "Diluted EPS": NaN,
        "Basic EPS": NaN,
        "Diluted NI Availto Com Stockholders": NaN,
        "Average Dilution Earnings": 0.0,
        "Net Income Common Stockholders": NaN,
        "Otherunder Preferred Stock Dividend": 51614.0,
        "Net Income": NaN,
        "Net Income Including Noncontrolling Interests": NaN,
        "Net Income Continuous Operations": NaN,
        "Tax Provision": NaN,
        "Pretax Income": NaN,
        "Net Non Operating Interest Income Expense": NaN,
        "Interest Expense Non Operating": NaN,
        "Operating Income": NaN,
        "Operating Expense": NaN,
        "Research And Development": NaN,
        "Selling General And Administration": NaN,
        "Selling And Marketing Expense": NaN,
        "General And Administrative Expense": NaN,
        "Other Gand A": NaN,
        "Gross Profit": NaN,
        "Cost Of Revenue": NaN,
        "Total Revenue": NaN,
        "Operating Revenue": NaN
    },
    "2022-09-30": {
        "Tax Effect Of Unusual Items": NaN,
        "Tax Rate For Calcs": NaN,
        "Normalized EBITDA": NaN,
        "Net Income From Continuing Operation Net Minority Interest": NaN,
        "Reconciled Depreciation": NaN,
        "Reconciled Cost Of Revenue": NaN,
        "EBITDA": NaN,
        "EBIT": NaN,
        "Net Interest Income": NaN,
        "Interest Expense": NaN,
        "Normalized Income": NaN,
        "Net Income From Continuing And Discontinued Operation": NaN,
        "Total Expenses": NaN,
        "Total Operating Income As Reported": NaN,
        "Diluted Average Shares": NaN,
        "Basic Average Shares": NaN,
        "Diluted EPS": NaN,
        "Basic EPS": NaN,
        "Diluted NI Availto Com Stockholders": NaN,
        "Average Dilution Earnings": 0.0,
        "Net Income Common Stockholders": NaN,
        "Otherunder Preferred Stock Dividend": NaN,
        "Net Income": NaN,
        "Net Income Including Noncontrolling Interests": NaN,
        "Net Income Continuous Operations": NaN,
        "Tax Provision": NaN,
        "Pretax Income": NaN,
        "Net Non Operating Interest Income Expense": NaN,
        "Interest Expense Non Operating": NaN,
        "Operating Income": NaN,
        "Operating Expense": NaN,
        "Research And Development": NaN,
        "Selling General And Administration": NaN,
        "Selling And Marketing Expense": NaN,
        "General And Administrative Expense": NaN,
        "Other Gand A": NaN,
        "Gross Profit": NaN,
        "Cost Of Revenue": NaN,
        "Total Revenue": NaN,
        "Operating Revenue": NaN
    },
    "2022-06-30": {
        "Tax Effect Of Unusual Items": 0.0,
        "Tax Rate For Calcs": 0.275862,
        "Normalized EBITDA": 190000.0,
        "Net Income From Continuing Operation Net Minority Interest": 104000.0,
        "Reconciled Depreciation": 515152.0,
        "Reconciled Cost Of Revenue": 3010000.0,
        "EBITDA": 190000.0,
        "EBIT": 190000.0,
        "Net Interest Income": -45000.0,
        "Interest Expense": 45000.0,
        "Normalized Income": 104000.0,
        "Net Income From Continuing And Discontinued Operation": 104000.0,
        "Total Expenses": 5856000.0,
        "Total Operating Income As Reported": 189000.0,
        "Diluted Average Shares": 7643315.0,
        "Basic Average Shares": 7219646.0,
        "Diluted EPS": 0.01,
        "Basic EPS": 0.01,
        "Diluted NI Availto Com Stockholders": 104000.0,
        "Average Dilution Earnings": 0.0,
        "Net Income Common Stockholders": 104000.0,
        "Otherunder Preferred Stock Dividend": 10521.0,
        "Net Income": 104000.0,
        "Net Income Including Noncontrolling Interests": 104000.0,
        "Net Income Continuous Operations": 105000.0,
        "Tax Provision": 40000.0,
        "Pretax Income": 145000.0,
        "Net Non Operating Interest Income Expense": -45000.0,
        "Interest Expense Non Operating": 45000.0,
        "Operating Income": 190000.0,
        "Operating Expense": 2846000.0,
        "Research And Development": 1121000.0,
        "Selling General And Administration": 1725000.0,
        "Selling And Marketing Expense": 964000.0,
        "General And Administrative Expense": 761000.0,
        "Other Gand A": 761000.0,
        "Gross Profit": 3036000.0,
        "Cost Of Revenue": 3010000.0,
        "Total Revenue": 6046000.0,
        "Operating Revenue": 6046000.0
    },
    "2022-03-31": {
        "Diluted EPS": 0.04,
        "Total Revenue": 6,
        "Gross Profit": 3,
        "Operating Income": 0,
        "EBIT": 1,
        "Net Income": 0
    },
    "2021-12-31": {
        "Diluted EPS": 0.11,
        "Total Revenue": 6,
        "Gross Profit": 3,
        "Operating Income": 1,
        "EBIT": 1,
        "Net Income": 1
    },
    "2021-09-30": {
        "Diluted EPS": 0.07,
        "Total Revenue": 6,
        "Gross Profit": 3,
        "Operating Income": 1,
        "EBIT": 1,
        "Net Income": 1
    },
    "2021-06-30": {
        "Diluted EPS": 0.27,
        "Total Revenue": 6,
        "Gross Profit": 3,
        "Operating Income": 1,
        "EBIT": 1,
        "Net Income": 3
    },
    "2021-03-31": {
        "Diluted EPS": 0.03,
        "Total Revenue": 5,
        "Gross Profit": 3,
        "Operating Income": 0,
        "EBIT": 0,
        "Net Income": 0
    },
    "2020-12-31": {
        "Diluted EPS": 0.25,
        "Total Revenue": 5,
        "Gross Profit": 2,
        "Operating Income": 1,
        "EBIT": 1,
        "Net Income": 2
    },
    "2020-09-30": {
        "Diluted EPS": -0.62,
        "Total Revenue": 4,
        "Gross Profit": 2,
        "Operating Income": -4,
        "EBIT": 1,
        "Net Income": -4
    },
    "2020-06-30": {
        "Diluted EPS": -0.13,
        "Total Revenue": 3,
        "Gross Profit": 1,
        "Operating Income": -1,
        "EBIT": -1,
        "Net Income": -1
    },
    "2020-03-31": {
        "Diluted EPS": -0.01,
        "Total Revenue": 4,
        "Gross Profit": 2,
        "Operating Income": 0,
        "EBIT": 0,
        "Net Income": 0
    },
    "2019-12-31": {
        "Diluted EPS": 0.02,
        "Total Revenue": 5,
        "Gross Profit": 2,
        "Operating Income": 0,
        "EBIT": 0,
        "Net Income": 0
    },
    "2019-09-30": {
        "Diluted EPS": 0.01,
        "Total Revenue": 5,
        "Gross Profit": 3,
        "Operating Income": 0,
        "EBIT": 0,
        "Net Income": 0
    },
    "2019-06-30": {
        "Diluted EPS": 0.02,
        "Total Revenue": 5,
        "Gross Profit": 3,
        "Operating Income": 0,
        "EBIT": 0,
        "Net Income": 0
    },
    "2019-03-31": {
        "Diluted EPS": 0.0,
        "Total Revenue": 5,
        "Gross Profit": 2,
        "Operating Income": 0,
        "EBIT": 0,
        "Net Income": 0
    },
    "2018-12-31": {
        "Diluted EPS": -0.03,
        "Total Revenue": 4,
        "Gross Profit": 2,
        "Operating Income": 0,
        "EBIT": 0,
        "Net Income": 0
    },
    "2018-09-30": {
        "Diluted EPS": -0.01,
        "Total Revenue": 4,
        "Gross Profit": 2,
        "Operating Income": 0,
        "EBIT": 0,
        "Net Income": 0
    },
    "2018-06-30": {
        "Diluted EPS": -0.02,
        "Total Revenue": 4,
        "Gross Profit": 2,
        "Operating Income": 0,
        "EBIT": 0,
        "Net Income": 0
    },
    "2018-03-31": {
        "Diluted EPS": -0.03,
        "Total Revenue": 4,
        "Gross Profit": 2,
        "Operating Income": 0,
        "EBIT": 0,
        "Net Income": 0
    },
    "2017-12-31": {
        "Diluted EPS": -0.41,
        "Total Revenue": 4,
        "Gross Profit": 2,
        "Operating Income": 0,
        "EBIT": 0,
        "Net Income": -3
    },
    "2017-09-30": {
        "Diluted EPS": 0.06,
        "Total Revenue": 5,
        "Gross Profit": 3,
        "Operating Income": 1,
        "EBIT": 1,
        "Net Income": 0
    },
    "2017-06-30": {
        "Diluted EPS": 0.07,
        "Total Revenue": 6,
        "Gross Profit": 3,
        "Operating Income": 1,
        "EBIT": 1,
        "Net Income": 0
    },
    "2017-03-31": {
        "Diluted EPS": 0.05,
        "Total Revenue": 6,
        "Gross Profit": 3,
        "Operating Income": 1,
        "EBIT": 1,
        "Net Income": 0
    },
    "2016-12-31": {
        "Diluted EPS": 1.54,
        "Total Revenue": 5,
        "Gross Profit": 3,
        "Operating Income": 1,
        "EBIT": 1,
        "Net Income": 10
    },
    "2016-09-30": {
        "Diluted EPS": 0.1,
        "Total Revenue": 5,
        "Gross Profit": 3,
        "Operating Income": 1,
        "EBIT": 1,
        "Net Income": 1
    },
    "2016-06-30": {
        "Diluted EPS": 0.07,
        "Total Revenue": 5,
        "Gross Profit": 3,
        "Operating Income": 1,
        "EBIT": 1,
        "Net Income": 1
    },
    "2016-03-31": {
        "Diluted EPS": 0.09,
        "Total Revenue": 5,
        "Gross Profit": 3,
        "Operating Income": 1,
        "EBIT": 1,
        "Net Income": 1
    },
    "2015-12-31": {
        "Diluted EPS": 0.16,
        "Total Revenue": 5,
        "Gross Profit": 3,
        "Operating Income": 1,
        "EBIT": 1,
        "Net Income": 1
    },
    "2015-09-30": {
        "Diluted EPS": 0.09,
        "Total Revenue": 5,
        "Gross Profit": 2,
        "Operating Income": 1,
        "EBIT": 1,
        "Net Income": 1
    },
    "2015-06-30": {
        "Diluted EPS": 0.07,
        "Total Revenue": 4,
        "Gross Profit": 2,
        "Operating Income": 0,
        "EBIT": 1,
        "Net Income": 0
    },
    "2015-03-31": {
        "Diluted EPS": -0.01,
        "Total Revenue": 4,
        "Gross Profit": 2,
        "Operating Income": 0,
        "EBIT": 0,
        "Net Income": 0
    },
    "2014-12-31": {
        "Diluted EPS": -0.01,
        "Total Revenue": 4,
        "Gross Profit": 2,
        "Operating Income": 0,
        "EBIT": 0,
        "Net Income": 0
    },
    "2014-09-30": {
        "Diluted EPS": 0.08,
        "Total Revenue": 5,
        "Gross Profit": 2,
        "Operating Income": 1,
        "EBIT": 1,
        "Net Income": 0
    },
    "2014-06-30": {
        "Diluted EPS": 0.02,
        "Total Revenue": 4,
        "Gross Profit": 2,
        "Operating Income": 0,
        "EBIT": 0,
        "Net Income": 0
    },
    "2014-03-31": {
        "Diluted EPS": -0.01,
        "Total Revenue": 4,
        "Gross Profit": 2,
        "Operating Income": 0,
        "EBIT": 0,
        "Net Income": 0
    },
    "2013-12-31": {
        "Diluted EPS": -0.09,
        "Total Revenue": 4,
        "Gross Profit": 2,
        "Operating Income": 0,
        "EBIT": 0,
        "Net Income": 0
    },
    "2013-09-30": {
        "Diluted EPS": -0.07,
        "Total Revenue": 3,
        "Gross Profit": 1,
        "Operating Income": 0,
        "EBIT": 0,
        "Net Income": 0
    },
    "2013-06-30": {
        "Diluted EPS": 0.01,
        "Total Revenue": 4,
        "Gross Profit": 2,
        "Operating Income": 0,
        "EBIT": 0,
        "Net Income": 0
    },
    "2013-03-31": {
        "Diluted EPS": 0.02,
        "Total Revenue": 4,
        "Gross Profit": 2,
        "Operating Income": 0,
        "EBIT": 0,
        "Net Income": 0
    },
    "2012-12-31": {
        "Diluted EPS": -0.14,
        "Total Revenue": 3,
        "Gross Profit": 1,
        "Operating Income": -1,
        "EBIT": 0,
        "Net Income": -1
    },
    "2012-09-30": {
        "Diluted EPS": -0.2,
        "Total Revenue": 3,
        "Gross Profit": 1,
        "Operating Income": -1,
        "EBIT": -1,
        "Net Income": -1
    },
    "2012-06-30": {
        "Diluted EPS": -0.16,
        "Total Revenue": 4,
        "Gross Profit": 1,
        "Operating Income": -1,
        "EBIT": -1,
        "Net Income": -1
    },
    "2012-03-31": {
        "Diluted EPS": -0.18,
        "Total Revenue": 4,
        "Gross Profit": 2,
        "Operating Income": -1,
        "EBIT": -1,
        "Net Income": -1
    },
    "2011-12-31": {
        "Diluted EPS": -0.08,
        "Total Revenue": 4,
        "Gross Profit": 2,
        "Operating Income": 0,
        "EBIT": 0,
        "Net Income": 0
    },
    "2011-09-30": {
        "Diluted EPS": -0.16,
        "Total Revenue": 5,
        "Gross Profit": 2,
        "Operating Income": 0,
        "EBIT": 0,
        "Net Income": -1
    },
    "2011-06-30": {
        "Diluted EPS": -0.09,
        "Total Revenue": 4,
        "Gross Profit": 2,
        "Operating Income": 0,
        "EBIT": 0,
        "Net Income": 0
    },
    "2011-03-31": {
        "Diluted EPS": -0.24,
        "Total Revenue": 4,
        "Gross Profit": 2,
        "Operating Income": -1,
        "EBIT": 0,
        "Net Income": -1
    },
    "2010-12-31": {
        "Diluted EPS": -0.42,
        "Total Revenue": 3,
        "Gross Profit": 1,
        "Operating Income": -1,
        "EBIT": -1,
        "Net Income": -2
    },
    "2010-09-30": {
        "Diluted EPS": -0.2,
        "Total Revenue": 3,
        "Gross Profit": 1,
        "Operating Income": -1,
        "EBIT": -1,
        "Net Income": -1
    },
    "2010-06-30": {
        "Diluted EPS": -0.15,
        "Total Revenue": 4,
        "Gross Profit": 2,
        "Operating Income": 0,
        "EBIT": 0,
        "Net Income": -1
    },
    "2010-03-31": {
        "Diluted EPS": -0.27,
        "Total Revenue": 4,
        "Gross Profit": 2,
        "Operating Income": -1,
        "EBIT": -1,
        "Net Income": -1
    },
    "2009-12-31": {
        "Diluted EPS": -0.31,
        "Total Revenue": 4,
        "Gross Profit": 1,
        "Operating Income": -6,
        "EBIT": -6,
        "Net Income": -1
    },
    "2009-09-30": {
        "Diluted EPS": 0.01,
        "Total Revenue": 5,
        "Gross Profit": 2,
        "Operating Income": 0,
        "EBIT": 0,
        "Net Income": 0
    },
    "2009-06-30": {
        "Diluted EPS": -0.27,
        "Total Revenue": 4,
        "Gross Profit": 2,
        "Operating Income": -1,
        "EBIT": -1,
        "Net Income": -1
    },
    "2009-03-31": {
        "Diluted EPS": -0.22,
        "Total Revenue": 5,
        "Gross Profit": 2,
        "Operating Income": -1,
        "EBIT": 0,
        "Net Income": -1
    },
    "2023-06-30": {
        "Tax Effect Of Unusual Items": 0.0,
        "Tax Rate For Calcs": 0.21,
        "Normalized EBITDA": 43976.0,
        "Net Income From Continuing Operation Net Minority Interest": -512816.0,
        "Reconciled Depreciation": 335531.0,
        "Reconciled Cost Of Revenue": 2465594.0,
        "EBITDA": 43976.0,
        "EBIT": -291555.0,
        "Net Interest Income": -55261.0,
        "Interest Expense": 55261.0,
        "Normalized Income": -512816.0,
        "Net Income From Continuing And Discontinued Operation": -512816.0,
        "Total Expenses": 5408712.0,
        "Total Operating Income As Reported": -291555.0,
        "Diluted Average Shares": 7164000.0,
        "Basic Average Shares": 7164000.0,
        "Diluted EPS": -0.06,
        "Basic EPS": -0.06,
        "Diluted NI Availto Com Stockholders": -512816.0,
        "Average Dilution Earnings": 0.0,
        "Net Income Common Stockholders": -512816.0,
        "Otherunder Preferred Stock Dividend": -66541.0,
        "Net Income": -512816.0,
        "Net Income Including Noncontrolling Interests": -512816.0,
        "Net Income Continuous Operations": -512816.0,
        "Tax Provision": 166000.0,
        "Pretax Income": -346816.0,
        "Net Non Operating Interest Income Expense": -55261.0,
        "Interest Expense Non Operating": 55261.0,
        "Operating Income": -291555.0,
        "Operating Expense": 2943118.0,
        "Research And Development": 1189930.0,
        "Selling General And Administration": 1753188.0,
        "Selling And Marketing Expense": 1004579.0,
        "General And Administrative Expense": 748609.0,
        "Other Gand A": 748609.0,
        "Gross Profit": 2651563.0,
        "Cost Of Revenue": 2465594.0,
        "Total Revenue": 5117157.0,
        "Operating Revenue": 5117157.0
    },
    "2023-09-30": {
        "Tax Effect Of Unusual Items": 0.0,
        "Tax Rate For Calcs": 0.101695,
        "Normalized EBITDA": -1026986.0,
        "Net Income From Continuing Operation Net Minority Interest": -1324995.0,
        "Reconciled Depreciation": 371569.0,
        "Reconciled Cost Of Revenue": 1787696.0,
        "EBITDA": -1026986.0,
        "EBIT": -1398555.0,
        "Net Interest Income": -76440.0,
        "Interest Expense": 76440.0,
        "Normalized Income": -1324995.0,
        "Net Income From Continuing And Discontinued Operation": -1324995.0,
        "Total Expenses": 4604448.0,
        "Total Operating Income As Reported": -1398555.0,
        "Diluted Average Shares": 7320000.0,
        "Basic Average Shares": 7320000.0,
        "Diluted EPS": -0.16,
        "Basic EPS": -0.16,
        "Diluted NI Availto Com Stockholders": -1165799.0,
        "Average Dilution Earnings": 0.0,
        "Net Income Common Stockholders": -1165799.0,
        "Otherunder Preferred Stock Dividend": -159196.0,
        "Net Income": -1324995.0,
        "Net Income Including Noncontrolling Interests": -1324995.0,
        "Net Income Continuous Operations": -1324995.0,
        "Tax Provision": -150000.0,
        "Pretax Income": -1474995.0,
        "Net Non Operating Interest Income Expense": -76440.0,
        "Interest Expense Non Operating": 76440.0,
        "Operating Income": -1398555.0,
        "Operating Expense": 2816752.0,
        "Research And Development": 1206452.0,
        "Selling General And Administration": 1610300.0,
        "Selling And Marketing Expense": 1002206.0,
        "General And Administrative Expense": 608094.0,
        "Other Gand A": 608094.0,
        "Gross Profit": 1418197.0,
        "Cost Of Revenue": 1787696.0,
        "Total Revenue": 3205893.0,
        "Operating Revenue": 3205893.0
    },
    "2023-12-31": {
        "Tax Effect Of Unusual Items": 0.0,
        "Tax Rate For Calcs": 0.21,
        "Normalized EBITDA": -104583.0,
        "Net Income From Continuing Operation Net Minority Interest": 912077.0,
        "Reconciled Depreciation": 370888.0,
        "Reconciled Cost Of Revenue": 2077758.0,
        "EBITDA": -104583.0,
        "EBIT": -475471.0,
        "Net Interest Income": -72452.0,
        "Interest Expense": 72452.0,
        "Normalized Income": 912077.0,
        "Net Income From Continuing And Discontinued Operation": 912077.0,
        "Total Expenses": 4873836.0,
        "Total Operating Income As Reported": -475471.0,
        "Diluted Average Shares": 9486000.0,
        "Basic Average Shares": 7327000.0,
        "Diluted EPS": 0.08,
        "Basic EPS": 0.11,
        "Diluted NI Availto Com Stockholders": 561053.0,
        "Average Dilution Earnings": 0.0,
        "Net Income Common Stockholders": 561053.0,
        "Otherunder Preferred Stock Dividend": 351024.0,
        "Net Income": 912077.0,
        "Net Income Including Noncontrolling Interests": 912077.0,
        "Net Income Continuous Operations": 912077.0,
        "Tax Provision": -1460000.0,
        "Pretax Income": -547923.0,
        "Net Non Operating Interest Income Expense": -72452.0,
        "Interest Expense Non Operating": 72452.0,
        "Operating Income": -475471.0,
        "Operating Expense": 2796078.0,
        "Research And Development": 1188404.0,
        "Selling General And Administration": 1607674.0,
        "Selling And Marketing Expense": 1002796.0,
        "General And Administrative Expense": 604878.0,
        "Other Gand A": 604878.0,
        "Gross Profit": 2320607.0,
        "Cost Of Revenue": 2077758.0,
        "Total Revenue": 4398365.0,
        "Operating Revenue": 4398365.0
    },
    "2024-03-31": {
        "Tax Effect Of Unusual Items": 0.0,
        "Tax Rate For Calcs": 0.0,
        "Normalized EBITDA": -112085.0,
        "Net Income From Continuing Operation Net Minority Interest": -557415.0,
        "Reconciled Depreciation": 373090.0,
        "Reconciled Cost Of Revenue": 2473040.0,
        "EBITDA": -112085.0,
        "EBIT": -485175.0,
        "Net Interest Income": -72240.0,
        "Interest Expense": 72240.0,
        "Normalized Income": -557415.0,
        "Net Income From Continuing And Discontinued Operation": -557415.0,
        "Total Expenses": 5462972.0,
        "Total Operating Income As Reported": -485175.0,
        "Diluted Average Shares": 7441745.0,
        "Basic Average Shares": 7441745.0,
        "Diluted EPS": -0.07,
        "Basic EPS": -0.07,
        "Diluted NI Availto Com Stockholders": -557415.0,
        "Average Dilution Earnings": NaN,
        "Net Income Common Stockholders": -557415.0,
        "Otherunder Preferred Stock Dividend": NaN,
        "Net Income": -557415.0,
        "Net Income Including Noncontrolling Interests": -557415.0,
        "Net Income Continuous Operations": -557415.0,
        "Tax Provision": 0.0,
        "Pretax Income": -557415.0,
        "Net Non Operating Interest Income Expense": -72240.0,
        "Interest Expense Non Operating": 72240.0,
        "Operating Income": -485175.0,
        "Operating Expense": 2989932.0,
        "Research And Development": 1208082.0,
        "Selling General And Administration": 1781850.0,
        "Selling And Marketing Expense": 1031271.0,
        "General And Administrative Expense": 750579.0,
        "Other Gand A": 750579.0,
        "Gross Profit": 2504757.0,
        "Cost Of Revenue": 2473040.0,
        "Total Revenue": 4977797.0,
        "Operating Revenue": 4977797.0
    },
    "2024-06-30": {
        "Tax Effect Of Unusual Items": 0.0,
        "Tax Rate For Calcs": 0.0,
        "Normalized EBITDA": -144588.0,
        "Net Income From Continuing Operation Net Minority Interest": -607631.0,
        "Reconciled Depreciation": 390555.0,
        "Reconciled Cost Of Revenue": 2497067.0,
        "EBITDA": -144588.0,
        "EBIT": -535143.0,
        "Net Interest Income": -72488.0,
        "Interest Expense": 72488.0,
        "Normalized Income": -607631.0,
        "Net Income From Continuing And Discontinued Operation": -607631.0,
        "Total Expenses": 5616541.0,
        "Total Operating Income As Reported": -535143.0,
        "Diluted Average Shares": 7571940.0,
        "Basic Average Shares": 7571940.0,
        "Diluted EPS": -0.08,
        "Basic EPS": -0.08,
        "Diluted NI Availto Com Stockholders": -607631.0,
        "Average Dilution Earnings": NaN,
        "Net Income Common Stockholders": -607631.0,
        "Otherunder Preferred Stock Dividend": NaN,
        "Net Income": -607631.0,
        "Net Income Including Noncontrolling Interests": -607631.0,
        "Net Income Continuous Operations": -607631.0,
        "Tax Provision": 0.0,
        "Pretax Income": -607631.0,
        "Net Non Operating Interest Income Expense": -72488.0,
        "Interest Expense Non Operating": 72488.0,
        "Operating Income": -535143.0,
        "Operating Expense": 3119474.0,
        "Research And Development": 1231953.0,
        "Selling General And Administration": 1887521.0,
        "Selling And Marketing Expense": 1154245.0,
        "General And Administrative Expense": 733276.0,
        "Other Gand A": 733276.0,
        "Gross Profit": 2584331.0,
        "Cost Of Revenue": 2497067.0,
        "Total Revenue": 5081398.0,
        "Operating Revenue": 5081398.0
    }
}