{
    "2024-06-30": {
        "Tax Effect Of Unusual Items": 0.0,
        "Tax Rate For Calcs": 0.0,
        "Normalized EBITDA": -1446297.0,
        "Total Unusual Items": -165132.0,
        "Total Unusual Items Excluding Goodwill": -165132.0,
        "Net Income From Continuing Operation Net Minority Interest": -1624741.0,
        "Reconciled Depreciation": 8363.0,
        "Reconciled Cost Of Revenue": 19402.0,
        "EBITDA": -1611429.0,
        "EBIT": -1619792.0,
        "Net Interest Income": 36082.0,
        "Interest Expense": 4949.0,
        "Interest Income": 41031.0,
        "Normalized Income": -1459609.0,
        "Net Income From Continuing And Discontinued Operation": -1833902.0,
        "Total Expenses": 1514390.0,
        "Total Operating Income As Reported": -1495691.0,
        "Diluted Average Shares": 1406348.0,
        "Basic Average Shares": 1406348.0,
        "Diluted EPS": -1.3,
        "Basic EPS": -1.3,
        "Diluted NI Availto Com Stockholders": -1833902.0,
        "Net Income Common Stockholders": -1833902.0,
        "Net Income": -1833902.0,
        "Minority Interests": NaN,
        "Net Income Including Noncontrolling Interests": -1833902.0,
        "Net Income Discontinuous Operations": -209161.0,
        "Net Income Continuous Operations": -1624741.0,
        "Pretax Income": -1624741.0,
        "Other Income Expense": -165132.0,
        "Special Income Charges": 0.0,
        "Gain On Sale Of Ppe": 0.0,
        "Gain On Sale Of Security": -165132.0,
        "Net Non Operating Interest Income Expense": 36082.0,
        "Interest Expense Non Operating": 4949.0,
        "Interest Income Non Operating": 41031.0,
        "Operating Income": -1495691.0,
        "Operating Expense": 1494988.0,
        "Other Operating Expenses": 86674.0,
        "Research And Development": 86674.0,
        "Selling General And Administration": 1408314.0,
        "General And Administrative Expense": 1408314.0,
        "Other Gand A": 1096265.0,
        "Salaries And Wages": 312049.0,
        "Gross Profit": -703.0,
        "Cost Of Revenue": 19402.0,
        "Total Revenue": 18699.0,
        "Operating Revenue": 18699.0
    },
    "2024-03-31": {
        "Tax Effect Of Unusual Items": 0.0,
        "Tax Rate For Calcs": 0.0,
        "Normalized EBITDA": -5425247.0,
        "Total Unusual Items": -1104857.0,
        "Total Unusual Items Excluding Goodwill": -1104857.0,
        "Net Income From Continuing Operation Net Minority Interest": -6636922.0,
        "Reconciled Depreciation": 8303.0,
        "Reconciled Cost Of Revenue": 0.0,
        "EBITDA": -6530104.0,
        "EBIT": -6538407.0,
        "Net Interest Income": -35594.0,
        "Interest Expense": 98515.0,
        "Interest Income": 62921.0,
        "Normalized Income": -5532065.0,
        "Net Income From Continuing And Discontinued Operation": 21246033.0,
        "Total Expenses": 5496471.0,
        "Total Operating Income As Reported": -5496471.0,
        "Diluted Average Shares": 1266977.0,
        "Basic Average Shares": 1036756.0,
        "Diluted EPS": 16.77,
        "Basic EPS": 20.49,
        "Diluted NI Availto Com Stockholders": 21246033.0,
        "Net Income Common Stockholders": 21246033.0,
        "Net Income": 21246033.0,
        "Minority Interests": NaN,
        "Net Income Including Noncontrolling Interests": 21246033.0,
        "Net Income Discontinuous Operations": 27882955.0,
        "Net Income Continuous Operations": -6636922.0,
        "Pretax Income": -6636922.0,
        "Other Income Expense": -1104857.0,
        "Special Income Charges": -374968.0,
        "Gain On Sale Of Ppe": -374968.0,
        "Gain On Sale Of Security": -729889.0,
        "Net Non Operating Interest Income Expense": -35594.0,
        "Interest Expense Non Operating": 98515.0,
        "Interest Income Non Operating": 62921.0,
        "Operating Income": -5496471.0,
        "Operating Expense": 5496471.0,
        "Other Operating Expenses": 53859.0,
        "Research And Development": 53859.0,
        "Selling General And Administration": 5442612.0,
        "General And Administrative Expense": 5442612.0,
        "Other Gand A": 5219440.0,
        "Salaries And Wages": 223172.0,
        "Gross Profit": 0.0,
        "Cost Of Revenue": 0.0,
        "Total Revenue": 0.0,
        "Operating Revenue": 0.0
    },
    "2023-12-31": {
        "Tax Effect Of Unusual Items": 0.0,
        "Tax Rate For Calcs": 0.0,
        "Normalized EBITDA": -5462846.0,
        "Total Unusual Items": -4834227.0,
        "Total Unusual Items Excluding Goodwill": -4834227.0,
        "Net Income From Continuing Operation Net Minority Interest": -11715965.0,
        "Reconciled Depreciation": 715450.0,
        "Reconciled Cost Of Revenue": 4601023.0,
        "EBITDA": -10297073.0,
        "EBIT": -11012523.0,
        "Net Interest Income": -703442.0,
        "Interest Expense": 703442.0,
        "Interest Income": 0.0,
        "Normalized Income": -6881738.0,
        "Net Income From Continuing And Discontinued Operation": -11715965.0,
        "Total Expenses": 8545267.0,
        "Total Operating Income As Reported": -6192839.0,
        "Diluted Average Shares": NaN,
        "Basic Average Shares": NaN,
        "Diluted EPS": NaN,
        "Basic EPS": NaN,
        "Diluted NI Availto Com Stockholders": -11715965.0,
        "Net Income Common Stockholders": -11715965.0,
        "Net Income": -11715965.0,
        "Minority Interests": 0.0,
        "Net Income Including Noncontrolling Interests": -11715965.0,
        "Net Income Discontinuous Operations": 0.0,
        "Net Income Continuous Operations": -11715965.0,
        "Pretax Income": -11715965.0,
        "Other Income Expense": -4819684.0,
        "Special Income Charges": -5129115.0,
        "Gain On Sale Of Ppe": 0.0,
        "Gain On Sale Of Security": 294888.0,
        "Net Non Operating Interest Income Expense": -703442.0,
        "Interest Expense Non Operating": 703442.0,
        "Interest Income Non Operating": 0.0,
        "Operating Income": -6192839.0,
        "Operating Expense": 3944244.0,
        "Other Operating Expenses": 366534.0,
        "Research And Development": 366534.0,
        "Selling General And Administration": 3577710.0,
        "General And Administrative Expense": 3577710.0,
        "Other Gand A": 2956894.0,
        "Salaries And Wages": 620816.0,
        "Gross Profit": -2248595.0,
        "Cost Of Revenue": 4601023.0,
        "Total Revenue": 2352428.0,
        "Operating Revenue": 2352428.0
    },
    "2023-09-30": {
        "Tax Effect Of Unusual Items": 0.0,
        "Tax Rate For Calcs": 0.0,
        "Normalized EBITDA": -533138.0,
        "Total Unusual Items": 925320.0,
        "Total Unusual Items Excluding Goodwill": 925320.0,
        "Net Income From Continuing Operation Net Minority Interest": -88136.0,
        "Reconciled Depreciation": 228540.0,
        "Reconciled Cost Of Revenue": 352694.0,
        "EBITDA": 392182.0,
        "EBIT": 163642.0,
        "Net Interest Income": -251778.0,
        "Interest Expense": 251778.0,
        "Interest Income": 0.0,
        "Normalized Income": -1013456.0,
        "Net Income From Continuing And Discontinued Operation": -3525114.0,
        "Total Expenses": 1153964.0,
        "Total Operating Income As Reported": -761678.0,
        "Diluted Average Shares": 2363233.0,
        "Basic Average Shares": 771192.0,
        "Diluted EPS": -4.57,
        "Basic EPS": -4.57,
        "Diluted NI Availto Com Stockholders": -3525114.0,
        "Net Income Common Stockholders": -3525114.0,
        "Net Income": -3525114.0,
        "Minority Interests": 0.0,
        "Net Income Including Noncontrolling Interests": -3525114.0,
        "Net Income Discontinuous Operations": -3436978.0,
        "Net Income Continuous Operations": -88136.0,
        "Pretax Income": -88136.0,
        "Other Income Expense": 925320.0,
        "Special Income Charges": 0.0,
        "Gain On Sale Of Ppe": 0.0,
        "Gain On Sale Of Security": 925320.0,
        "Net Non Operating Interest Income Expense": -251778.0,
        "Interest Expense Non Operating": 251778.0,
        "Interest Income Non Operating": 0.0,
        "Operating Income": -761678.0,
        "Operating Expense": 801270.0,
        "Other Operating Expenses": 22071.0,
        "Research And Development": 0.0,
        "Selling General And Administration": 779199.0,
        "General And Administrative Expense": 779199.0,
        "Other Gand A": 771857.0,
        "Salaries And Wages": 7342.0,
        "Gross Profit": 39592.0,
        "Cost Of Revenue": 352694.0,
        "Total Revenue": 392286.0,
        "Operating Revenue": 392286.0
    },
    "2023-06-30": {
        "Tax Effect Of Unusual Items": NaN,
        "Tax Rate For Calcs": NaN,
        "Normalized EBITDA": NaN,
        "Total Unusual Items": NaN,
        "Total Unusual Items Excluding Goodwill": NaN,
        "Net Income From Continuing Operation Net Minority Interest": NaN,
        "Reconciled Depreciation": NaN,
        "Reconciled Cost Of Revenue": NaN,
        "EBITDA": NaN,
        "EBIT": NaN,
        "Net Interest Income": NaN,
        "Interest Expense": NaN,
        "Interest Income": NaN,
        "Normalized Income": NaN,
        "Net Income From Continuing And Discontinued Operation": NaN,
        "Total Expenses": NaN,
        "Total Operating Income As Reported": NaN,
        "Diluted Average Shares": 681199.0,
        "Basic Average Shares": 681199.0,
        "Diluted EPS": -2.9,
        "Basic EPS": -2.9,
        "Diluted NI Availto Com Stockholders": NaN,
        "Net Income Common Stockholders": NaN,
        "Net Income": NaN,
        "Minority Interests": 0.0,
        "Net Income Including Noncontrolling Interests": NaN,
        "Net Income Discontinuous Operations": NaN,
        "Net Income Continuous Operations": NaN,
        "Pretax Income": NaN,
        "Other Income Expense": NaN,
        "Special Income Charges": NaN,
        "Gain On Sale Of Ppe": NaN,
        "Gain On Sale Of Security": NaN,
        "Net Non Operating Interest Income Expense": NaN,
        "Interest Expense Non Operating": NaN,
        "Interest Income Non Operating": NaN,
        "Operating Income": NaN,
        "Operating Expense": NaN,
        "Other Operating Expenses": NaN,
        "Research And Development": NaN,
        "Selling General And Administration": NaN,
        "General And Administrative Expense": NaN,
        "Other Gand A": NaN,
        "Salaries And Wages": NaN,
        "Gross Profit": NaN,
        "Cost Of Revenue": NaN,
        "Total Revenue": NaN,
        "Operating Revenue": NaN
    },
    "2023-03-31": {
        "Tax Effect Of Unusual Items": NaN,
        "Tax Rate For Calcs": NaN,
        "Normalized EBITDA": NaN,
        "Total Unusual Items": NaN,
        "Total Unusual Items Excluding Goodwill": NaN,
        "Net Income From Continuing Operation Net Minority Interest": NaN,
        "Reconciled Depreciation": NaN,
        "Reconciled Cost Of Revenue": NaN,
        "EBITDA": NaN,
        "EBIT": NaN,
        "Net Interest Income": NaN,
        "Interest Expense": NaN,
        "Interest Income": NaN,
        "Normalized Income": NaN,
        "Net Income From Continuing And Discontinued Operation": NaN,
        "Total Expenses": NaN,
        "Total Operating Income As Reported": NaN,
        "Diluted Average Shares": NaN,
        "Basic Average Shares": NaN,
        "Diluted EPS": NaN,
        "Basic EPS": NaN,
        "Diluted NI Availto Com Stockholders": NaN,
        "Net Income Common Stockholders": NaN,
        "Net Income": NaN,
        "Minority Interests": 0.0,
        "Net Income Including Noncontrolling Interests": NaN,
        "Net Income Discontinuous Operations": NaN,
        "Net Income Continuous Operations": NaN,
        "Pretax Income": NaN,
        "Other Income Expense": NaN,
        "Special Income Charges": NaN,
        "Gain On Sale Of Ppe": NaN,
        "Gain On Sale Of Security": NaN,
        "Net Non Operating Interest Income Expense": NaN,
        "Interest Expense Non Operating": NaN,
        "Interest Income Non Operating": NaN,
        "Operating Income": NaN,
        "Operating Expense": NaN,
        "Other Operating Expenses": NaN,
        "Research And Development": NaN,
        "Selling General And Administration": NaN,
        "General And Administrative Expense": NaN,
        "Other Gand A": NaN,
        "Salaries And Wages": NaN,
        "Gross Profit": NaN,
        "Cost Of Revenue": NaN,
        "Total Revenue": NaN,
        "Operating Revenue": NaN
    },
    "2022-12-31": {
        "Tax Effect Of Unusual Items": NaN,
        "Tax Rate For Calcs": NaN,
        "Normalized EBITDA": NaN,
        "Total Unusual Items": NaN,
        "Total Unusual Items Excluding Goodwill": NaN,
        "Net Income From Continuing Operation Net Minority Interest": NaN,
        "Reconciled Depreciation": NaN,
        "Reconciled Cost Of Revenue": NaN,
        "EBITDA": NaN,
        "EBIT": NaN,
        "Net Interest Income": NaN,
        "Interest Expense": NaN,
        "Interest Income": NaN,
        "Normalized Income": NaN,
        "Net Income From Continuing And Discontinued Operation": NaN,
        "Total Expenses": NaN,
        "Total Operating Income As Reported": NaN,
        "Diluted Average Shares": NaN,
        "Basic Average Shares": NaN,
        "Diluted EPS": NaN,
        "Basic EPS": NaN,
        "Diluted NI Availto Com Stockholders": NaN,
        "Net Income Common Stockholders": NaN,
        "Net Income": NaN,
        "Minority Interests": 377843.0,
        "Net Income Including Noncontrolling Interests": NaN,
        "Net Income Discontinuous Operations": NaN,
        "Net Income Continuous Operations": NaN,
        "Pretax Income": NaN,
        "Other Income Expense": NaN,
        "Special Income Charges": NaN,
        "Gain On Sale Of Ppe": NaN,
        "Gain On Sale Of Security": NaN,
        "Net Non Operating Interest Income Expense": NaN,
        "Interest Expense Non Operating": NaN,
        "Interest Income Non Operating": NaN,
        "Operating Income": NaN,
        "Operating Expense": NaN,
        "Research And Development": NaN,
        "Selling General And Administration": NaN,
        "General And Administrative Expense": NaN,
        "Other Gand A": NaN,
        "Salaries And Wages": NaN,
        "Gross Profit": NaN,
        "Cost Of Revenue": NaN,
        "Total Revenue": NaN,
        "Operating Revenue": NaN
    },
    "2024-09-30": {
        "Tax Effect Of Unusual Items": 0.0,
        "Tax Rate For Calcs": 0.0,
        "Normalized EBITDA": -3445710.0,
        "Total Unusual Items": 502178.0,
        "Total Unusual Items Excluding Goodwill": 502178.0,
        "Net Income From Continuing Operation Net Minority Interest": -3183601.0,
        "Reconciled Depreciation": 22636.0,
        "Reconciled Cost Of Revenue": 60978.0,
        "EBITDA": -2943532.0,
        "EBIT": -2966168.0,
        "Net Interest Income": -187988.0,
        "Interest Expense": 217433.0,
        "Interest Income": 29445.0,
        "Normalized Income": -3685779.0,
        "Net Income From Continuing And Discontinued Operation": -3183601.0,
        "Total Expenses": 3562652.0,
        "Total Operating Income As Reported": -3497791.0,
        "Diluted Average Shares": 2373848.0,
        "Basic Average Shares": 2373848.0,
        "Diluted EPS": -1.34,
        "Basic EPS": -1.34,
        "Diluted NI Availto Com Stockholders": -3183601.0,
        "Net Income Common Stockholders": -3183601.0,
        "Net Income": -3183601.0,
        "Minority Interests": NaN,
        "Net Income Including Noncontrolling Interests": -3183601.0,
        "Net Income Discontinuous Operations": 0.0,
        "Net Income Continuous Operations": -3183601.0,
        "Pretax Income": -3183601.0,
        "Other Income Expense": 502178.0,
        "Special Income Charges": 0.0,
        "Gain On Sale Of Ppe": 0.0,
        "Gain On Sale Of Security": 502178.0,
        "Net Non Operating Interest Income Expense": -187988.0,
        "Interest Expense Non Operating": 217433.0,
        "Interest Income Non Operating": 29445.0,
        "Operating Income": -3497791.0,
        "Operating Expense": 3501674.0,
        "Other Operating Expenses": 157474.0,
        "Research And Development": 1253983.0,
        "Selling General And Administration": 2090217.0,
        "General And Administrative Expense": 2090217.0,
        "Other Gand A": 1381240.0,
        "Salaries And Wages": 708977.0,
        "Gross Profit": 3883.0,
        "Cost Of Revenue": 60978.0,
        "Total Revenue": 64861.0,
        "Operating Revenue": 64861.0
    }
}