{
    "2023-03-31": {
        "Tax Effect Of Unusual Items": NaN,
        "Tax Rate For Calcs": NaN,
        "Normalized EBITDA": NaN,
        "Net Income From Continuing Operation Net Minority Interest": NaN,
        "Reconciled Depreciation": NaN,
        "Reconciled Cost Of Revenue": NaN,
        "EBITDA": NaN,
        "EBIT": NaN,
        "Net Interest Income": NaN,
        "Interest Expense": NaN,
        "Interest Income": NaN,
        "Normalized Income": NaN,
        "Net Income From Continuing And Discontinued Operation": NaN,
        "Total Expenses": NaN,
        "Total Operating Income As Reported": NaN,
        "Diluted Average Shares": 37800960.0,
        "Basic Average Shares": 37800960.0,
        "Diluted EPS": -0.3,
        "Basic EPS": -0.3,
        "Diluted NI Availto Com Stockholders": NaN,
        "Net Income Common Stockholders": NaN,
        "Net Income": NaN,
        "Net Income Including Noncontrolling Interests": NaN,
        "Net Income Continuous Operations": NaN,
        "Pretax Income": NaN,
        "Other Income Expense": NaN,
        "Other Non Operating Income Expenses": NaN,
        "Net Non Operating Interest Income Expense": NaN,
        "Interest Expense Non Operating": NaN,
        "Interest Income Non Operating": NaN,
        "Operating Income": NaN,
        "Operating Expense": NaN,
        "Research And Development": NaN,
        "Selling General And Administration": NaN,
        "Gross Profit": NaN,
        "Cost Of Revenue": NaN,
        "Total Revenue": NaN,
        "Operating Revenue": NaN
    },
    "2022-12-31": {
        "Tax Effect Of Unusual Items": NaN,
        "Tax Rate For Calcs": NaN,
        "Normalized EBITDA": NaN,
        "Net Income From Continuing Operation Net Minority Interest": NaN,
        "Reconciled Depreciation": NaN,
        "Reconciled Cost Of Revenue": NaN,
        "EBITDA": NaN,
        "EBIT": NaN,
        "Net Interest Income": NaN,
        "Interest Expense": NaN,
        "Interest Income": NaN,
        "Normalized Income": NaN,
        "Net Income From Continuing And Discontinued Operation": NaN,
        "Total Expenses": NaN,
        "Total Operating Income As Reported": NaN,
        "Diluted Average Shares": NaN,
        "Basic Average Shares": NaN,
        "Diluted EPS": NaN,
        "Basic EPS": NaN,
        "Diluted NI Availto Com Stockholders": NaN,
        "Net Income Common Stockholders": NaN,
        "Net Income": NaN,
        "Net Income Including Noncontrolling Interests": NaN,
        "Net Income Continuous Operations": NaN,
        "Pretax Income": NaN,
        "Other Income Expense": NaN,
        "Other Non Operating Income Expenses": NaN,
        "Net Non Operating Interest Income Expense": NaN,
        "Interest Expense Non Operating": NaN,
        "Interest Income Non Operating": NaN,
        "Operating Income": NaN,
        "Operating Expense": NaN,
        "Research And Development": NaN,
        "Selling General And Administration": NaN,
        "General And Administrative Expense": 7176000.0,
        "Other Gand A": 7176000.0,
        "Gross Profit": NaN,
        "Cost Of Revenue": NaN,
        "Total Revenue": NaN,
        "Operating Revenue": NaN
    },
    "2022-09-30": {
        "Tax Effect Of Unusual Items": NaN,
        "Tax Rate For Calcs": NaN,
        "Normalized EBITDA": NaN,
        "Net Income From Continuing Operation Net Minority Interest": NaN,
        "Reconciled Depreciation": NaN,
        "Reconciled Cost Of Revenue": NaN,
        "EBITDA": NaN,
        "EBIT": NaN,
        "Net Interest Income": NaN,
        "Interest Expense": NaN,
        "Interest Income": NaN,
        "Normalized Income": NaN,
        "Net Income From Continuing And Discontinued Operation": NaN,
        "Total Expenses": NaN,
        "Total Operating Income As Reported": NaN,
        "Diluted Average Shares": NaN,
        "Basic Average Shares": NaN,
        "Diluted EPS": NaN,
        "Basic EPS": NaN,
        "Diluted NI Availto Com Stockholders": NaN,
        "Net Income Common Stockholders": NaN,
        "Net Income": NaN,
        "Net Income Including Noncontrolling Interests": NaN,
        "Net Income Continuous Operations": NaN,
        "Pretax Income": NaN,
        "Other Income Expense": NaN,
        "Other Non Operating Income Expenses": NaN,
        "Net Non Operating Interest Income Expense": NaN,
        "Interest Expense Non Operating": NaN,
        "Interest Income Non Operating": NaN,
        "Operating Income": NaN,
        "Operating Expense": NaN,
        "Research And Development": NaN,
        "Selling General And Administration": NaN,
        "General And Administrative Expense": 6277000.0,
        "Other Gand A": 6277000.0,
        "Gross Profit": NaN,
        "Cost Of Revenue": NaN,
        "Total Revenue": NaN,
        "Operating Revenue": NaN
    },
    "2022-06-30": {
        "Tax Effect Of Unusual Items": 0.0,
        "Tax Rate For Calcs": 0.0,
        "Normalized EBITDA": -9122000.0,
        "Net Income From Continuing Operation Net Minority Interest": -9697000.0,
        "Reconciled Depreciation": 128000.0,
        "Reconciled Cost Of Revenue": NaN,
        "EBITDA": -9122000.0,
        "EBIT": -9250000.0,
        "Net Interest Income": -340000.0,
        "Interest Expense": 447000.0,
        "Interest Income": 107000.0,
        "Normalized Income": -9697000.0,
        "Net Income From Continuing And Discontinued Operation": -9697000.0,
        "Total Expenses": 9421000.0,
        "Total Operating Income As Reported": -9421000.0,
        "Diluted Average Shares": 27378507.0,
        "Basic Average Shares": 27378507.0,
        "Diluted EPS": -0.35,
        "Basic EPS": -0.35,
        "Diluted NI Availto Com Stockholders": -9697000.0,
        "Net Income Common Stockholders": -9697000.0,
        "Net Income": -9697000.0,
        "Net Income Including Noncontrolling Interests": -9697000.0,
        "Net Income Continuous Operations": -9697000.0,
        "Pretax Income": -9697000.0,
        "Other Income Expense": 64000.0,
        "Other Non Operating Income Expenses": 64000.0,
        "Net Non Operating Interest Income Expense": -340000.0,
        "Interest Expense Non Operating": 447000.0,
        "Interest Income Non Operating": 107000.0,
        "Operating Income": -9421000.0,
        "Operating Expense": 9421000.0,
        "Research And Development": 5142000.0,
        "Selling General And Administration": 4279000.0,
        "General And Administrative Expense": 4279000.0,
        "Other Gand A": 4279000.0,
        "Gross Profit": NaN,
        "Cost Of Revenue": NaN,
        "Total Revenue": 0.0,
        "Operating Revenue": 0.0
    },
    "2022-03-31": {
        "Diluted EPS": -0.28,
        "Total Revenue": NaN,
        "Gross Profit": NaN,
        "Operating Income": -7,
        "EBIT": -7,
        "Net Income": -8
    },
    "2021-12-31": {
        "Diluted EPS": -0.26,
        "Total Revenue": NaN,
        "Gross Profit": NaN,
        "Operating Income": -7,
        "EBIT": -7,
        "Net Income": -7
    },
    "2021-09-30": {
        "Diluted EPS": -0.24,
        "Total Revenue": NaN,
        "Gross Profit": NaN,
        "Operating Income": -6,
        "EBIT": -6,
        "Net Income": -7
    },
    "2021-06-30": {
        "Diluted EPS": -0.26,
        "Total Revenue": NaN,
        "Gross Profit": NaN,
        "Operating Income": -6,
        "EBIT": -6,
        "Net Income": -7
    },
    "2021-03-31": {
        "Diluted EPS": -0.26,
        "Total Revenue": NaN,
        "Gross Profit": NaN,
        "Operating Income": -7,
        "EBIT": -7,
        "Net Income": -7
    },
    "2020-12-31": {
        "Diluted EPS": -0.27,
        "Total Revenue": NaN,
        "Gross Profit": NaN,
        "Operating Income": -7,
        "EBIT": -7,
        "Net Income": -8
    },
    "2020-09-30": {
        "Diluted EPS": -0.33,
        "Total Revenue": NaN,
        "Gross Profit": NaN,
        "Operating Income": -8,
        "EBIT": -8,
        "Net Income": -9
    },
    "2020-06-30": {
        "Diluted EPS": -0.36,
        "Total Revenue": NaN,
        "Gross Profit": NaN,
        "Operating Income": -8,
        "EBIT": -8,
        "Net Income": -8
    },
    "2020-03-31": {
        "Diluted EPS": -0.35,
        "Total Revenue": NaN,
        "Gross Profit": NaN,
        "Operating Income": -7,
        "EBIT": -7,
        "Net Income": -7
    },
    "2019-12-31": {
        "Diluted EPS": -0.58,
        "Total Revenue": NaN,
        "Gross Profit": NaN,
        "Operating Income": -10,
        "EBIT": -10,
        "Net Income": -11
    },
    "2019-09-30": {
        "Diluted EPS": -0.33,
        "Total Revenue": NaN,
        "Gross Profit": NaN,
        "Operating Income": -6,
        "EBIT": -6,
        "Net Income": -6
    },
    "2019-06-30": {
        "Diluted EPS": -0.39,
        "Total Revenue": NaN,
        "Gross Profit": NaN,
        "Operating Income": -7,
        "EBIT": -7,
        "Net Income": -7
    },
    "2019-03-31": {
        "Diluted EPS": -0.47,
        "Total Revenue": NaN,
        "Gross Profit": NaN,
        "Operating Income": -9,
        "EBIT": -9,
        "Net Income": -9
    },
    "2018-12-31": {
        "Diluted EPS": -0.28,
        "Total Revenue": NaN,
        "Gross Profit": NaN,
        "Operating Income": -5,
        "EBIT": -5,
        "Net Income": -5
    },
    "2018-09-30": {
        "Diluted EPS": -0.31,
        "Total Revenue": NaN,
        "Gross Profit": NaN,
        "Operating Income": -6,
        "EBIT": -6,
        "Net Income": -6
    },
    "2018-06-30": {
        "Diluted EPS": -0.53,
        "Total Revenue": NaN,
        "Gross Profit": NaN,
        "Operating Income": -10,
        "EBIT": -10,
        "Net Income": -10
    },
    "2018-03-31": {
        "Diluted EPS": -0.47,
        "Total Revenue": NaN,
        "Gross Profit": NaN,
        "Operating Income": -9,
        "EBIT": -9,
        "Net Income": -9
    },
    "2017-12-31": {
        "Diluted EPS": -0.8,
        "Total Revenue": NaN,
        "Gross Profit": NaN,
        "Operating Income": -7,
        "EBIT": -7,
        "Net Income": -7
    },
    "2017-09-30": {
        "Diluted EPS": -5.08,
        "Total Revenue": NaN,
        "Gross Profit": NaN,
        "Operating Income": -5,
        "EBIT": -5,
        "Net Income": -5
    },
    "2017-06-30": {
        "Diluted EPS": -6.09,
        "Total Revenue": NaN,
        "Gross Profit": NaN,
        "Operating Income": -7,
        "EBIT": -6,
        "Net Income": -7
    },
    "2017-03-31": {
        "Diluted EPS": -4.59,
        "Total Revenue": NaN,
        "Gross Profit": NaN,
        "Operating Income": -5,
        "EBIT": -5,
        "Net Income": -5
    },
    "2016-12-31": {
        "Diluted EPS": 0.0,
        "Total Revenue": NaN,
        "Gross Profit": NaN,
        "Operating Income": NaN,
        "EBIT": NaN,
        "Net Income": NaN
    },
    "2015-12-31": {
        "Diluted EPS": 0.0,
        "Total Revenue": NaN,
        "Gross Profit": NaN,
        "Operating Income": NaN,
        "EBIT": NaN,
        "Net Income": NaN
    },
    "2023-06-30": {
        "Tax Effect Of Unusual Items": NaN,
        "Tax Rate For Calcs": NaN,
        "Normalized EBITDA": NaN,
        "Total Unusual Items": NaN,
        "Total Unusual Items Excluding Goodwill": NaN,
        "Net Income From Continuing Operation Net Minority Interest": NaN,
        "Reconciled Depreciation": NaN,
        "Reconciled Cost Of Revenue": NaN,
        "EBITDA": NaN,
        "EBIT": NaN,
        "Net Interest Income": NaN,
        "Interest Expense": NaN,
        "Interest Income": NaN,
        "Normalized Income": NaN,
        "Net Income From Continuing And Discontinued Operation": NaN,
        "Total Expenses": NaN,
        "Total Operating Income As Reported": NaN,
        "Diluted Average Shares": 38692624.0,
        "Basic Average Shares": 38692624.0,
        "Diluted EPS": -0.36,
        "Basic EPS": -0.36,
        "Diluted NI Availto Com Stockholders": NaN,
        "Net Income Common Stockholders": NaN,
        "Net Income": NaN,
        "Net Income Including Noncontrolling Interests": NaN,
        "Net Income Continuous Operations": NaN,
        "Pretax Income": NaN,
        "Other Income Expense": NaN,
        "Other Non Operating Income Expenses": NaN,
        "Special Income Charges": NaN,
        "Other Special Charges": NaN,
        "Net Non Operating Interest Income Expense": NaN,
        "Interest Expense Non Operating": NaN,
        "Interest Income Non Operating": NaN,
        "Operating Income": NaN,
        "Operating Expense": NaN,
        "Research And Development": NaN,
        "Selling General And Administration": NaN,
        "Gross Profit": NaN,
        "Cost Of Revenue": NaN,
        "Total Revenue": NaN,
        "Operating Revenue": NaN
    },
    "2023-09-30": {
        "Tax Effect Of Unusual Items": 0.0,
        "Tax Rate For Calcs": 0.0,
        "Normalized EBITDA": -13574000.0,
        "Total Unusual Items": 0.0,
        "Total Unusual Items Excluding Goodwill": 0.0,
        "Net Income From Continuing Operation Net Minority Interest": -15634000.0,
        "Reconciled Depreciation": -196000.0,
        "Reconciled Cost Of Revenue": 1079000.0,
        "EBITDA": -13574000.0,
        "EBIT": -13574000.0,
        "Net Interest Income": -759000.0,
        "Interest Expense": 2060000.0,
        "Interest Income": 1301000.0,
        "Normalized Income": -15634000.0,
        "Net Income From Continuing And Discontinued Operation": -15634000.0,
        "Total Expenses": 18635000.0,
        "Total Operating Income As Reported": -14839000.0,
        "Diluted Average Shares": 38760895.0,
        "Basic Average Shares": 38760895.0,
        "Diluted EPS": -0.41,
        "Basic EPS": -0.41,
        "Diluted NI Availto Com Stockholders": -15634000.0,
        "Net Income Common Stockholders": -15634000.0,
        "Net Income": -15634000.0,
        "Net Income Including Noncontrolling Interests": -15634000.0,
        "Net Income Continuous Operations": -15634000.0,
        "Pretax Income": -15634000.0,
        "Other Income Expense": -36000.0,
        "Other Non Operating Income Expenses": -36000.0,
        "Special Income Charges": 0.0,
        "Other Special Charges": NaN,
        "Net Non Operating Interest Income Expense": -759000.0,
        "Interest Expense Non Operating": 2060000.0,
        "Interest Income Non Operating": 1301000.0,
        "Operating Income": -14839000.0,
        "Operating Expense": 17556000.0,
        "Research And Development": 3421000.0,
        "Selling General And Administration": 14135000.0,
        "Gross Profit": 2717000.0,
        "Cost Of Revenue": 1079000.0,
        "Total Revenue": 3796000.0,
        "Operating Revenue": 3796000.0
    },
    "2023-12-31": {
        "Tax Effect Of Unusual Items": 0.0,
        "Tax Rate For Calcs": 0.0,
        "Normalized EBITDA": -11580000.0,
        "Total Unusual Items": NaN,
        "Total Unusual Items Excluding Goodwill": NaN,
        "Net Income From Continuing Operation Net Minority Interest": -13812000.0,
        "Reconciled Depreciation": 140000.0,
        "Reconciled Cost Of Revenue": 1773000.0,
        "EBITDA": -11580000.0,
        "EBIT": -11720000.0,
        "Net Interest Income": -967000.0,
        "Interest Expense": 2092000.0,
        "Interest Income": 1125000.0,
        "Normalized Income": -13812000.0,
        "Net Income From Continuing And Discontinued Operation": -13812000.0,
        "Total Expenses": 21353000.0,
        "Total Operating Income As Reported": -15257000.0,
        "Diluted Average Shares": NaN,
        "Basic Average Shares": NaN,
        "Diluted EPS": NaN,
        "Basic EPS": NaN,
        "Diluted NI Availto Com Stockholders": -13812000.0,
        "Net Income Common Stockholders": -13812000.0,
        "Net Income": -13812000.0,
        "Net Income Including Noncontrolling Interests": -13812000.0,
        "Net Income Continuous Operations": -13812000.0,
        "Pretax Income": -13812000.0,
        "Other Income Expense": 2412000.0,
        "Other Non Operating Income Expenses": 2412000.0,
        "Special Income Charges": NaN,
        "Other Special Charges": NaN,
        "Net Non Operating Interest Income Expense": -967000.0,
        "Interest Expense Non Operating": 2092000.0,
        "Interest Income Non Operating": 1125000.0,
        "Operating Income": -15257000.0,
        "Operating Expense": 19580000.0,
        "Research And Development": 3338000.0,
        "Selling General And Administration": 16242000.0,
        "Gross Profit": 4323000.0,
        "Cost Of Revenue": 1773000.0,
        "Total Revenue": 6096000.0,
        "Operating Revenue": 6096000.0
    },
    "2024-03-31": {
        "Tax Effect Of Unusual Items": 0.0,
        "Tax Rate For Calcs": 0.0,
        "Normalized EBITDA": -11956000.0,
        "Total Unusual Items": NaN,
        "Total Unusual Items Excluding Goodwill": NaN,
        "Net Income From Continuing Operation Net Minority Interest": -14108000.0,
        "Reconciled Depreciation": 51000.0,
        "Reconciled Cost Of Revenue": 1785000.0,
        "EBITDA": -11956000.0,
        "EBIT": -12007000.0,
        "Net Interest Income": -1224000.0,
        "Interest Expense": 2101000.0,
        "Interest Income": 877000.0,
        "Normalized Income": -14108000.0,
        "Net Income From Continuing And Discontinued Operation": -14108000.0,
        "Total Expenses": 21958000.0,
        "Total Operating Income As Reported": -15856000.0,
        "Diluted Average Shares": 38952131.0,
        "Basic Average Shares": 38952131.0,
        "Diluted EPS": -0.36,
        "Basic EPS": -0.36,
        "Diluted NI Availto Com Stockholders": -14108000.0,
        "Net Income Common Stockholders": -14108000.0,
        "Net Income": -14108000.0,
        "Net Income Including Noncontrolling Interests": -14108000.0,
        "Net Income Continuous Operations": -14108000.0,
        "Pretax Income": -14108000.0,
        "Other Income Expense": 2972000.0,
        "Other Non Operating Income Expenses": 2972000.0,
        "Special Income Charges": NaN,
        "Other Special Charges": NaN,
        "Net Non Operating Interest Income Expense": -1224000.0,
        "Interest Expense Non Operating": 2101000.0,
        "Interest Income Non Operating": 877000.0,
        "Operating Income": -15856000.0,
        "Operating Expense": 20173000.0,
        "Research And Development": 2726000.0,
        "Selling General And Administration": 17447000.0,
        "Gross Profit": 4317000.0,
        "Cost Of Revenue": 1785000.0,
        "Total Revenue": 6102000.0,
        "Operating Revenue": 6102000.0
    },
    "2024-06-30": {
        "Tax Effect Of Unusual Items": 0.0,
        "Tax Rate For Calcs": 0.0,
        "Normalized EBITDA": -14904000.0,
        "Total Unusual Items": NaN,
        "Total Unusual Items Excluding Goodwill": NaN,
        "Net Income From Continuing Operation Net Minority Interest": -17090000.0,
        "Reconciled Depreciation": 52000.0,
        "Reconciled Cost Of Revenue": 2300000.0,
        "EBITDA": -14904000.0,
        "EBIT": -14956000.0,
        "Net Interest Income": -1470000.0,
        "Interest Expense": 2134000.0,
        "Interest Income": 664000.0,
        "Normalized Income": -17090000.0,
        "Net Income From Continuing And Discontinued Operation": -17090000.0,
        "Total Expenses": 22485000.0,
        "Total Operating Income As Reported": -14431000.0,
        "Diluted Average Shares": 38984745.0,
        "Basic Average Shares": 38984745.0,
        "Diluted EPS": -0.44,
        "Basic EPS": -0.44,
        "Diluted NI Availto Com Stockholders": -17090000.0,
        "Net Income Common Stockholders": -17090000.0,
        "Net Income": -17090000.0,
        "Net Income Including Noncontrolling Interests": -17090000.0,
        "Net Income Continuous Operations": -17090000.0,
        "Pretax Income": -17090000.0,
        "Other Income Expense": -1189000.0,
        "Other Non Operating Income Expenses": -1189000.0,
        "Special Income Charges": NaN,
        "Other Special Charges": NaN,
        "Net Non Operating Interest Income Expense": -1470000.0,
        "Interest Expense Non Operating": 2134000.0,
        "Interest Income Non Operating": 664000.0,
        "Operating Income": -14431000.0,
        "Operating Expense": 20185000.0,
        "Research And Development": 2677000.0,
        "Selling General And Administration": 17508000.0,
        "Gross Profit": 5754000.0,
        "Cost Of Revenue": 2300000.0,
        "Total Revenue": 8054000.0,
        "Operating Revenue": 8054000.0
    },
    "2024-09-30": {
        "Tax Effect Of Unusual Items": 0.0,
        "Tax Rate For Calcs": 0.0,
        "Normalized EBITDA": -20223000.0,
        "Total Unusual Items": -13032000.0,
        "Total Unusual Items Excluding Goodwill": -13032000.0,
        "Net Income From Continuing Operation Net Minority Interest": -35105000.0,
        "Reconciled Depreciation": -87000.0,
        "Reconciled Cost Of Revenue": 3311000.0,
        "EBITDA": -33255000.0,
        "EBIT": -33255000.0,
        "Net Interest Income": -947000.0,
        "Interest Expense": 1850000.0,
        "Interest Income": 903000.0,
        "Normalized Income": -22073000.0,
        "Net Income From Continuing And Discontinued Operation": -35105000.0,
        "Total Expenses": 28172000.0,
        "Total Operating Income As Reported": -18146000.0,
        "Diluted Average Shares": 46558474.0,
        "Basic Average Shares": 46558474.0,
        "Diluted EPS": -0.75,
        "Basic EPS": -0.75,
        "Diluted NI Availto Com Stockholders": -35105000.0,
        "Net Income Common Stockholders": -35105000.0,
        "Net Income": -35105000.0,
        "Net Income Including Noncontrolling Interests": -35105000.0,
        "Net Income Continuous Operations": -35105000.0,
        "Pretax Income": -35105000.0,
        "Other Income Expense": -16012000.0,
        "Other Non Operating Income Expenses": -2980000.0,
        "Special Income Charges": -13032000.0,
        "Other Special Charges": 13032000.0,
        "Net Non Operating Interest Income Expense": -947000.0,
        "Interest Expense Non Operating": 1850000.0,
        "Interest Income Non Operating": 903000.0,
        "Operating Income": -18146000.0,
        "Operating Expense": 24861000.0,
        "Research And Development": 3541000.0,
        "Selling General And Administration": 21320000.0,
        "Gross Profit": 6715000.0,
        "Cost Of Revenue": 3311000.0,
        "Total Revenue": 10026000.0,
        "Operating Revenue": 10026000.0
    }
}