{
    "2023-03-31": {
        "Tax Effect Of Unusual Items": 0.0,
        "Tax Rate For Calcs": 0.0,
        "Normalized EBITDA": -10199000.0,
        "Total Unusual Items": -22079000.0,
        "Total Unusual Items Excluding Goodwill": -22079000.0,
        "Net Income From Continuing Operation Net Minority Interest": -33876000.0,
        "Reconciled Depreciation": 151000.0,
        "Reconciled Cost Of Revenue": 137000.0,
        "EBITDA": -32278000.0,
        "EBIT": -32429000.0,
        "Net Interest Income": -1115000.0,
        "Interest Expense": 1447000.0,
        "Interest Income": 587000.0,
        "Normalized Income": -11797000.0,
        "Net Income From Continuing And Discontinued Operation": -33876000.0,
        "Total Expenses": 11812000.0,
        "Total Operating Income As Reported": -10682000.0,
        "Diluted Average Shares": 47757246.0,
        "Basic Average Shares": 47757246.0,
        "Diluted EPS": -0.71,
        "Basic EPS": -0.71,
        "Diluted NI Availto Com Stockholders": -33876000.0,
        "Average Dilution Earnings": 0.0,
        "Net Income Common Stockholders": -33876000.0,
        "Net Income": -33876000.0,
        "Net Income Including Noncontrolling Interests": -33876000.0,
        "Net Income Continuous Operations": -33876000.0,
        "Tax Provision": 0.0,
        "Pretax Income": -33876000.0,
        "Other Income Expense": -22079000.0,
        "Special Income Charges": NaN,
        "Gain On Sale Of Security": -22079000.0,
        "Net Non Operating Interest Income Expense": -1115000.0,
        "Total Other Finance Cost": 255000.0,
        "Interest Expense Non Operating": 1447000.0,
        "Interest Income Non Operating": 587000.0,
        "Operating Income": -10682000.0,
        "Operating Expense": 11675000.0,
        "Research And Development": 6835000.0,
        "Selling General And Administration": 4840000.0,
        "Gross Profit": 993000.0,
        "Cost Of Revenue": 137000.0,
        "Total Revenue": 1130000.0,
        "Operating Revenue": 1130000.0
    },
    "2022-12-31": {
        "Tax Effect Of Unusual Items": NaN,
        "Tax Rate For Calcs": NaN,
        "Normalized EBITDA": NaN,
        "Total Unusual Items": NaN,
        "Total Unusual Items Excluding Goodwill": NaN,
        "Net Income From Continuing Operation Net Minority Interest": NaN,
        "Reconciled Depreciation": NaN,
        "Reconciled Cost Of Revenue": NaN,
        "EBITDA": NaN,
        "EBIT": NaN,
        "Net Interest Income": NaN,
        "Interest Expense": NaN,
        "Interest Income": NaN,
        "Normalized Income": NaN,
        "Net Income From Continuing And Discontinued Operation": NaN,
        "Total Expenses": NaN,
        "Total Operating Income As Reported": NaN,
        "Diluted Average Shares": NaN,
        "Basic Average Shares": NaN,
        "Diluted EPS": NaN,
        "Basic EPS": NaN,
        "Diluted NI Availto Com Stockholders": NaN,
        "Average Dilution Earnings": NaN,
        "Net Income Common Stockholders": NaN,
        "Net Income": NaN,
        "Net Income Including Noncontrolling Interests": NaN,
        "Net Income Continuous Operations": NaN,
        "Tax Provision": NaN,
        "Pretax Income": NaN,
        "Other Income Expense": NaN,
        "Special Income Charges": 0.0,
        "Gain On Sale Of Security": NaN,
        "Net Non Operating Interest Income Expense": NaN,
        "Total Other Finance Cost": NaN,
        "Interest Expense Non Operating": NaN,
        "Interest Income Non Operating": NaN,
        "Operating Income": NaN,
        "Operating Expense": NaN,
        "Research And Development": NaN,
        "Selling General And Administration": NaN,
        "Gross Profit": NaN,
        "Cost Of Revenue": NaN,
        "Total Revenue": NaN,
        "Operating Revenue": NaN
    },
    "2022-09-30": {
        "Tax Effect Of Unusual Items": NaN,
        "Tax Rate For Calcs": NaN,
        "Normalized EBITDA": NaN,
        "Total Unusual Items": NaN,
        "Total Unusual Items Excluding Goodwill": NaN,
        "Net Income From Continuing Operation Net Minority Interest": NaN,
        "Reconciled Depreciation": NaN,
        "Reconciled Cost Of Revenue": NaN,
        "EBITDA": NaN,
        "EBIT": NaN,
        "Net Interest Income": NaN,
        "Interest Expense": NaN,
        "Interest Income": NaN,
        "Normalized Income": NaN,
        "Net Income From Continuing And Discontinued Operation": NaN,
        "Total Expenses": NaN,
        "Total Operating Income As Reported": NaN,
        "Diluted Average Shares": 47503821.0,
        "Basic Average Shares": 47503821.0,
        "Diluted EPS": -0.62,
        "Basic EPS": -0.62,
        "Diluted NI Availto Com Stockholders": NaN,
        "Average Dilution Earnings": 0.0,
        "Net Income Common Stockholders": NaN,
        "Net Income": NaN,
        "Net Income Including Noncontrolling Interests": NaN,
        "Net Income Continuous Operations": NaN,
        "Tax Provision": NaN,
        "Pretax Income": NaN,
        "Other Income Expense": NaN,
        "Special Income Charges": 0.0,
        "Gain On Sale Of Security": NaN,
        "Net Non Operating Interest Income Expense": NaN,
        "Total Other Finance Cost": NaN,
        "Interest Expense Non Operating": NaN,
        "Interest Income Non Operating": NaN,
        "Operating Income": NaN,
        "Operating Expense": NaN,
        "Research And Development": NaN,
        "Selling General And Administration": NaN,
        "Gross Profit": NaN,
        "Cost Of Revenue": NaN,
        "Total Revenue": NaN,
        "Operating Revenue": NaN
    },
    "2022-06-30": {
        "Tax Effect Of Unusual Items": 0.0,
        "Tax Rate For Calcs": 0.0,
        "Normalized EBITDA": -21832000.0,
        "Total Unusual Items": 9864000.0,
        "Total Unusual Items Excluding Goodwill": 9864000.0,
        "Net Income From Continuing Operation Net Minority Interest": -13345000.0,
        "Reconciled Depreciation": 146000.0,
        "Reconciled Cost Of Revenue": 144000.0,
        "EBITDA": -11968000.0,
        "EBIT": -12114000.0,
        "Net Interest Income": -1471000.0,
        "Interest Expense": 1231000.0,
        "Interest Income": 181000.0,
        "Normalized Income": -23209000.0,
        "Net Income From Continuing And Discontinued Operation": -13345000.0,
        "Total Expenses": 23061000.0,
        "Total Operating Income As Reported": -21738000.0,
        "Diluted Average Shares": 43285232.0,
        "Basic Average Shares": 43285232.0,
        "Diluted EPS": -0.31,
        "Basic EPS": -0.31,
        "Diluted NI Availto Com Stockholders": -13345000.0,
        "Average Dilution Earnings": 0.0,
        "Net Income Common Stockholders": -13345000.0,
        "Net Income": -13345000.0,
        "Net Income Including Noncontrolling Interests": -13345000.0,
        "Net Income Continuous Operations": -13345000.0,
        "Tax Provision": 0.0,
        "Pretax Income": -13345000.0,
        "Other Income Expense": 9864000.0,
        "Special Income Charges": 0.0,
        "Gain On Sale Of Security": 9864000.0,
        "Net Non Operating Interest Income Expense": -1471000.0,
        "Total Other Finance Cost": 421000.0,
        "Interest Expense Non Operating": 1231000.0,
        "Interest Income Non Operating": 181000.0,
        "Operating Income": -21738000.0,
        "Operating Expense": 22917000.0,
        "Research And Development": 7131000.0,
        "Selling General And Administration": 15786000.0,
        "Gross Profit": 1179000.0,
        "Cost Of Revenue": 144000.0,
        "Total Revenue": 1323000.0,
        "Operating Revenue": 1323000.0
    },
    "2022-03-31": {
        "Diluted EPS": -0.18,
        "Total Revenue": 1,
        "Gross Profit": 1,
        "Operating Income": -20,
        "EBIT": -19,
        "Net Income": -5
    },
    "2021-12-31": {
        "Diluted EPS": -0.74,
        "Total Revenue": 1,
        "Gross Profit": 0,
        "Operating Income": -22,
        "EBIT": -22,
        "Net Income": -22
    },
    "2021-09-30": {
        "Diluted EPS": -0.06,
        "Total Revenue": 1,
        "Gross Profit": 0,
        "Operating Income": -19,
        "EBIT": -19,
        "Net Income": -1
    },
    "2021-06-30": {
        "Diluted EPS": -0.22,
        "Total Revenue": NaN,
        "Gross Profit": NaN,
        "Operating Income": -18,
        "EBIT": -17,
        "Net Income": -6
    },
    "2021-03-31": {
        "Diluted EPS": -0.23,
        "Total Revenue": 12,
        "Gross Profit": 12,
        "Operating Income": -2,
        "EBIT": -1,
        "Net Income": -5
    },
    "2020-12-31": {
        "Diluted EPS": -3.51,
        "Total Revenue": NaN,
        "Gross Profit": NaN,
        "Operating Income": -15,
        "EBIT": -15,
        "Net Income": -43
    },
    "2020-09-30": {
        "Diluted EPS": -0.28,
        "Total Revenue": NaN,
        "Gross Profit": NaN,
        "Operating Income": -12,
        "EBIT": -11,
        "Net Income": 1
    },
    "2020-06-30": {
        "Diluted EPS": -0.64,
        "Total Revenue": NaN,
        "Gross Profit": NaN,
        "Operating Income": -12,
        "EBIT": -11,
        "Net Income": -6
    },
    "2020-03-31": {
        "Diluted EPS": -0.72,
        "Total Revenue": NaN,
        "Gross Profit": NaN,
        "Operating Income": -12,
        "EBIT": -12,
        "Net Income": -7
    },
    "2019-12-31": {
        "Diluted EPS": -1.95,
        "Total Revenue": 0,
        "Gross Profit": 0,
        "Operating Income": -14,
        "EBIT": -14,
        "Net Income": -14
    },
    "2019-09-30": {
        "Diluted EPS": -1.45,
        "Total Revenue": NaN,
        "Gross Profit": NaN,
        "Operating Income": -12,
        "EBIT": -11,
        "Net Income": -8
    },
    "2019-06-30": {
        "Diluted EPS": -1.58,
        "Total Revenue": 0,
        "Gross Profit": 0,
        "Operating Income": -11,
        "EBIT": -11,
        "Net Income": -8
    },
    "2019-03-31": {
        "Diluted EPS": -4.6,
        "Total Revenue": 0,
        "Gross Profit": 0,
        "Operating Income": -12,
        "EBIT": -12,
        "Net Income": -23
    },
    "2018-12-31": {
        "Diluted EPS": 0.6,
        "Total Revenue": 0,
        "Gross Profit": 0,
        "Operating Income": -9,
        "EBIT": -9,
        "Net Income": 2
    },
    "2018-09-30": {
        "Diluted EPS": 0.1,
        "Total Revenue": 0,
        "Gross Profit": 0,
        "Operating Income": -6,
        "EBIT": -6,
        "Net Income": 0
    },
    "2018-06-30": {
        "Diluted EPS": -2.3,
        "Total Revenue": 0,
        "Gross Profit": 0,
        "Operating Income": -8,
        "EBIT": -8,
        "Net Income": -11
    },
    "2018-03-31": {
        "Diluted EPS": -1.2,
        "Total Revenue": 0,
        "Gross Profit": 0,
        "Operating Income": -7,
        "EBIT": -7,
        "Net Income": -4
    },
    "2017-12-31": {
        "Diluted EPS": -2.2,
        "Total Revenue": 0,
        "Gross Profit": 0,
        "Operating Income": -7,
        "EBIT": -7,
        "Net Income": -6
    },
    "2017-09-30": {
        "Diluted EPS": -3.1,
        "Total Revenue": 0,
        "Gross Profit": 0,
        "Operating Income": -6,
        "EBIT": -6,
        "Net Income": -8
    },
    "2017-06-30": {
        "Diluted EPS": -1.6,
        "Total Revenue": 0,
        "Gross Profit": 0,
        "Operating Income": -7,
        "EBIT": -7,
        "Net Income": -4
    },
    "2017-03-31": {
        "Diluted EPS": -2.5,
        "Total Revenue": 0,
        "Gross Profit": 0,
        "Operating Income": -6,
        "EBIT": -6,
        "Net Income": -6
    },
    "2016-12-31": {
        "Diluted EPS": -0.2,
        "Total Revenue": 0,
        "Gross Profit": 0,
        "Operating Income": -6,
        "EBIT": -6,
        "Net Income": -3
    },
    "2016-09-30": {
        "Diluted EPS": -4.8,
        "Total Revenue": 0,
        "Gross Profit": 0,
        "Operating Income": -7,
        "EBIT": -7,
        "Net Income": -11
    },
    "2016-06-30": {
        "Diluted EPS": -5.6,
        "Total Revenue": 0,
        "Gross Profit": 0,
        "Operating Income": -8,
        "EBIT": -8,
        "Net Income": -8
    },
    "2016-03-31": {
        "Diluted EPS": -5.2,
        "Total Revenue": 0,
        "Gross Profit": 0,
        "Operating Income": -7,
        "EBIT": -7,
        "Net Income": -7
    },
    "2015-12-31": {
        "Diluted EPS": -5.5,
        "Total Revenue": 0,
        "Gross Profit": 0,
        "Operating Income": -8,
        "EBIT": -8,
        "Net Income": -8
    },
    "2015-09-30": {
        "Diluted EPS": -6.0,
        "Total Revenue": 0,
        "Gross Profit": 0,
        "Operating Income": -8,
        "EBIT": -8,
        "Net Income": -8
    },
    "2015-06-30": {
        "Diluted EPS": -7.8,
        "Total Revenue": 0,
        "Gross Profit": 0,
        "Operating Income": -6,
        "EBIT": -6,
        "Net Income": -9
    },
    "2015-03-31": {
        "Diluted EPS": -7.5,
        "Total Revenue": 0,
        "Gross Profit": 0,
        "Operating Income": -6,
        "EBIT": -6,
        "Net Income": -6
    },
    "2014-12-31": {
        "Diluted EPS": 53.1,
        "Total Revenue": -4,
        "Gross Profit": -4,
        "Operating Income": -4,
        "EBIT": -4,
        "Net Income": -3
    },
    "2014-09-30": {
        "Diluted EPS": -4.5,
        "Total Revenue": 0,
        "Gross Profit": 0,
        "Operating Income": -5,
        "EBIT": -4,
        "Net Income": -4
    },
    "2014-06-30": {
        "Diluted EPS": -9.8,
        "Total Revenue": 0,
        "Gross Profit": 0,
        "Operating Income": -4,
        "EBIT": -3,
        "Net Income": 2
    },
    "2014-03-31": {
        "Diluted EPS": -65.7,
        "Total Revenue": 5,
        "Gross Profit": 1,
        "Operating Income": -2,
        "EBIT": -1,
        "Net Income": -1
    },
    "2013-12-31": {
        "Diluted EPS": NaN,
        "Total Revenue": 4,
        "Gross Profit": 0,
        "Operating Income": -3,
        "EBIT": -1,
        "Net Income": -22
    },
    "2013-09-30": {
        "Diluted EPS": -117.9,
        "Total Revenue": 4,
        "Gross Profit": 0,
        "Operating Income": -2,
        "EBIT": -1,
        "Net Income": -4
    },
    "2013-06-30": {
        "Diluted EPS": -80.5,
        "Total Revenue": 4,
        "Gross Profit": 0,
        "Operating Income": -2,
        "EBIT": 0,
        "Net Income": -3
    },
    "2013-03-31": {
        "Diluted EPS": -61.6,
        "Total Revenue": 5,
        "Gross Profit": 1,
        "Operating Income": -1,
        "EBIT": 0,
        "Net Income": -2
    },
    "2012-12-31": {
        "Diluted EPS": 0.0,
        "Total Revenue": NaN,
        "Gross Profit": NaN,
        "Operating Income": NaN,
        "EBIT": NaN,
        "Net Income": NaN
    },
    "2023-06-30": {
        "Tax Effect Of Unusual Items": 0.0,
        "Tax Rate For Calcs": 0.0,
        "Normalized EBITDA": 115406000.0,
        "Total Unusual Items": 8256000.0,
        "Total Unusual Items Excluding Goodwill": 8256000.0,
        "Net Income From Continuing Operation Net Minority Interest": 122260000.0,
        "Reconciled Depreciation": 153000.0,
        "Reconciled Cost Of Revenue": 426000.0,
        "EBITDA": 123662000.0,
        "EBIT": 123509000.0,
        "Net Interest Income": -2510000.0,
        "Interest Expense": 1249000.0,
        "Interest Income": 737000.0,
        "Normalized Income": 114004000.0,
        "Net Income From Continuing And Discontinued Operation": 122260000.0,
        "Total Expenses": 14940000.0,
        "Total Operating Income As Reported": 116514000.0,
        "Diluted Average Shares": 49923361.0,
        "Basic Average Shares": 47837393.0,
        "Diluted EPS": 2.46,
        "Basic EPS": 2.56,
        "Diluted NI Availto Com Stockholders": 122693000.0,
        "Average Dilution Earnings": 433000.0,
        "Net Income Common Stockholders": 122260000.0,
        "Net Income": 122260000.0,
        "Net Income Including Noncontrolling Interests": 122260000.0,
        "Net Income Continuous Operations": 122260000.0,
        "Tax Provision": 0.0,
        "Pretax Income": 122260000.0,
        "Other Income Expense": 8256000.0,
        "Special Income Charges": NaN,
        "Gain On Sale Of Security": 8256000.0,
        "Net Non Operating Interest Income Expense": -2510000.0,
        "Total Other Finance Cost": 1998000.0,
        "Interest Expense Non Operating": 1249000.0,
        "Interest Income Non Operating": 737000.0,
        "Operating Income": 116514000.0,
        "Operating Expense": 14514000.0,
        "Research And Development": 7040000.0,
        "Selling General And Administration": 7474000.0,
        "Gross Profit": 131028000.0,
        "Cost Of Revenue": 426000.0,
        "Total Revenue": 131454000.0,
        "Operating Revenue": 131454000.0
    },
    "2023-09-30": {
        "Tax Effect Of Unusual Items": 0.0,
        "Tax Rate For Calcs": 0.0,
        "Normalized EBITDA": -9048000.0,
        "Total Unusual Items": 7650000.0,
        "Total Unusual Items Excluding Goodwill": 7650000.0,
        "Net Income From Continuing Operation Net Minority Interest": -1757000.0,
        "Reconciled Depreciation": 147000.0,
        "Reconciled Cost Of Revenue": 379000.0,
        "EBITDA": -1398000.0,
        "EBIT": -1545000.0,
        "Net Interest Income": 691000.0,
        "Interest Expense": 212000.0,
        "Interest Income": 1263000.0,
        "Normalized Income": -9407000.0,
        "Net Income From Continuing And Discontinued Operation": -1757000.0,
        "Total Expenses": 11859000.0,
        "Total Operating Income As Reported": -10098000.0,
        "Diluted Average Shares": 47891996.0,
        "Basic Average Shares": 47891996.0,
        "Diluted EPS": -0.04,
        "Basic EPS": -0.04,
        "Diluted NI Availto Com Stockholders": -1757000.0,
        "Average Dilution Earnings": 0.0,
        "Net Income Common Stockholders": -1757000.0,
        "Net Income": -1757000.0,
        "Net Income Including Noncontrolling Interests": -1757000.0,
        "Net Income Continuous Operations": -1757000.0,
        "Tax Provision": 0.0,
        "Pretax Income": -1757000.0,
        "Other Income Expense": 7650000.0,
        "Special Income Charges": NaN,
        "Gain On Sale Of Security": 7650000.0,
        "Net Non Operating Interest Income Expense": 691000.0,
        "Total Other Finance Cost": 360000.0,
        "Interest Expense Non Operating": 212000.0,
        "Interest Income Non Operating": 1263000.0,
        "Operating Income": -10098000.0,
        "Operating Expense": 11480000.0,
        "Research And Development": 6466000.0,
        "Selling General And Administration": 5014000.0,
        "Gross Profit": 1382000.0,
        "Cost Of Revenue": 379000.0,
        "Total Revenue": 1761000.0,
        "Operating Revenue": 1761000.0
    },
    "2023-12-31": {
        "Tax Effect Of Unusual Items": 599130.0,
        "Tax Rate For Calcs": 0.21,
        "Normalized EBITDA": -21950000.0,
        "Total Unusual Items": 2853000.0,
        "Total Unusual Items Excluding Goodwill": 2853000.0,
        "Net Income From Continuing Operation Net Minority Interest": -19586000.0,
        "Reconciled Depreciation": 129000.0,
        "Reconciled Cost Of Revenue": 14684000.0,
        "EBITDA": -19097000.0,
        "EBIT": -19226000.0,
        "Net Interest Income": 764000.0,
        "Interest Expense": 222000.0,
        "Interest Income": 1364000.0,
        "Normalized Income": -21839870.0,
        "Net Income From Continuing And Discontinued Operation": -19586000.0,
        "Total Expenses": 28862000.0,
        "Total Operating Income As Reported": -23065000.0,
        "Diluted Average Shares": NaN,
        "Basic Average Shares": NaN,
        "Diluted EPS": NaN,
        "Basic EPS": NaN,
        "Diluted NI Availto Com Stockholders": -21023000.0,
        "Average Dilution Earnings": NaN,
        "Net Income Common Stockholders": -19586000.0,
        "Net Income": -19586000.0,
        "Net Income Including Noncontrolling Interests": -19586000.0,
        "Net Income Continuous Operations": -19586000.0,
        "Tax Provision": 138000.0,
        "Pretax Income": -19448000.0,
        "Other Income Expense": 2853000.0,
        "Special Income Charges": NaN,
        "Gain On Sale Of Security": 2853000.0,
        "Net Non Operating Interest Income Expense": 764000.0,
        "Total Other Finance Cost": 378000.0,
        "Interest Expense Non Operating": 222000.0,
        "Interest Income Non Operating": 1364000.0,
        "Operating Income": -23065000.0,
        "Operating Expense": 14178000.0,
        "Research And Development": 10586000.0,
        "Selling General And Administration": 3592000.0,
        "Gross Profit": -8887000.0,
        "Cost Of Revenue": 14684000.0,
        "Total Revenue": 5797000.0,
        "Operating Revenue": 5797000.0
    },
    "2024-03-31": {
        "Tax Effect Of Unusual Items": 3910400.0,
        "Tax Rate For Calcs": 0.4,
        "Normalized EBITDA": -8629000.0,
        "Total Unusual Items": 9776000.0,
        "Total Unusual Items Excluding Goodwill": 9776000.0,
        "Net Income From Continuing Operation Net Minority Interest": 411000.0,
        "Reconciled Depreciation": 0.0,
        "Reconciled Cost Of Revenue": 0.0,
        "EBITDA": 1147000.0,
        "EBIT": 1147000.0,
        "Net Interest Income": 674000.0,
        "Interest Expense": 205000.0,
        "Interest Income": 1280000.0,
        "Normalized Income": -5454600.0,
        "Net Income From Continuing And Discontinued Operation": 411000.0,
        "Total Expenses": 10881000.0,
        "Total Operating Income As Reported": -9508000.0,
        "Diluted Average Shares": 48565051.0,
        "Basic Average Shares": 48245559.0,
        "Diluted EPS": 0.01,
        "Basic EPS": 0.01,
        "Diluted NI Availto Com Stockholders": 411000.0,
        "Average Dilution Earnings": NaN,
        "Net Income Common Stockholders": 411000.0,
        "Net Income": 411000.0,
        "Net Income Including Noncontrolling Interests": 411000.0,
        "Net Income Continuous Operations": 411000.0,
        "Tax Provision": 531000.0,
        "Pretax Income": 942000.0,
        "Other Income Expense": 9776000.0,
        "Special Income Charges": NaN,
        "Gain On Sale Of Security": 9776000.0,
        "Net Non Operating Interest Income Expense": 674000.0,
        "Total Other Finance Cost": 401000.0,
        "Interest Expense Non Operating": 205000.0,
        "Interest Income Non Operating": 1280000.0,
        "Operating Income": -9508000.0,
        "Operating Expense": 10881000.0,
        "Research And Development": 7212000.0,
        "Selling General And Administration": 3669000.0,
        "Gross Profit": 1373000.0,
        "Cost Of Revenue": 0.0,
        "Total Revenue": 1373000.0,
        "Operating Revenue": 1373000.0
    }
}