{
    "2023-03-31": {
        "Tax Effect Of Unusual Items": NaN,
        "Tax Rate For Calcs": NaN,
        "Normalized EBITDA": NaN,
        "Total Unusual Items": NaN,
        "Total Unusual Items Excluding Goodwill": NaN,
        "Net Income From Continuing Operation Net Minority Interest": NaN,
        "Reconciled Depreciation": NaN,
        "Reconciled Cost Of Revenue": NaN,
        "EBITDA": NaN,
        "EBIT": NaN,
        "Net Interest Income": NaN,
        "Normalized Income": NaN,
        "Net Income From Continuing And Discontinued Operation": NaN,
        "Total Expenses": NaN,
        "Total Operating Income As Reported": NaN,
        "Diluted Average Shares": NaN,
        "Basic Average Shares": NaN,
        "Diluted EPS": NaN,
        "Basic EPS": NaN,
        "Diluted NI Availto Com Stockholders": NaN,
        "Average Dilution Earnings": 0.0,
        "Net Income Common Stockholders": NaN,
        "Net Income": NaN,
        "Net Income Including Noncontrolling Interests": NaN,
        "Net Income Continuous Operations": NaN,
        "Tax Provision": NaN,
        "Pretax Income": NaN,
        "Other Income Expense": NaN,
        "Other Non Operating Income Expenses": NaN,
        "Special Income Charges": NaN,
        "Restructuring And Mergern Acquisition": NaN,
        "Gain On Sale Of Security": 1447000.0,
        "Net Non Operating Interest Income Expense": NaN,
        "Total Other Finance Cost": NaN,
        "Operating Income": NaN,
        "Operating Expense": NaN,
        "Other Operating Expenses": NaN,
        "Selling General And Administration": NaN,
        "General And Administrative Expense": NaN,
        "Other Gand A": NaN,
        "Gross Profit": NaN,
        "Cost Of Revenue": NaN,
        "Total Revenue": NaN,
        "Operating Revenue": NaN
    },
    "2022-12-31": {
        "Tax Effect Of Unusual Items": NaN,
        "Tax Rate For Calcs": NaN,
        "Normalized EBITDA": NaN,
        "Total Unusual Items": NaN,
        "Total Unusual Items Excluding Goodwill": NaN,
        "Net Income From Continuing Operation Net Minority Interest": NaN,
        "Reconciled Depreciation": NaN,
        "Reconciled Cost Of Revenue": NaN,
        "EBITDA": NaN,
        "EBIT": NaN,
        "Net Interest Income": NaN,
        "Interest Expense": 25000.0,
        "Normalized Income": NaN,
        "Net Income From Continuing And Discontinued Operation": NaN,
        "Total Expenses": NaN,
        "Total Operating Income As Reported": NaN,
        "Diluted Average Shares": NaN,
        "Basic Average Shares": NaN,
        "Diluted EPS": NaN,
        "Basic EPS": NaN,
        "Diluted NI Availto Com Stockholders": NaN,
        "Average Dilution Earnings": NaN,
        "Net Income Common Stockholders": NaN,
        "Net Income": NaN,
        "Net Income Including Noncontrolling Interests": NaN,
        "Net Income Continuous Operations": NaN,
        "Tax Provision": NaN,
        "Pretax Income": NaN,
        "Other Income Expense": NaN,
        "Other Non Operating Income Expenses": NaN,
        "Special Income Charges": NaN,
        "Gain On Sale Of Ppe": 0.0,
        "Restructuring And Mergern Acquisition": NaN,
        "Gain On Sale Of Security": 2781000.0,
        "Net Non Operating Interest Income Expense": NaN,
        "Total Other Finance Cost": NaN,
        "Interest Expense Non Operating": 25000.0,
        "Operating Income": NaN,
        "Operating Expense": NaN,
        "Other Operating Expenses": NaN,
        "Selling General And Administration": NaN,
        "General And Administrative Expense": NaN,
        "Other Gand A": NaN,
        "Gross Profit": NaN,
        "Cost Of Revenue": NaN,
        "Total Revenue": NaN,
        "Operating Revenue": NaN
    },
    "2022-09-30": {
        "Tax Effect Of Unusual Items": NaN,
        "Tax Rate For Calcs": NaN,
        "Normalized EBITDA": NaN,
        "Total Unusual Items": NaN,
        "Total Unusual Items Excluding Goodwill": NaN,
        "Net Income From Continuing Operation Net Minority Interest": NaN,
        "Reconciled Depreciation": NaN,
        "Reconciled Cost Of Revenue": NaN,
        "EBITDA": NaN,
        "EBIT": NaN,
        "Net Interest Income": NaN,
        "Interest Expense": 12000.0,
        "Normalized Income": NaN,
        "Net Income From Continuing And Discontinued Operation": NaN,
        "Total Expenses": NaN,
        "Total Operating Income As Reported": NaN,
        "Diluted Average Shares": 37150000.0,
        "Basic Average Shares": 36797000.0,
        "Diluted EPS": 1.45,
        "Basic EPS": 1.46,
        "Diluted NI Availto Com Stockholders": NaN,
        "Average Dilution Earnings": NaN,
        "Net Income Common Stockholders": NaN,
        "Net Income": NaN,
        "Net Income Including Noncontrolling Interests": NaN,
        "Net Income Continuous Operations": NaN,
        "Tax Provision": NaN,
        "Pretax Income": NaN,
        "Other Income Expense": NaN,
        "Other Non Operating Income Expenses": NaN,
        "Special Income Charges": NaN,
        "Gain On Sale Of Ppe": 0.0,
        "Restructuring And Mergern Acquisition": NaN,
        "Gain On Sale Of Security": 4258000.0,
        "Net Non Operating Interest Income Expense": NaN,
        "Total Other Finance Cost": 12000.0,
        "Interest Expense Non Operating": 12000.0,
        "Operating Income": NaN,
        "Operating Expense": NaN,
        "Other Operating Expenses": NaN,
        "Selling General And Administration": NaN,
        "General And Administrative Expense": NaN,
        "Other Gand A": NaN,
        "Gross Profit": NaN,
        "Cost Of Revenue": NaN,
        "Total Revenue": NaN,
        "Operating Revenue": NaN
    },
    "2022-06-30": {
        "Tax Effect Of Unusual Items": 0.0,
        "Tax Rate For Calcs": 0.0,
        "Normalized EBITDA": 53342000.0,
        "Total Unusual Items": -433000.0,
        "Total Unusual Items Excluding Goodwill": -433000.0,
        "Net Income From Continuing Operation Net Minority Interest": 48492000.0,
        "Reconciled Depreciation": 4390000.0,
        "Reconciled Cost Of Revenue": 18700000.0,
        "EBITDA": 52909000.0,
        "EBIT": 48519000.0,
        "Net Interest Income": -27000.0,
        "Interest Expense": 27000.0,
        "Normalized Income": 48925000.0,
        "Net Income From Continuing And Discontinued Operation": 48492000.0,
        "Total Expenses": 20820000.0,
        "Total Operating Income As Reported": 48507000.0,
        "Diluted Average Shares": 37185000.0,
        "Basic Average Shares": 36699000.0,
        "Diluted EPS": 1.3,
        "Basic EPS": 1.32,
        "Diluted NI Availto Com Stockholders": 48492000.0,
        "Average Dilution Earnings": NaN,
        "Net Income Common Stockholders": 48492000.0,
        "Net Income": 48492000.0,
        "Net Income Including Noncontrolling Interests": 48492000.0,
        "Net Income Continuous Operations": 48492000.0,
        "Tax Provision": 0.0,
        "Pretax Income": 48492000.0,
        "Other Income Expense": -421000.0,
        "Other Non Operating Income Expenses": 12000.0,
        "Special Income Charges": -433000.0,
        "Gain On Sale Of Ppe": 0.0,
        "Restructuring And Mergern Acquisition": 433000.0,
        "Gain On Sale Of Security": NaN,
        "Net Non Operating Interest Income Expense": -27000.0,
        "Total Other Finance Cost": NaN,
        "Interest Expense Non Operating": 27000.0,
        "Operating Income": 48940000.0,
        "Operating Expense": 2120000.0,
        "Other Operating Expenses": -51000.0,
        "Selling General And Administration": 2171000.0,
        "General And Administrative Expense": 2171000.0,
        "Other Gand A": 2171000.0,
        "Gross Profit": 51060000.0,
        "Cost Of Revenue": 18700000.0,
        "Total Revenue": 69760000.0,
        "Operating Revenue": 69760000.0
    },
    "2023-06-30": {
        "Tax Effect Of Unusual Items": NaN,
        "Tax Rate For Calcs": NaN,
        "Normalized EBITDA": NaN,
        "Total Unusual Items": NaN,
        "Total Unusual Items Excluding Goodwill": NaN,
        "Net Income From Continuing Operation Net Minority Interest": NaN,
        "Reconciled Depreciation": NaN,
        "Reconciled Cost Of Revenue": NaN,
        "EBITDA": NaN,
        "EBIT": NaN,
        "Net Interest Income": NaN,
        "Normalized Income": NaN,
        "Net Income From Continuing And Discontinued Operation": NaN,
        "Total Expenses": NaN,
        "Total Operating Income As Reported": NaN,
        "Diluted Average Shares": 37097000.0,
        "Basic Average Shares": 36892000.0,
        "Diluted EPS": 0.45,
        "Basic EPS": 0.45,
        "Diluted NI Availto Com Stockholders": NaN,
        "Net Income Common Stockholders": NaN,
        "Net Income": NaN,
        "Net Income Including Noncontrolling Interests": NaN,
        "Net Income Continuous Operations": NaN,
        "Tax Provision": NaN,
        "Pretax Income": NaN,
        "Other Income Expense": NaN,
        "Other Non Operating Income Expenses": 2000.0,
        "Special Income Charges": NaN,
        "Restructuring And Mergern Acquisition": NaN,
        "Gain On Sale Of Security": NaN,
        "Net Non Operating Interest Income Expense": NaN,
        "Total Other Finance Cost": -2828000.0,
        "Operating Income": NaN,
        "Operating Expense": NaN,
        "Other Operating Expenses": -27000.0,
        "Selling General And Administration": NaN,
        "General And Administrative Expense": NaN,
        "Other Gand A": NaN,
        "Gross Profit": NaN,
        "Cost Of Revenue": NaN,
        "Total Revenue": NaN,
        "Operating Revenue": NaN
    },
    "2023-09-30": {
        "Tax Effect Of Unusual Items": 0.0,
        "Tax Rate For Calcs": 0.0,
        "Normalized EBITDA": 22122000.0,
        "Total Unusual Items": -42000.0,
        "Total Unusual Items Excluding Goodwill": -42000.0,
        "Net Income From Continuing Operation Net Minority Interest": 18670000.0,
        "Reconciled Depreciation": 5854000.0,
        "Reconciled Cost Of Revenue": 19335000.0,
        "EBITDA": 22080000.0,
        "EBIT": 16226000.0,
        "Net Interest Income": 2455000.0,
        "Normalized Income": 18712000.0,
        "Net Income From Continuing And Discontinued Operation": 18670000.0,
        "Total Expenses": 21923000.0,
        "Total Operating Income As Reported": 16184000.0,
        "Diluted Average Shares": 37161000.0,
        "Basic Average Shares": 36969000.0,
        "Diluted EPS": 0.5,
        "Basic EPS": 0.51,
        "Diluted NI Availto Com Stockholders": 18670000.0,
        "Net Income Common Stockholders": 18670000.0,
        "Net Income": 18670000.0,
        "Net Income Including Noncontrolling Interests": 18670000.0,
        "Net Income Continuous Operations": 18670000.0,
        "Tax Provision": 0.0,
        "Pretax Income": 18670000.0,
        "Other Income Expense": -11000.0,
        "Other Non Operating Income Expenses": 31000.0,
        "Special Income Charges": -42000.0,
        "Restructuring And Mergern Acquisition": 42000.0,
        "Gain On Sale Of Security": NaN,
        "Net Non Operating Interest Income Expense": 2455000.0,
        "Total Other Finance Cost": -2455000.0,
        "Operating Income": 16226000.0,
        "Operating Expense": 2588000.0,
        "Other Operating Expenses": -31000.0,
        "Selling General And Administration": 2619000.0,
        "General And Administrative Expense": 2619000.0,
        "Other Gand A": 2619000.0,
        "Gross Profit": 18814000.0,
        "Cost Of Revenue": 19335000.0,
        "Total Revenue": 38149000.0,
        "Operating Revenue": 38149000.0
    },
    "2023-12-31": {
        "Tax Effect Of Unusual Items": -13230.0,
        "Tax Rate For Calcs": 0.21,
        "Normalized EBITDA": 30765000.0,
        "Total Unusual Items": -63000.0,
        "Total Unusual Items Excluding Goodwill": -63000.0,
        "Net Income From Continuing Operation Net Minority Interest": 1792000.0,
        "Reconciled Depreciation": 5891000.0,
        "Reconciled Cost Of Revenue": 18154000.0,
        "EBITDA": 30702000.0,
        "EBIT": 24811000.0,
        "Net Interest Income": 2770000.0,
        "Normalized Income": 1841770.0,
        "Net Income From Continuing And Discontinued Operation": 1792000.0,
        "Total Expenses": 20880000.0,
        "Total Operating Income As Reported": 12983000.0,
        "Diluted Average Shares": NaN,
        "Basic Average Shares": NaN,
        "Diluted EPS": NaN,
        "Basic EPS": NaN,
        "Diluted NI Availto Com Stockholders": 1792000.0,
        "Net Income Common Stockholders": 1792000.0,
        "Net Income": 1792000.0,
        "Net Income Including Noncontrolling Interests": 1792000.0,
        "Net Income Continuous Operations": 1792000.0,
        "Tax Provision": 13960000.0,
        "Pretax Income": 15752000.0,
        "Other Income Expense": -64000.0,
        "Other Non Operating Income Expenses": -1000.0,
        "Special Income Charges": -63000.0,
        "Restructuring And Mergern Acquisition": 63000.0,
        "Gain On Sale Of Security": 0.0,
        "Net Non Operating Interest Income Expense": 2770000.0,
        "Total Other Finance Cost": NaN,
        "Operating Income": 13046000.0,
        "Operating Expense": 2726000.0,
        "Other Operating Expenses": -5000.0,
        "Selling General And Administration": 2731000.0,
        "General And Administrative Expense": 2731000.0,
        "Other Gand A": 2731000.0,
        "Gross Profit": 15772000.0,
        "Cost Of Revenue": 18154000.0,
        "Total Revenue": 33926000.0,
        "Operating Revenue": 33926000.0
    },
    "2024-03-31": {
        "Tax Effect Of Unusual Items": 0.0,
        "Tax Rate For Calcs": 0.0,
        "Normalized EBITDA": 14172000.0,
        "Total Unusual Items": 0.0,
        "Total Unusual Items Excluding Goodwill": 0.0,
        "Net Income From Continuing Operation Net Minority Interest": 11125000.0,
        "Reconciled Depreciation": 5754000.0,
        "Reconciled Cost Of Revenue": 18542000.0,
        "EBITDA": 14172000.0,
        "EBIT": 8418000.0,
        "Net Interest Income": 2698000.0,
        "Normalized Income": 11125000.0,
        "Net Income From Continuing And Discontinued Operation": 11125000.0,
        "Total Expenses": 21865000.0,
        "Total Operating Income As Reported": 8418000.0,
        "Diluted Average Shares": 37134000.0,
        "Basic Average Shares": 37042000.0,
        "Diluted EPS": 0.3,
        "Basic EPS": 0.3,
        "Diluted NI Availto Com Stockholders": 11125000.0,
        "Net Income Common Stockholders": 11125000.0,
        "Net Income": 11125000.0,
        "Net Income Including Noncontrolling Interests": 11125000.0,
        "Net Income Continuous Operations": 11125000.0,
        "Tax Provision": 0.0,
        "Pretax Income": 11125000.0,
        "Other Income Expense": 9000.0,
        "Other Non Operating Income Expenses": 9000.0,
        "Special Income Charges": 0.0,
        "Restructuring And Mergern Acquisition": 0.0,
        "Gain On Sale Of Security": NaN,
        "Net Non Operating Interest Income Expense": 2698000.0,
        "Total Other Finance Cost": -2698000.0,
        "Operating Income": 8418000.0,
        "Operating Expense": 3323000.0,
        "Other Operating Expenses": -9000.0,
        "Selling General And Administration": 3332000.0,
        "General And Administrative Expense": 3332000.0,
        "Other Gand A": 3332000.0,
        "Gross Profit": 11741000.0,
        "Cost Of Revenue": 18542000.0,
        "Total Revenue": 30283000.0,
        "Operating Revenue": 30283000.0
    },
    "2024-06-30": {
        "Tax Effect Of Unusual Items": 0.0,
        "Tax Rate For Calcs": 0.0,
        "Normalized EBITDA": 12396000.0,
        "Total Unusual Items": -81000.0,
        "Total Unusual Items Excluding Goodwill": -81000.0,
        "Net Income From Continuing Operation Net Minority Interest": 8794000.0,
        "Reconciled Depreciation": 6014000.0,
        "Reconciled Cost Of Revenue": 16593000.0,
        "EBITDA": 12315000.0,
        "EBIT": 6301000.0,
        "Net Interest Income": 2491000.0,
        "Normalized Income": 8875000.0,
        "Net Income From Continuing And Discontinued Operation": 8794000.0,
        "Total Expenses": 19676000.0,
        "Total Operating Income As Reported": 6220000.0,
        "Diluted Average Shares": 37158000.0,
        "Basic Average Shares": 37083000.0,
        "Diluted EPS": 0.24,
        "Basic EPS": 0.24,
        "Diluted NI Availto Com Stockholders": 8794000.0,
        "Net Income Common Stockholders": 8794000.0,
        "Net Income": 8794000.0,
        "Net Income Including Noncontrolling Interests": 8794000.0,
        "Net Income Continuous Operations": 8794000.0,
        "Tax Provision": 0.0,
        "Pretax Income": 8794000.0,
        "Other Income Expense": 2000.0,
        "Other Non Operating Income Expenses": 83000.0,
        "Special Income Charges": -81000.0,
        "Restructuring And Mergern Acquisition": 81000.0,
        "Gain On Sale Of Security": NaN,
        "Net Non Operating Interest Income Expense": 2491000.0,
        "Total Other Finance Cost": -2491000.0,
        "Operating Income": 6301000.0,
        "Operating Expense": 3083000.0,
        "Other Operating Expenses": 33000.0,
        "Selling General And Administration": 3050000.0,
        "General And Administrative Expense": 3050000.0,
        "Other Gand A": 3050000.0,
        "Gross Profit": 9384000.0,
        "Cost Of Revenue": 16593000.0,
        "Total Revenue": 25977000.0,
        "Operating Revenue": 25977000.0
    },
    "2024-09-30": {
        "Tax Effect Of Unusual Items": 337260.0,
        "Tax Rate For Calcs": 0.21,
        "Normalized EBITDA": 15230000.0,
        "Total Unusual Items": 1606000.0,
        "Total Unusual Items Excluding Goodwill": 1606000.0,
        "Net Income From Continuing Operation Net Minority Interest": 25484000.0,
        "Reconciled Depreciation": 9950000.0,
        "Reconciled Cost Of Revenue": 20867000.0,
        "EBITDA": 16836000.0,
        "EBIT": 6886000.0,
        "Net Interest Income": 1553000.0,
        "Normalized Income": 24215260.0,
        "Net Income From Continuing And Discontinued Operation": 25484000.0,
        "Total Expenses": 23171000.0,
        "Total Operating Income As Reported": 8492000.0,
        "Diluted Average Shares": 37180000.0,
        "Basic Average Shares": 37134000.0,
        "Diluted EPS": 0.69,
        "Basic EPS": 0.69,
        "Diluted NI Availto Com Stockholders": 25484000.0,
        "Net Income Common Stockholders": 25484000.0,
        "Net Income": 25484000.0,
        "Net Income Including Noncontrolling Interests": 25484000.0,
        "Net Income Continuous Operations": 25484000.0,
        "Tax Provision": -15439000.0,
        "Pretax Income": 10045000.0,
        "Other Income Expense": 1606000.0,
        "Other Non Operating Income Expenses": NaN,
        "Special Income Charges": -260000.0,
        "Restructuring And Mergern Acquisition": 260000.0,
        "Gain On Sale Of Security": 1866000.0,
        "Net Non Operating Interest Income Expense": 1553000.0,
        "Total Other Finance Cost": -1553000.0,
        "Operating Income": 6886000.0,
        "Operating Expense": 2304000.0,
        "Other Operating Expenses": NaN,
        "Selling General And Administration": 2304000.0,
        "General And Administrative Expense": 2304000.0,
        "Other Gand A": 2304000.0,
        "Gross Profit": 9190000.0,
        "Cost Of Revenue": 20867000.0,
        "Total Revenue": 30057000.0,
        "Operating Revenue": 30057000.0
    }
}