{
    "2023-03-31": {
        "Tax Effect Of Unusual Items": NaN,
        "Tax Rate For Calcs": NaN,
        "Normalized EBITDA": NaN,
        "Total Unusual Items": NaN,
        "Total Unusual Items Excluding Goodwill": NaN,
        "Net Income From Continuing Operation Net Minority Interest": NaN,
        "Reconciled Depreciation": NaN,
        "Reconciled Cost Of Revenue": NaN,
        "EBITDA": NaN,
        "EBIT": NaN,
        "Net Interest Income": NaN,
        "Interest Expense": NaN,
        "Normalized Income": NaN,
        "Net Income From Continuing And Discontinued Operation": NaN,
        "Total Expenses": NaN,
        "Rent Expense Supplemental": 274000.0,
        "Total Operating Income As Reported": NaN,
        "Diluted Average Shares": NaN,
        "Basic Average Shares": NaN,
        "Diluted EPS": NaN,
        "Basic EPS": NaN,
        "Diluted NI Availto Com Stockholders": NaN,
        "Net Income Common Stockholders": NaN,
        "Net Income": NaN,
        "Minority Interests": NaN,
        "Net Income Including Noncontrolling Interests": NaN,
        "Net Income Continuous Operations": NaN,
        "Tax Provision": NaN,
        "Pretax Income": NaN,
        "Other Income Expense": NaN,
        "Other Non Operating Income Expenses": NaN,
        "Special Income Charges": NaN,
        "Other Special Charges": NaN,
        "Impairment Of Capital Assets": NaN,
        "Gain On Sale Of Security": NaN,
        "Net Non Operating Interest Income Expense": NaN,
        "Total Other Finance Cost": -3000.0,
        "Interest Expense Non Operating": NaN,
        "Operating Income": NaN,
        "Operating Expense": NaN,
        "Depreciation Amortization Depletion Income Statement": NaN,
        "Depreciation And Amortization In Income Statement": NaN,
        "Selling General And Administration": NaN,
        "Selling And Marketing Expense": NaN,
        "General And Administrative Expense": NaN,
        "Other Gand A": NaN,
        "Salaries And Wages": NaN,
        "Gross Profit": NaN,
        "Cost Of Revenue": NaN,
        "Total Revenue": NaN,
        "Operating Revenue": NaN
    },
    "2022-12-31": {
        "Tax Effect Of Unusual Items": NaN,
        "Tax Rate For Calcs": NaN,
        "Normalized EBITDA": NaN,
        "Total Unusual Items": NaN,
        "Total Unusual Items Excluding Goodwill": NaN,
        "Net Income From Continuing Operation Net Minority Interest": NaN,
        "Reconciled Depreciation": NaN,
        "Reconciled Cost Of Revenue": NaN,
        "EBITDA": NaN,
        "EBIT": NaN,
        "Net Interest Income": NaN,
        "Interest Expense": -10398.0,
        "Normalized Income": NaN,
        "Net Income From Continuing And Discontinued Operation": NaN,
        "Total Expenses": NaN,
        "Rent Expense Supplemental": 266593.0,
        "Total Operating Income As Reported": NaN,
        "Diluted Average Shares": NaN,
        "Basic Average Shares": NaN,
        "Diluted EPS": NaN,
        "Basic EPS": NaN,
        "Diluted NI Availto Com Stockholders": NaN,
        "Net Income Common Stockholders": NaN,
        "Net Income": NaN,
        "Minority Interests": NaN,
        "Net Income Including Noncontrolling Interests": NaN,
        "Net Income Continuous Operations": NaN,
        "Tax Provision": NaN,
        "Pretax Income": NaN,
        "Other Income Expense": NaN,
        "Other Non Operating Income Expenses": NaN,
        "Special Income Charges": NaN,
        "Other Special Charges": NaN,
        "Impairment Of Capital Assets": NaN,
        "Gain On Sale Of Security": NaN,
        "Net Non Operating Interest Income Expense": NaN,
        "Total Other Finance Cost": NaN,
        "Interest Expense Non Operating": -10398.0,
        "Operating Income": NaN,
        "Operating Expense": NaN,
        "Depreciation Amortization Depletion Income Statement": NaN,
        "Depreciation And Amortization In Income Statement": NaN,
        "Selling General And Administration": NaN,
        "Selling And Marketing Expense": NaN,
        "General And Administrative Expense": NaN,
        "Other Gand A": NaN,
        "Salaries And Wages": NaN,
        "Gross Profit": NaN,
        "Cost Of Revenue": NaN,
        "Total Revenue": NaN,
        "Operating Revenue": NaN
    },
    "2022-09-30": {
        "Tax Effect Of Unusual Items": NaN,
        "Tax Rate For Calcs": NaN,
        "Normalized EBITDA": NaN,
        "Total Unusual Items": NaN,
        "Total Unusual Items Excluding Goodwill": NaN,
        "Net Income From Continuing Operation Net Minority Interest": NaN,
        "Reconciled Depreciation": NaN,
        "Reconciled Cost Of Revenue": NaN,
        "EBITDA": NaN,
        "EBIT": NaN,
        "Net Interest Income": NaN,
        "Interest Expense": NaN,
        "Interest Income": 11000.0,
        "Normalized Income": NaN,
        "Net Income From Continuing And Discontinued Operation": NaN,
        "Total Expenses": NaN,
        "Rent Expense Supplemental": 257095.0,
        "Total Operating Income As Reported": NaN,
        "Diluted Average Shares": 28762761.0,
        "Basic Average Shares": 28762761.0,
        "Diluted EPS": -0.07,
        "Basic EPS": -0.07,
        "Diluted NI Availto Com Stockholders": NaN,
        "Net Income Common Stockholders": NaN,
        "Net Income": NaN,
        "Minority Interests": 0.0,
        "Net Income Including Noncontrolling Interests": NaN,
        "Net Income Continuous Operations": NaN,
        "Tax Provision": NaN,
        "Pretax Income": NaN,
        "Other Income Expense": NaN,
        "Other Non Operating Income Expenses": NaN,
        "Special Income Charges": NaN,
        "Other Special Charges": NaN,
        "Impairment Of Capital Assets": 0.0,
        "Gain On Sale Of Security": NaN,
        "Net Non Operating Interest Income Expense": NaN,
        "Total Other Finance Cost": NaN,
        "Interest Expense Non Operating": NaN,
        "Interest Income Non Operating": 11000.0,
        "Operating Income": NaN,
        "Operating Expense": NaN,
        "Depreciation Amortization Depletion Income Statement": NaN,
        "Depreciation And Amortization In Income Statement": NaN,
        "Selling General And Administration": NaN,
        "Selling And Marketing Expense": NaN,
        "General And Administrative Expense": NaN,
        "Other Gand A": NaN,
        "Salaries And Wages": NaN,
        "Gross Profit": NaN,
        "Cost Of Revenue": NaN,
        "Total Revenue": NaN,
        "Operating Revenue": NaN
    },
    "2022-06-30": {
        "Tax Effect Of Unusual Items": 0.0,
        "Tax Rate For Calcs": 0.4,
        "Normalized EBITDA": -1263234.0,
        "Total Unusual Items": 0.0,
        "Total Unusual Items Excluding Goodwill": 0.0,
        "Net Income From Continuing Operation Net Minority Interest": -1774144.0,
        "Reconciled Depreciation": 489654.0,
        "Reconciled Cost Of Revenue": 3051293.0,
        "EBITDA": -1263234.0,
        "EBIT": -1752888.0,
        "Net Interest Income": -9945.0,
        "Interest Expense": 9945.0,
        "Interest Income": NaN,
        "Normalized Income": -1774144.0,
        "Net Income From Continuing And Discontinued Operation": -1774144.0,
        "Total Expenses": 4667804.0,
        "Rent Expense Supplemental": 326819.0,
        "Total Operating Income As Reported": -1738420.0,
        "Diluted Average Shares": 28668116.0,
        "Basic Average Shares": 28668116.0,
        "Diluted EPS": -0.06,
        "Basic EPS": -0.06,
        "Diluted NI Availto Com Stockholders": -1774144.0,
        "Net Income Common Stockholders": -1774144.0,
        "Net Income": -1774144.0,
        "Net Income Including Noncontrolling Interests": -1774144.0,
        "Net Income Continuous Operations": -1774144.0,
        "Tax Provision": 11311.0,
        "Pretax Income": -1762833.0,
        "Other Income Expense": -14468.0,
        "Other Non Operating Income Expenses": -14468.0,
        "Special Income Charges": 0.0,
        "Other Special Charges": NaN,
        "Net Non Operating Interest Income Expense": -9945.0,
        "Total Other Finance Cost": NaN,
        "Interest Expense Non Operating": 9945.0,
        "Interest Income Non Operating": NaN,
        "Operating Income": -1738420.0,
        "Operating Expense": 1616511.0,
        "Depreciation Amortization Depletion Income Statement": 489654.0,
        "Depreciation And Amortization In Income Statement": 489654.0,
        "Selling General And Administration": 1126857.0,
        "General And Administrative Expense": 1126857.0,
        "Other Gand A": 1126857.0,
        "Salaries And Wages": NaN,
        "Gross Profit": -121909.0,
        "Cost Of Revenue": 3051293.0,
        "Total Revenue": 2929384.0,
        "Operating Revenue": 2929384.0
    },
    "2022-03-31": {
        "Diluted EPS": -0.07,
        "Total Revenue": 3,
        "Gross Profit": 3,
        "Operating Income": -2,
        "EBIT": -2,
        "Net Income": -2
    },
    "2021-12-31": {
        "Diluted EPS": -0.01,
        "Total Revenue": 3,
        "Gross Profit": 3,
        "Operating Income": -2,
        "EBIT": -1,
        "Net Income": -3
    },
    "2021-09-30": {
        "Diluted EPS": -0.02,
        "Total Revenue": 3,
        "Gross Profit": 3,
        "Operating Income": -2,
        "EBIT": -1,
        "Net Income": 0
    },
    "2021-06-30": {
        "Diluted EPS": -0.16,
        "Total Revenue": 3,
        "Gross Profit": 3,
        "Operating Income": -2,
        "EBIT": -2,
        "Net Income": -1
    },
    "2021-03-31": {
        "Diluted EPS": -0.31,
        "Total Revenue": 1,
        "Gross Profit": 1,
        "Operating Income": -4,
        "EBIT": -4,
        "Net Income": -4
    },
    "2020-12-31": {
        "Diluted EPS": -0.19,
        "Total Revenue": 1,
        "Gross Profit": 1,
        "Operating Income": -2,
        "EBIT": -2,
        "Net Income": -2
    },
    "2020-09-30": {
        "Diluted EPS": -0.09,
        "Total Revenue": 1,
        "Gross Profit": 1,
        "Operating Income": -1,
        "EBIT": -1,
        "Net Income": -1
    },
    "2020-06-30": {
        "Diluted EPS": -0.21,
        "Total Revenue": 1,
        "Gross Profit": 1,
        "Operating Income": -1,
        "EBIT": -1,
        "Net Income": -2
    },
    "2020-03-31": {
        "Diluted EPS": -0.84,
        "Total Revenue": 1,
        "Gross Profit": 1,
        "Operating Income": -5,
        "EBIT": -5,
        "Net Income": -5
    },
    "2019-12-31": {
        "Diluted EPS": 0.0,
        "Total Revenue": NaN,
        "Gross Profit": NaN,
        "Operating Income": NaN,
        "EBIT": NaN,
        "Net Income": NaN
    },
    "2019-09-30": {
        "Diluted EPS": -1.56,
        "Total Revenue": 1,
        "Gross Profit": 1,
        "Operating Income": -1,
        "EBIT": -1,
        "Net Income": -2
    },
    "2019-06-30": {
        "Diluted EPS": -1.03,
        "Total Revenue": 1,
        "Gross Profit": 1,
        "Operating Income": -1,
        "EBIT": -1,
        "Net Income": -2
    },
    "2023-06-30": {
        "Tax Effect Of Unusual Items": NaN,
        "Tax Rate For Calcs": NaN,
        "Normalized EBITDA": NaN,
        "Total Unusual Items": NaN,
        "Total Unusual Items Excluding Goodwill": NaN,
        "Net Income From Continuing Operation Net Minority Interest": NaN,
        "Reconciled Depreciation": NaN,
        "Reconciled Cost Of Revenue": NaN,
        "EBITDA": NaN,
        "EBIT": NaN,
        "Net Interest Income": NaN,
        "Interest Expense": 22000.0,
        "Normalized Income": NaN,
        "Net Income From Continuing And Discontinued Operation": NaN,
        "Total Expenses": NaN,
        "Rent Expense Supplemental": 290000.0,
        "Total Operating Income As Reported": NaN,
        "Diluted Average Shares": 3356771.0,
        "Basic Average Shares": 3336288.0,
        "Diluted EPS": 0.1,
        "Basic EPS": 0.1,
        "Diluted NI Availto Com Stockholders": NaN,
        "Net Income Common Stockholders": NaN,
        "Net Income": NaN,
        "Minority Interests": NaN,
        "Net Income Including Noncontrolling Interests": NaN,
        "Net Income Continuous Operations": NaN,
        "Tax Provision": NaN,
        "Pretax Income": NaN,
        "Other Income Expense": NaN,
        "Other Non Operating Income Expenses": NaN,
        "Special Income Charges": NaN,
        "Other Special Charges": NaN,
        "Impairment Of Capital Assets": NaN,
        "Gain On Sale Of Security": NaN,
        "Net Non Operating Interest Income Expense": NaN,
        "Total Other Finance Cost": NaN,
        "Interest Expense Non Operating": 22000.0,
        "Operating Income": NaN,
        "Operating Expense": NaN,
        "Depreciation Amortization Depletion Income Statement": NaN,
        "Depreciation And Amortization In Income Statement": NaN,
        "Selling General And Administration": NaN,
        "Selling And Marketing Expense": NaN,
        "General And Administrative Expense": NaN,
        "Other Gand A": NaN,
        "Salaries And Wages": NaN,
        "Gross Profit": NaN,
        "Cost Of Revenue": NaN,
        "Total Revenue": NaN,
        "Operating Revenue": NaN
    },
    "2023-09-30": {
        "Tax Effect Of Unusual Items": -701400.0,
        "Tax Rate For Calcs": 0.21,
        "Normalized EBITDA": -1198000.0,
        "Total Unusual Items": -3340000.0,
        "Total Unusual Items Excluding Goodwill": -3340000.0,
        "Net Income From Continuing Operation Net Minority Interest": -5183000.0,
        "Reconciled Depreciation": 443000.0,
        "Reconciled Cost Of Revenue": 179268000.0,
        "EBITDA": -4538000.0,
        "EBIT": -4981000.0,
        "Net Interest Income": -301000.0,
        "Interest Expense": 301000.0,
        "Normalized Income": -2544400.0,
        "Net Income From Continuing And Discontinued Operation": -5183000.0,
        "Total Expenses": 184112000.0,
        "Rent Expense Supplemental": NaN,
        "Total Operating Income As Reported": -3972000.0,
        "Diluted Average Shares": 3742192.0,
        "Basic Average Shares": 3742192.0,
        "Diluted EPS": -1.39,
        "Basic EPS": -1.39,
        "Diluted NI Availto Com Stockholders": -5183000.0,
        "Net Income Common Stockholders": -5183000.0,
        "Net Income": -5183000.0,
        "Minority Interests": 112000.0,
        "Net Income Including Noncontrolling Interests": -5295000.0,
        "Net Income Continuous Operations": -5295000.0,
        "Tax Provision": 13000.0,
        "Pretax Income": -5282000.0,
        "Other Income Expense": -3042000.0,
        "Other Non Operating Income Expenses": 298000.0,
        "Special Income Charges": -2033000.0,
        "Other Special Charges": 395000.0,
        "Impairment Of Capital Assets": 1638000.0,
        "Gain On Sale Of Security": -1307000.0,
        "Net Non Operating Interest Income Expense": -301000.0,
        "Total Other Finance Cost": NaN,
        "Interest Expense Non Operating": 301000.0,
        "Operating Income": -1939000.0,
        "Operating Expense": 4844000.0,
        "Depreciation Amortization Depletion Income Statement": 443000.0,
        "Depreciation And Amortization In Income Statement": 443000.0,
        "Selling General And Administration": 4401000.0,
        "Selling And Marketing Expense": 16000.0,
        "General And Administrative Expense": 4385000.0,
        "Other Gand A": 3310000.0,
        "Salaries And Wages": 1075000.0,
        "Gross Profit": 2905000.0,
        "Cost Of Revenue": 179268000.0,
        "Total Revenue": 182173000.0,
        "Operating Revenue": 182173000.0
    },
    "2023-12-31": {
        "Tax Effect Of Unusual Items": 31197.478992,
        "Tax Rate For Calcs": 0.017332,
        "Normalized EBITDA": -3264000.0,
        "Total Unusual Items": 1800000.0,
        "Total Unusual Items Excluding Goodwill": 1800000.0,
        "Net Income From Continuing Operation Net Minority Interest": -1765000.0,
        "Reconciled Depreciation": 291000.0,
        "Reconciled Cost Of Revenue": 171952000.0,
        "EBITDA": -1464000.0,
        "EBIT": -1755000.0,
        "Net Interest Income": -149000.0,
        "Interest Expense": 149000.0,
        "Normalized Income": -3533802.521008,
        "Net Income From Continuing And Discontinued Operation": -1765000.0,
        "Total Expenses": 175018000.0,
        "Rent Expense Supplemental": NaN,
        "Total Operating Income As Reported": -3829000.0,
        "Diluted Average Shares": NaN,
        "Basic Average Shares": NaN,
        "Diluted EPS": NaN,
        "Basic EPS": NaN,
        "Diluted NI Availto Com Stockholders": -1765000.0,
        "Net Income Common Stockholders": -1765000.0,
        "Net Income": -1765000.0,
        "Minority Interests": 106000.0,
        "Net Income Including Noncontrolling Interests": -1871000.0,
        "Net Income Continuous Operations": -1871000.0,
        "Tax Provision": -33000.0,
        "Pretax Income": -1904000.0,
        "Other Income Expense": 2034000.0,
        "Other Non Operating Income Expenses": 234000.0,
        "Special Income Charges": -40000.0,
        "Other Special Charges": 39000.0,
        "Impairment Of Capital Assets": 1000.0,
        "Gain On Sale Of Security": 1840000.0,
        "Net Non Operating Interest Income Expense": -149000.0,
        "Total Other Finance Cost": NaN,
        "Interest Expense Non Operating": 149000.0,
        "Operating Income": -3789000.0,
        "Operating Expense": 3066000.0,
        "Depreciation Amortization Depletion Income Statement": 291000.0,
        "Depreciation And Amortization In Income Statement": 291000.0,
        "Selling General And Administration": 2775000.0,
        "Selling And Marketing Expense": 21000.0,
        "General And Administrative Expense": 2754000.0,
        "Other Gand A": 2229000.0,
        "Salaries And Wages": 525000.0,
        "Gross Profit": -723000.0,
        "Cost Of Revenue": 171952000.0,
        "Total Revenue": 171229000.0,
        "Operating Revenue": 171229000.0
    },
    "2024-03-31": {
        "Tax Effect Of Unusual Items": 678090.0,
        "Tax Rate For Calcs": 0.21,
        "Normalized EBITDA": -6476000.0,
        "Total Unusual Items": 3229000.0,
        "Total Unusual Items Excluding Goodwill": 3229000.0,
        "Net Income From Continuing Operation Net Minority Interest": -265000.0,
        "Reconciled Depreciation": 280000.0,
        "Reconciled Cost Of Revenue": 108276000.0,
        "EBITDA": -3247000.0,
        "EBIT": -3527000.0,
        "Net Interest Income": -490000.0,
        "Interest Expense": NaN,
        "Normalized Income": -2815910.0,
        "Net Income From Continuing And Discontinued Operation": -265000.0,
        "Total Expenses": 111463000.0,
        "Rent Expense Supplemental": NaN,
        "Total Operating Income As Reported": -3546000.0,
        "Diluted Average Shares": 4186905.0,
        "Basic Average Shares": 4186905.0,
        "Diluted EPS": -0.1,
        "Basic EPS": -0.1,
        "Diluted NI Availto Com Stockholders": -265000.0,
        "Net Income Common Stockholders": -265000.0,
        "Net Income": -265000.0,
        "Minority Interests": 48000.0,
        "Net Income Including Noncontrolling Interests": -313000.0,
        "Net Income Continuous Operations": -313000.0,
        "Tax Provision": 1000.0,
        "Pretax Income": -312000.0,
        "Other Income Expense": 3705000.0,
        "Other Non Operating Income Expenses": 476000.0,
        "Special Income Charges": -19000.0,
        "Other Special Charges": 19000.0,
        "Impairment Of Capital Assets": NaN,
        "Gain On Sale Of Security": 3248000.0,
        "Net Non Operating Interest Income Expense": -490000.0,
        "Total Other Finance Cost": 490000.0,
        "Interest Expense Non Operating": NaN,
        "Operating Income": -3527000.0,
        "Operating Expense": 3187000.0,
        "Depreciation Amortization Depletion Income Statement": 280000.0,
        "Depreciation And Amortization In Income Statement": 280000.0,
        "Selling General And Administration": 2907000.0,
        "Selling And Marketing Expense": 15000.0,
        "General And Administrative Expense": 2892000.0,
        "Other Gand A": 2096000.0,
        "Salaries And Wages": 796000.0,
        "Gross Profit": -340000.0,
        "Cost Of Revenue": 108276000.0,
        "Total Revenue": 107936000.0,
        "Operating Revenue": 107936000.0
    },
    "2024-06-30": {
        "Tax Effect Of Unusual Items": 11379.0,
        "Tax Rate For Calcs": 0.003,
        "Normalized EBITDA": -618000.0,
        "Total Unusual Items": 3793000.0,
        "Total Unusual Items Excluding Goodwill": 3793000.0,
        "Net Income From Continuing Operation Net Minority Interest": 2369000.0,
        "Reconciled Depreciation": 92000.0,
        "Reconciled Cost Of Revenue": 172527000.0,
        "EBITDA": 3175000.0,
        "EBIT": 3083000.0,
        "Net Interest Income": -761000.0,
        "Interest Expense": 761000.0,
        "Normalized Income": -1412621.0,
        "Net Income From Continuing And Discontinued Operation": 2369000.0,
        "Total Expenses": 176982000.0,
        "Rent Expense Supplemental": NaN,
        "Total Operating Income As Reported": -1953000.0,
        "Diluted Average Shares": 5009228.0,
        "Basic Average Shares": 4423431.0,
        "Diluted EPS": 0.5,
        "Basic EPS": 0.5,
        "Diluted NI Availto Com Stockholders": 2369000.0,
        "Net Income Common Stockholders": 2369000.0,
        "Net Income": 2369000.0,
        "Minority Interests": 52000.0,
        "Net Income Including Noncontrolling Interests": 2317000.0,
        "Net Income Continuous Operations": 2317000.0,
        "Tax Provision": 5000.0,
        "Pretax Income": 2322000.0,
        "Other Income Expense": 5026000.0,
        "Other Non Operating Income Expenses": 1233000.0,
        "Special Income Charges": -10000.0,
        "Other Special Charges": 10000.0,
        "Impairment Of Capital Assets": NaN,
        "Gain On Sale Of Security": 3803000.0,
        "Net Non Operating Interest Income Expense": -761000.0,
        "Total Other Finance Cost": NaN,
        "Interest Expense Non Operating": 761000.0,
        "Operating Income": -1943000.0,
        "Operating Expense": 4455000.0,
        "Depreciation Amortization Depletion Income Statement": 92000.0,
        "Depreciation And Amortization In Income Statement": 92000.0,
        "Selling General And Administration": 4363000.0,
        "Selling And Marketing Expense": 13000.0,
        "General And Administrative Expense": 4350000.0,
        "Other Gand A": 2429000.0,
        "Salaries And Wages": 1921000.0,
        "Gross Profit": 2512000.0,
        "Cost Of Revenue": 172527000.0,
        "Total Revenue": 175039000.0,
        "Operating Revenue": 175039000.0
    },
    "2024-09-30": {
        "Tax Effect Of Unusual Items": 14685.505925,
        "Tax Rate For Calcs": 0.002735,
        "Normalized EBITDA": -2506000.0,
        "Total Unusual Items": 5370000.0,
        "Total Unusual Items Excluding Goodwill": 5370000.0,
        "Net Income From Continuing Operation Net Minority Interest": 1163000.0,
        "Reconciled Depreciation": 49000.0,
        "Reconciled Cost Of Revenue": 199271000.0,
        "EBITDA": 2864000.0,
        "EBIT": 2815000.0,
        "Net Interest Income": -1718000.0,
        "Interest Expense": 1718000.0,
        "Normalized Income": -4192314.494075,
        "Net Income From Continuing And Discontinued Operation": 1163000.0,
        "Total Expenses": 205290000.0,
        "Rent Expense Supplemental": NaN,
        "Total Operating Income As Reported": -3647000.0,
        "Diluted Average Shares": 5011339.0,
        "Basic Average Shares": 4693351.0,
        "Diluted EPS": 0.23,
        "Basic EPS": 0.25,
        "Diluted NI Availto Com Stockholders": 1163000.0,
        "Net Income Common Stockholders": 1163000.0,
        "Net Income": 1163000.0,
        "Minority Interests": 69000.0,
        "Net Income Including Noncontrolling Interests": 1094000.0,
        "Net Income Continuous Operations": 1094000.0,
        "Tax Provision": 3000.0,
        "Pretax Income": 1097000.0,
        "Other Income Expense": 6371000.0,
        "Other Non Operating Income Expenses": 1001000.0,
        "Special Income Charges": -91000.0,
        "Other Special Charges": 91000.0,
        "Impairment Of Capital Assets": 0.0,
        "Gain On Sale Of Security": 5461000.0,
        "Net Non Operating Interest Income Expense": -1718000.0,
        "Total Other Finance Cost": NaN,
        "Interest Expense Non Operating": 1718000.0,
        "Operating Income": -3556000.0,
        "Operating Expense": 6019000.0,
        "Depreciation Amortization Depletion Income Statement": 49000.0,
        "Depreciation And Amortization In Income Statement": 49000.0,
        "Selling General And Administration": 5970000.0,
        "Selling And Marketing Expense": 12000.0,
        "General And Administrative Expense": 5958000.0,
        "Other Gand A": 4245000.0,
        "Salaries And Wages": 1713000.0,
        "Gross Profit": 2463000.0,
        "Cost Of Revenue": 199271000.0,
        "Total Revenue": 201734000.0,
        "Operating Revenue": 201718000.0
    }
}