{
    "2023-03-31": {
        "Tax Effect Of Unusual Items": NaN,
        "Tax Rate For Calcs": NaN,
        "Normalized EBITDA": NaN,
        "Total Unusual Items": -153762000.0,
        "Total Unusual Items Excluding Goodwill": -153762000.0,
        "Net Income From Continuing Operation Net Minority Interest": NaN,
        "Reconciled Cost Of Revenue": NaN,
        "EBITDA": NaN,
        "EBIT": NaN,
        "Net Interest Income": 58409000.0,
        "Interest Expense": 10389000.0,
        "Interest Income": 68798000.0,
        "Normalized Income": NaN,
        "Net Income From Continuing And Discontinued Operation": NaN,
        "Total Expenses": NaN,
        "Total Operating Income As Reported": NaN,
        "Diluted Average Shares": 598691484.0,
        "Basic Average Shares": 563558642.0,
        "Diluted EPS": 0.15,
        "Basic EPS": 0.16,
        "Diluted NI Availto Com Stockholders": NaN,
        "Net Income Common Stockholders": NaN,
        "Net Income": NaN,
        "Minority Interests": 783000.0,
        "Net Income Including Noncontrolling Interests": NaN,
        "Net Income Continuous Operations": NaN,
        "Earnings From Equity Interest Net Of Tax": NaN,
        "Tax Provision": NaN,
        "Pretax Income": NaN,
        "Other Income Expense": NaN,
        "Other Non Operating Income Expenses": NaN,
        "Special Income Charges": -117875000.0,
        "Other Special Charges": NaN,
        "Impairment Of Capital Assets": 117875000.0,
        "Gain On Sale Of Security": -35887000.0,
        "Net Non Operating Interest Income Expense": 58409000.0,
        "Interest Expense Non Operating": 10389000.0,
        "Interest Income Non Operating": 68798000.0,
        "Operating Income": NaN,
        "Operating Expense": NaN,
        "Other Operating Expenses": NaN,
        "Provision For Doubtful Accounts": NaN,
        "Research And Development": NaN,
        "Selling General And Administration": NaN,
        "Selling And Marketing Expense": NaN,
        "General And Administrative Expense": NaN,
        "Other Gand A": NaN,
        "Gross Profit": NaN,
        "Cost Of Revenue": NaN,
        "Total Revenue": NaN,
        "Operating Revenue": NaN
    },
    "2022-12-31": {
        "Tax Effect Of Unusual Items": NaN,
        "Tax Rate For Calcs": NaN,
        "Normalized EBITDA": NaN,
        "Total Unusual Items": NaN,
        "Total Unusual Items Excluding Goodwill": NaN,
        "Net Income From Continuing Operation Net Minority Interest": NaN,
        "Reconciled Cost Of Revenue": NaN,
        "EBITDA": NaN,
        "EBIT": NaN,
        "Net Interest Income": NaN,
        "Interest Expense": NaN,
        "Interest Income": NaN,
        "Normalized Income": NaN,
        "Net Income From Continuing And Discontinued Operation": NaN,
        "Total Expenses": NaN,
        "Total Operating Income As Reported": NaN,
        "Diluted Average Shares": 611938691.0,
        "Basic Average Shares": 560326301.0,
        "Diluted EPS": 0.72,
        "Basic EPS": 0.76,
        "Diluted NI Availto Com Stockholders": NaN,
        "Net Income Common Stockholders": NaN,
        "Net Income": NaN,
        "Minority Interests": NaN,
        "Net Income Including Noncontrolling Interests": NaN,
        "Net Income Continuous Operations": NaN,
        "Earnings From Equity Interest Net Of Tax": NaN,
        "Tax Provision": NaN,
        "Pretax Income": NaN,
        "Other Income Expense": NaN,
        "Other Non Operating Income Expenses": NaN,
        "Special Income Charges": NaN,
        "Other Special Charges": NaN,
        "Impairment Of Capital Assets": NaN,
        "Gain On Sale Of Security": NaN,
        "Net Non Operating Interest Income Expense": NaN,
        "Interest Expense Non Operating": NaN,
        "Interest Income Non Operating": NaN,
        "Operating Income": NaN,
        "Operating Expense": NaN,
        "Other Operating Expenses": NaN,
        "Provision For Doubtful Accounts": NaN,
        "Research And Development": NaN,
        "Selling General And Administration": NaN,
        "Selling And Marketing Expense": NaN,
        "General And Administrative Expense": NaN,
        "Other Gand A": NaN,
        "Gross Profit": NaN,
        "Cost Of Revenue": NaN,
        "Total Revenue": NaN,
        "Operating Revenue": NaN
    },
    "2022-09-30": {
        "Tax Effect Of Unusual Items": NaN,
        "Tax Rate For Calcs": NaN,
        "Normalized EBITDA": NaN,
        "Total Unusual Items": NaN,
        "Total Unusual Items Excluding Goodwill": NaN,
        "Net Income From Continuing Operation Net Minority Interest": NaN,
        "Reconciled Cost Of Revenue": NaN,
        "EBITDA": NaN,
        "EBIT": NaN,
        "Net Interest Income": NaN,
        "Interest Expense": NaN,
        "Interest Income": NaN,
        "Normalized Income": NaN,
        "Net Income From Continuing And Discontinued Operation": NaN,
        "Total Expenses": NaN,
        "Total Operating Income As Reported": NaN,
        "Diluted Average Shares": NaN,
        "Basic Average Shares": NaN,
        "Diluted EPS": NaN,
        "Basic EPS": NaN,
        "Diluted NI Availto Com Stockholders": NaN,
        "Net Income Common Stockholders": NaN,
        "Net Income": NaN,
        "Minority Interests": NaN,
        "Net Income Including Noncontrolling Interests": NaN,
        "Net Income Continuous Operations": NaN,
        "Earnings From Equity Interest Net Of Tax": NaN,
        "Tax Provision": NaN,
        "Pretax Income": NaN,
        "Other Income Expense": NaN,
        "Other Non Operating Income Expenses": -9173000.0,
        "Special Income Charges": NaN,
        "Other Special Charges": NaN,
        "Impairment Of Capital Assets": NaN,
        "Gain On Sale Of Security": NaN,
        "Net Non Operating Interest Income Expense": NaN,
        "Interest Expense Non Operating": NaN,
        "Interest Income Non Operating": NaN,
        "Operating Income": NaN,
        "Operating Expense": NaN,
        "Other Operating Expenses": NaN,
        "Provision For Doubtful Accounts": NaN,
        "Research And Development": NaN,
        "Selling General And Administration": NaN,
        "Selling And Marketing Expense": NaN,
        "General And Administrative Expense": NaN,
        "Other Gand A": NaN,
        "Gross Profit": NaN,
        "Cost Of Revenue": NaN,
        "Total Revenue": NaN,
        "Operating Revenue": NaN
    },
    "2022-06-30": {
        "Tax Effect Of Unusual Items": -70912000.0,
        "Tax Rate For Calcs": 0.4,
        "Normalized EBITDA": -482136000.0,
        "Total Unusual Items": -177280000.0,
        "Total Unusual Items Excluding Goodwill": -177280000.0,
        "Net Income From Continuing Operation Net Minority Interest": -931199000.0,
        "Reconciled Cost Of Revenue": 1852381000.0,
        "EBITDA": -659416000.0,
        "EBIT": -659416000.0,
        "Net Interest Income": NaN,
        "Interest Expense": NaN,
        "Interest Income": NaN,
        "Normalized Income": -824831000.0,
        "Net Income From Continuing And Discontinued Operation": -931199000.0,
        "Total Expenses": 3602015000.0,
        "Total Operating Income As Reported": -836696000.0,
        "Diluted Average Shares": 561737960.0,
        "Basic Average Shares": 561737960.0,
        "Diluted EPS": -1.657711,
        "Basic EPS": -1.657711,
        "Diluted NI Availto Com Stockholders": -931199000.0,
        "Net Income Common Stockholders": -931199000.0,
        "Net Income": -931199000.0,
        "Minority Interests": NaN,
        "Net Income Including Noncontrolling Interests": -931199000.0,
        "Net Income Continuous Operations": -931199000.0,
        "Earnings From Equity Interest Net Of Tax": 3033000.0,
        "Tax Provision": 64771000.0,
        "Pretax Income": -869461000.0,
        "Other Income Expense": -210045000.0,
        "Other Non Operating Income Expenses": -32765000.0,
        "Special Income Charges": -177280000.0,
        "Other Special Charges": NaN,
        "Impairment Of Capital Assets": 177280000.0,
        "Gain On Sale Of Security": NaN,
        "Net Non Operating Interest Income Expense": NaN,
        "Interest Expense Non Operating": NaN,
        "Interest Income Non Operating": NaN,
        "Operating Income": -659416000.0,
        "Operating Expense": 1749634000.0,
        "Other Operating Expenses": -71104000.0,
        "Provision For Doubtful Accounts": NaN,
        "Research And Development": 370926000.0,
        "Selling General And Administration": 1449812000.0,
        "Selling And Marketing Expense": 973767000.0,
        "General And Administrative Expense": 476045000.0,
        "Other Gand A": 476045000.0,
        "Gross Profit": 1090218000.0,
        "Cost Of Revenue": 1852381000.0,
        "Total Revenue": 2942599000.0,
        "Operating Revenue": 2942599000.0
    },
    "2023-06-30": {
        "Tax Effect Of Unusual Items": NaN,
        "Tax Rate For Calcs": NaN,
        "Normalized EBITDA": NaN,
        "Total Unusual Items": 34421000.0,
        "Total Unusual Items Excluding Goodwill": 34421000.0,
        "Net Income From Continuing Operation Net Minority Interest": NaN,
        "Reconciled Cost Of Revenue": NaN,
        "EBITDA": NaN,
        "EBIT": NaN,
        "Net Interest Income": 73144000.0,
        "Interest Expense": 10384000.0,
        "Interest Income": 83528000.0,
        "Normalized Income": NaN,
        "Net Income From Continuing And Discontinued Operation": NaN,
        "Total Expenses": NaN,
        "Total Operating Income As Reported": NaN,
        "Diluted Average Shares": NaN,
        "Basic Average Shares": NaN,
        "Diluted EPS": NaN,
        "Basic EPS": NaN,
        "Diluted NI Availto Com Stockholders": NaN,
        "Net Income Common Stockholders": NaN,
        "Net Income": NaN,
        "Minority Interests": -9378000.0,
        "Net Income Including Noncontrolling Interests": NaN,
        "Net Income Continuous Operations": NaN,
        "Earnings From Equity Interest Net Of Tax": NaN,
        "Tax Provision": NaN,
        "Pretax Income": NaN,
        "Other Income Expense": NaN,
        "Other Non Operating Income Expenses": NaN,
        "Special Income Charges": 0.0,
        "Other Special Charges": NaN,
        "Impairment Of Capital Assets": 0.0,
        "Gain On Sale Of Security": 34421000.0,
        "Net Non Operating Interest Income Expense": 73144000.0,
        "Interest Expense Non Operating": 10384000.0,
        "Interest Income Non Operating": 83528000.0,
        "Operating Income": NaN,
        "Operating Expense": NaN,
        "Other Operating Expenses": NaN,
        "Provision For Doubtful Accounts": NaN,
        "Research And Development": NaN,
        "Selling General And Administration": NaN,
        "Selling And Marketing Expense": NaN,
        "General And Administrative Expense": NaN,
        "Other Gand A": NaN,
        "Gross Profit": NaN,
        "Cost Of Revenue": NaN,
        "Total Revenue": NaN,
        "Operating Revenue": NaN
    },
    "2023-09-30": {
        "Tax Effect Of Unusual Items": 0.0,
        "Tax Rate For Calcs": 0.17,
        "Normalized EBITDA": -127740000.0,
        "Total Unusual Items": NaN,
        "Total Unusual Items Excluding Goodwill": NaN,
        "Net Income From Continuing Operation Net Minority Interest": -143978000.0,
        "Reconciled Cost Of Revenue": 1868876000.0,
        "EBITDA": -127740000.0,
        "EBIT": -127740000.0,
        "Net Interest Income": NaN,
        "Interest Expense": NaN,
        "Interest Income": NaN,
        "Normalized Income": -143978000.0,
        "Net Income From Continuing And Discontinued Operation": -143978000.0,
        "Total Expenses": 3437908000.0,
        "Total Operating Income As Reported": -127740000.0,
        "Diluted Average Shares": 553761538.0,
        "Basic Average Shares": 553761538.0,
        "Diluted EPS": -0.26,
        "Basic EPS": -0.26,
        "Diluted NI Availto Com Stockholders": -143978000.0,
        "Net Income Common Stockholders": -143978000.0,
        "Net Income": -143978000.0,
        "Minority Interests": NaN,
        "Net Income Including Noncontrolling Interests": -143978000.0,
        "Net Income Continuous Operations": -143978000.0,
        "Earnings From Equity Interest Net Of Tax": -437000.0,
        "Tax Provision": 61676000.0,
        "Pretax Income": -81865000.0,
        "Other Income Expense": 45875000.0,
        "Other Non Operating Income Expenses": 45875000.0,
        "Special Income Charges": NaN,
        "Other Special Charges": NaN,
        "Impairment Of Capital Assets": NaN,
        "Gain On Sale Of Security": NaN,
        "Net Non Operating Interest Income Expense": NaN,
        "Interest Expense Non Operating": NaN,
        "Interest Income Non Operating": NaN,
        "Operating Income": -127740000.0,
        "Operating Expense": 1569032000.0,
        "Other Operating Expenses": -46614000.0,
        "Provision For Doubtful Accounts": 143514000.0,
        "Research And Development": 280511000.0,
        "Selling General And Administration": 1191621000.0,
        "Selling And Marketing Expense": 918046000.0,
        "General And Administrative Expense": 273575000.0,
        "Other Gand A": 273575000.0,
        "Gross Profit": 1441292000.0,
        "Cost Of Revenue": 1868876000.0,
        "Total Revenue": 3310168000.0,
        "Operating Revenue": 3310168000.0
    },
    "2023-12-31": {
        "Tax Effect Of Unusual Items": -8358220.0,
        "Tax Rate For Calcs": 0.17,
        "Normalized EBITDA": 34430000.0,
        "Total Unusual Items": -49166000.0,
        "Total Unusual Items Excluding Goodwill": -49166000.0,
        "Net Income From Continuing Operation Net Minority Interest": -109740000.0,
        "Reconciled Cost Of Revenue": 2091841000.0,
        "EBITDA": -14736000.0,
        "EBIT": -14736000.0,
        "Net Interest Income": 80820000.0,
        "Interest Expense": 10129000.0,
        "Interest Income": 90949000.0,
        "Normalized Income": -68932220.0,
        "Net Income From Continuing And Discontinued Operation": -109740000.0,
        "Total Expenses": 3673147000.0,
        "Total Operating Income As Reported": -56519000.0,
        "Diluted Average Shares": 569527667.0,
        "Basic Average Shares": 569527667.0,
        "Diluted EPS": -0.19,
        "Basic EPS": -0.19,
        "Diluted NI Availto Com Stockholders": -109740000.0,
        "Net Income Common Stockholders": -109740000.0,
        "Net Income": -109740000.0,
        "Minority Interests": 1875000.0,
        "Net Income Including Noncontrolling Interests": -111615000.0,
        "Net Income Continuous Operations": -111615000.0,
        "Earnings From Equity Interest Net Of Tax": -9856000.0,
        "Tax Provision": 76894000.0,
        "Pretax Income": -24865000.0,
        "Other Income Expense": -49166000.0,
        "Other Non Operating Income Expenses": NaN,
        "Special Income Charges": 38550000.0,
        "Other Special Charges": NaN,
        "Impairment Of Capital Assets": 0.0,
        "Gain On Sale Of Security": -87716000.0,
        "Net Non Operating Interest Income Expense": 80820000.0,
        "Interest Expense Non Operating": 10129000.0,
        "Interest Income Non Operating": 90949000.0,
        "Operating Income": -56519000.0,
        "Operating Expense": 1581306000.0,
        "Other Operating Expenses": -58524000.0,
        "Provision For Doubtful Accounts": 159988000.0,
        "Research And Development": 279806000.0,
        "Selling General And Administration": 1200036000.0,
        "Selling And Marketing Expense": 967433000.0,
        "General And Administrative Expense": 232603000.0,
        "Other Gand A": 232603000.0,
        "Gross Profit": 1524787000.0,
        "Cost Of Revenue": 2091841000.0,
        "Total Revenue": 3616628000.0,
        "Operating Revenue": 3616628000.0
    },
    "2024-03-31": {
        "Tax Effect Of Unusual Items": -16139460.0,
        "Tax Rate For Calcs": 0.17,
        "Normalized EBITDA": 158207000.0,
        "Total Unusual Items": -94938000.0,
        "Total Unusual Items Excluding Goodwill": -94938000.0,
        "Net Income From Continuing Operation Net Minority Interest": -23663000.0,
        "Reconciled Cost Of Revenue": 2180579000.0,
        "EBITDA": 63269000.0,
        "EBIT": 63269000.0,
        "Net Interest Income": 77397000.0,
        "Interest Expense": 9718000.0,
        "Interest Income": 87115000.0,
        "Normalized Income": 55135540.0,
        "Net Income From Continuing And Discontinued Operation": -23663000.0,
        "Total Expenses": 3663237000.0,
        "Total Operating Income As Reported": 71092000.0,
        "Diluted Average Shares": 570937761.0,
        "Basic Average Shares": 570937761.0,
        "Diluted EPS": -0.04,
        "Basic EPS": -0.04,
        "Diluted NI Availto Com Stockholders": -23663000.0,
        "Net Income Common Stockholders": -23663000.0,
        "Net Income": -23663000.0,
        "Minority Interests": -663000.0,
        "Net Income Including Noncontrolling Interests": -23000000.0,
        "Net Income Continuous Operations": -23000000.0,
        "Earnings From Equity Interest Net Of Tax": 2209000.0,
        "Tax Provision": 78760000.0,
        "Pretax Income": 53551000.0,
        "Other Income Expense": -94938000.0,
        "Other Non Operating Income Expenses": NaN,
        "Special Income Charges": 27112000.0,
        "Other Special Charges": -27112000.0,
        "Impairment Of Capital Assets": 0.0,
        "Gain On Sale Of Security": -122050000.0,
        "Net Non Operating Interest Income Expense": 77397000.0,
        "Interest Expense Non Operating": 9718000.0,
        "Interest Income Non Operating": 87115000.0,
        "Operating Income": 71092000.0,
        "Operating Expense": 1482658000.0,
        "Other Operating Expenses": -43977000.0,
        "Provision For Doubtful Accounts": 161767000.0,
        "Research And Development": 304379000.0,
        "Selling General And Administration": 1060489000.0,
        "Selling And Marketing Expense": 769635000.0,
        "General And Administrative Expense": 290854000.0,
        "Other Gand A": 290854000.0,
        "Gross Profit": 1553750000.0,
        "Cost Of Revenue": 2180579000.0,
        "Total Revenue": 3734329000.0,
        "Operating Revenue": 3734329000.0
    },
    "2024-06-30": {
        "Tax Effect Of Unusual Items": -4298110.0,
        "Tax Rate For Calcs": 0.17,
        "Normalized EBITDA": 174279000.0,
        "Total Unusual Items": -25283000.0,
        "Total Unusual Items Excluding Goodwill": -25283000.0,
        "Net Income From Continuing Operation Net Minority Interest": 81864000.0,
        "Reconciled Cost Of Revenue": 2222051000.0,
        "EBITDA": 148996000.0,
        "EBIT": 148996000.0,
        "Net Interest Income": 81697000.0,
        "Interest Expense": 9688000.0,
        "Interest Income": 91385000.0,
        "Normalized Income": 102848890.0,
        "Net Income From Continuing And Discontinued Operation": 81864000.0,
        "Total Expenses": 3723974000.0,
        "Total Operating Income As Reported": 82894000.0,
        "Diluted Average Shares": NaN,
        "Basic Average Shares": NaN,
        "Diluted EPS": NaN,
        "Basic EPS": NaN,
        "Diluted NI Availto Com Stockholders": 81864000.0,
        "Net Income Common Stockholders": 81864000.0,
        "Net Income": 81864000.0,
        "Minority Interests": 1953000.0,
        "Net Income Including Noncontrolling Interests": 79911000.0,
        "Net Income Continuous Operations": 79911000.0,
        "Earnings From Equity Interest Net Of Tax": 1215000.0,
        "Tax Provision": 60612000.0,
        "Pretax Income": 139308000.0,
        "Other Income Expense": -25283000.0,
        "Other Non Operating Income Expenses": NaN,
        "Special Income Charges": 4897000.0,
        "Other Special Charges": -4897000.0,
        "Impairment Of Capital Assets": 0.0,
        "Gain On Sale Of Security": -30180000.0,
        "Net Non Operating Interest Income Expense": 81697000.0,
        "Interest Expense Non Operating": 9688000.0,
        "Interest Income Non Operating": 91385000.0,
        "Operating Income": 82894000.0,
        "Operating Expense": 1501923000.0,
        "Other Operating Expenses": -42563000.0,
        "Provision For Doubtful Accounts": 167415000.0,
        "Research And Development": 298465000.0,
        "Selling General And Administration": 1078606000.0,
        "Selling And Marketing Expense": 774768000.0,
        "General And Administrative Expense": 303838000.0,
        "Other Gand A": 303838000.0,
        "Gross Profit": 1584817000.0,
        "Cost Of Revenue": 2222051000.0,
        "Total Revenue": 3806868000.0,
        "Operating Revenue": 3806868000.0
    },
    "2024-09-30": {
        "Tax Effect Of Unusual Items": 0.0,
        "Tax Rate For Calcs": 0.367524,
        "Normalized EBITDA": 202415000.0,
        "Total Unusual Items": NaN,
        "Total Unusual Items Excluding Goodwill": NaN,
        "Net Income From Continuing Operation Net Minority Interest": 153324000.0,
        "Reconciled Cost Of Revenue": 2467172000.0,
        "EBITDA": 202415000.0,
        "EBIT": 202415000.0,
        "Net Interest Income": NaN,
        "Interest Expense": NaN,
        "Interest Income": NaN,
        "Normalized Income": 153324000.0,
        "Net Income From Continuing And Discontinued Operation": 153324000.0,
        "Total Expenses": 4125818000.0,
        "Total Operating Income As Reported": 202415000.0,
        "Diluted Average Shares": 638850000.0,
        "Basic Average Shares": 589707692.0,
        "Diluted EPS": 0.24,
        "Basic EPS": 0.26,
        "Diluted NI Availto Com Stockholders": 153324000.0,
        "Net Income Common Stockholders": 153324000.0,
        "Net Income": 153324000.0,
        "Minority Interests": NaN,
        "Net Income Including Noncontrolling Interests": 153324000.0,
        "Net Income Continuous Operations": 153324000.0,
        "Earnings From Equity Interest Net Of Tax": -6029000.0,
        "Tax Provision": 92598000.0,
        "Pretax Income": 251951000.0,
        "Other Income Expense": 49536000.0,
        "Other Non Operating Income Expenses": 49536000.0,
        "Special Income Charges": NaN,
        "Other Special Charges": NaN,
        "Impairment Of Capital Assets": NaN,
        "Gain On Sale Of Security": NaN,
        "Net Non Operating Interest Income Expense": NaN,
        "Interest Expense Non Operating": NaN,
        "Interest Income Non Operating": NaN,
        "Operating Income": 202415000.0,
        "Operating Expense": 1658646000.0,
        "Other Operating Expenses": -40647000.0,
        "Provision For Doubtful Accounts": 211991000.0,
        "Research And Development": 301990000.0,
        "Selling General And Administration": 1185312000.0,
        "Selling And Marketing Expense": 878557000.0,
        "General And Administrative Expense": 306755000.0,
        "Other Gand A": 306755000.0,
        "Gross Profit": 1861061000.0,
        "Cost Of Revenue": 2467172000.0,
        "Total Revenue": 4328233000.0,
        "Operating Revenue": 4328233000.0
    }
}