{
    "2023-03-31": {
        "Tax Effect Of Unusual Items": -317.112282,
        "Tax Rate For Calcs": 0.009327,
        "Normalized EBITDA": 36469000.0,
        "Total Unusual Items": -34000.0,
        "Total Unusual Items Excluding Goodwill": -34000.0,
        "Net Income From Continuing Operation Net Minority Interest": 12182000.0,
        "Reconciled Depreciation": 2598000.0,
        "Reconciled Cost Of Revenue": 37760000.0,
        "EBITDA": 36435000.0,
        "EBIT": 33837000.0,
        "Net Interest Income": -3280000.0,
        "Interest Expense": 3280000.0,
        "Normalized Income": 12215682.887718,
        "Net Income From Continuing And Discontinued Operation": 12182000.0,
        "Total Expenses": 127519000.0,
        "Total Operating Income As Reported": 33510000.0,
        "Diluted Average Shares": 195823982.0,
        "Basic Average Shares": 77410820.0,
        "Diluted EPS": 0.15,
        "Basic EPS": 0.16,
        "Diluted NI Availto Com Stockholders": 29051000.0,
        "Average Dilution Earnings": 16869000.0,
        "Net Income Common Stockholders": 12182000.0,
        "Net Income": 12182000.0,
        "Minority Interests": -18090000.0,
        "Net Income Including Noncontrolling Interests": 30272000.0,
        "Net Income Continuous Operations": 30272000.0,
        "Tax Provision": 285000.0,
        "Pretax Income": 30557000.0,
        "Other Income Expense": 293000.0,
        "Other Non Operating Income Expenses": 327000.0,
        "Special Income Charges": -34000.0,
        "Restructuring And Mergern Acquisition": 34000.0,
        "Net Non Operating Interest Income Expense": -3280000.0,
        "Interest Expense Non Operating": 3280000.0,
        "Operating Income": 33544000.0,
        "Operating Expense": 89759000.0,
        "Other Taxes": 456000.0,
        "Depreciation Amortization Depletion Income Statement": 2598000.0,
        "Depreciation And Amortization In Income Statement": 2598000.0,
        "Selling General And Administration": 86705000.0,
        "Selling And Marketing Expense": 54772000.0,
        "General And Administrative Expense": 31933000.0,
        "Other Gand A": 7242000.0,
        "Salaries And Wages": 24691000.0,
        "Gross Profit": 123303000.0,
        "Cost Of Revenue": 37760000.0,
        "Total Revenue": 161063000.0,
        "Operating Revenue": 161063000.0
    },
    "2022-12-31": {
        "Tax Effect Of Unusual Items": 177450.0,
        "Tax Rate For Calcs": 0.21,
        "Normalized EBITDA": 30154000.0,
        "Total Unusual Items": 845000.0,
        "Total Unusual Items Excluding Goodwill": 845000.0,
        "Net Income From Continuing Operation Net Minority Interest": 10085000.0,
        "Reconciled Depreciation": 4633000.0,
        "Reconciled Cost Of Revenue": 36135000.0,
        "EBITDA": 30999000.0,
        "EBIT": 26366000.0,
        "Net Interest Income": -3316000.0,
        "Interest Expense": 3316000.0,
        "Normalized Income": 9417450.0,
        "Net Income From Continuing And Discontinued Operation": 10085000.0,
        "Total Expenses": 141078000.0,
        "Total Operating Income As Reported": 24757000.0,
        "Diluted Average Shares": 78068297.0,
        "Basic Average Shares": 78068297.0,
        "Diluted EPS": 0.129182,
        "Basic EPS": 0.129182,
        "Diluted NI Availto Com Stockholders": 24834000.0,
        "Average Dilution Earnings": 14749000.0,
        "Net Income Common Stockholders": 10085000.0,
        "Otherunder Preferred Stock Dividend": 0.0,
        "Net Income": 10085000.0,
        "Minority Interests": -14749000.0,
        "Net Income Including Noncontrolling Interests": 24834000.0,
        "Net Income Continuous Operations": 24834000.0,
        "Tax Provision": -1784000.0,
        "Pretax Income": 23050000.0,
        "Other Income Expense": 2454000.0,
        "Other Non Operating Income Expenses": 1609000.0,
        "Special Income Charges": 845000.0,
        "Other Special Charges": 0.0,
        "Write Off": -845000.0,
        "Restructuring And Mergern Acquisition": -845000.0,
        "Net Non Operating Interest Income Expense": -3316000.0,
        "Interest Expense Non Operating": 3316000.0,
        "Operating Income": 23912000.0,
        "Operating Expense": 102773000.0,
        "Other Taxes": 521000.0,
        "Depreciation Amortization Depletion Income Statement": 2463000.0,
        "Depreciation And Amortization In Income Statement": 2463000.0,
        "Selling General And Administration": 99789000.0,
        "Selling And Marketing Expense": 68412000.0,
        "General And Administrative Expense": 31377000.0,
        "Other Gand A": 8025000.0,
        "Salaries And Wages": 23352000.0,
        "Gross Profit": 126685000.0,
        "Cost Of Revenue": 38305000.0,
        "Total Revenue": 164990000.0,
        "Operating Revenue": 164990000.0
    },
    "2022-09-30": {
        "Tax Effect Of Unusual Items": 7631.062815,
        "Tax Rate For Calcs": 0.006255,
        "Normalized EBITDA": 22704000.0,
        "Total Unusual Items": 1220000.0,
        "Total Unusual Items Excluding Goodwill": 1220000.0,
        "Net Income From Continuing Operation Net Minority Interest": 7663000.0,
        "Reconciled Depreciation": 2158000.0,
        "Reconciled Cost Of Revenue": 37617000.0,
        "EBITDA": 23924000.0,
        "EBIT": 21766000.0,
        "Net Interest Income": -2901000.0,
        "Interest Expense": 2901000.0,
        "Normalized Income": 6450631.062815,
        "Net Income From Continuing And Discontinued Operation": 7663000.0,
        "Total Expenses": 136337000.0,
        "Total Operating Income As Reported": 21701000.0,
        "Diluted Average Shares": 82023463.0,
        "Basic Average Shares": 81996447.0,
        "Diluted EPS": 0.09,
        "Basic EPS": 0.09,
        "Diluted NI Availto Com Stockholders": 7664000.0,
        "Average Dilution Earnings": 1000.0,
        "Net Income Common Stockholders": 7663000.0,
        "Otherunder Preferred Stock Dividend": 0.0,
        "Net Income": 7663000.0,
        "Minority Interests": -11084000.0,
        "Net Income Including Noncontrolling Interests": 18747000.0,
        "Net Income Continuous Operations": 18747000.0,
        "Tax Provision": 118000.0,
        "Pretax Income": 18865000.0,
        "Other Income Expense": 1285000.0,
        "Other Non Operating Income Expenses": 65000.0,
        "Special Income Charges": 1220000.0,
        "Other Special Charges": NaN,
        "Write Off": -1220000.0,
        "Restructuring And Mergern Acquisition": -1220000.0,
        "Net Non Operating Interest Income Expense": -2901000.0,
        "Interest Expense Non Operating": 2901000.0,
        "Operating Income": 20481000.0,
        "Operating Expense": 98720000.0,
        "Other Taxes": 177000.0,
        "Depreciation Amortization Depletion Income Statement": 2158000.0,
        "Depreciation And Amortization In Income Statement": 2158000.0,
        "Selling General And Administration": 96385000.0,
        "Selling And Marketing Expense": 66323000.0,
        "General And Administrative Expense": 30062000.0,
        "Other Gand A": 7811000.0,
        "Salaries And Wages": 22251000.0,
        "Gross Profit": 119201000.0,
        "Cost Of Revenue": 37617000.0,
        "Total Revenue": 156818000.0,
        "Operating Revenue": 156818000.0
    },
    "2022-06-30": {
        "Tax Effect Of Unusual Items": 0.0,
        "Tax Rate For Calcs": 0.0,
        "Normalized EBITDA": 28485000.0,
        "Total Unusual Items": 0.0,
        "Total Unusual Items Excluding Goodwill": 0.0,
        "Net Income From Continuing Operation Net Minority Interest": 9655000.0,
        "Reconciled Depreciation": 1726000.0,
        "Reconciled Cost Of Revenue": 32422000.0,
        "EBITDA": 28485000.0,
        "EBIT": 26759000.0,
        "Net Interest Income": -2699000.0,
        "Interest Expense": 2699000.0,
        "Normalized Income": 9655000.0,
        "Net Income From Continuing And Discontinued Operation": 9655000.0,
        "Total Expenses": 129767000.0,
        "Total Operating Income As Reported": 17927000.0,
        "Diluted Average Shares": 79259017.0,
        "Basic Average Shares": 79256354.0,
        "Diluted EPS": 0.12,
        "Basic EPS": 0.12,
        "Diluted NI Availto Com Stockholders": 9655000.0,
        "Average Dilution Earnings": 0.0,
        "Net Income Common Stockholders": 9655000.0,
        "Otherunder Preferred Stock Dividend": 0.0,
        "Net Income": 9655000.0,
        "Minority Interests": -14405000.0,
        "Net Income Including Noncontrolling Interests": 24060000.0,
        "Net Income Continuous Operations": 24060000.0,
        "Tax Provision": 0.0,
        "Pretax Income": 24060000.0,
        "Other Income Expense": 8832000.0,
        "Other Non Operating Income Expenses": 8832000.0,
        "Special Income Charges": 0.0,
        "Other Special Charges": NaN,
        "Write Off": NaN,
        "Restructuring And Mergern Acquisition": NaN,
        "Net Non Operating Interest Income Expense": -2699000.0,
        "Interest Expense Non Operating": 2699000.0,
        "Operating Income": 17927000.0,
        "Operating Expense": 97345000.0,
        "Other Taxes": 2443000.0,
        "Depreciation Amortization Depletion Income Statement": 1726000.0,
        "Depreciation And Amortization In Income Statement": 1726000.0,
        "Selling General And Administration": 93176000.0,
        "Selling And Marketing Expense": 59412000.0,
        "General And Administrative Expense": 33764000.0,
        "Other Gand A": 11068000.0,
        "Salaries And Wages": 22696000.0,
        "Gross Profit": 115272000.0,
        "Cost Of Revenue": 32422000.0,
        "Total Revenue": 147694000.0,
        "Operating Revenue": 147694000.0
    },
    "2022-03-31": {
        "Diluted EPS": 0.02,
        "Total Revenue": 131,
        "Gross Profit": 99,
        "Operating Income": 14,
        "EBIT": 16,
        "Net Income": 1
    },
    "2021-12-31": {
        "Diluted EPS": -0.27,
        "Total Revenue": 164,
        "Gross Profit": 128,
        "Operating Income": 46,
        "EBIT": 47,
        "Net Income": 17
    },
    "2021-09-30": {
        "Diluted EPS": 0.23,
        "Total Revenue": 140,
        "Gross Profit": 109,
        "Operating Income": 15,
        "EBIT": 18,
        "Net Income": NaN
    },
    "2021-06-30": {
        "Diluted EPS": 0.0,
        "Total Revenue": 115,
        "Gross Profit": 96,
        "Operating Income": 19,
        "EBIT": 21,
        "Net Income": NaN
    },
    "2021-03-31": {
        "Diluted EPS": 0.0,
        "Total Revenue": 24,
        "Gross Profit": 20,
        "Operating Income": -4,
        "EBIT": -2,
        "Net Income": -20
    },
    "2020-12-31": {
        "Diluted EPS": 0.0,
        "Total Revenue": NaN,
        "Gross Profit": NaN,
        "Operating Income": NaN,
        "EBIT": NaN,
        "Net Income": NaN
    },
    "2020-09-30": {
        "Diluted EPS": NaN,
        "Total Revenue": -7,
        "Gross Profit": -7,
        "Operating Income": -22,
        "EBIT": -22,
        "Net Income": -43
    },
    "2019-12-31": {
        "Diluted EPS": 0.0,
        "Total Revenue": NaN,
        "Gross Profit": NaN,
        "Operating Income": NaN,
        "EBIT": NaN,
        "Net Income": NaN
    },
    "2023-06-30": {
        "Tax Effect Of Unusual Items": 220920.0,
        "Tax Rate For Calcs": 0.21,
        "Normalized EBITDA": 18265000.0,
        "Total Unusual Items": 1052000.0,
        "Total Unusual Items Excluding Goodwill": 1052000.0,
        "Net Income From Continuing Operation Net Minority Interest": 30712000.0,
        "Reconciled Depreciation": 2704000.0,
        "Reconciled Cost Of Revenue": 42616000.0,
        "EBITDA": 19317000.0,
        "EBIT": 16613000.0,
        "Net Interest Income": -2772000.0,
        "Interest Expense": 2772000.0,
        "Normalized Income": 29880920.0,
        "Net Income From Continuing And Discontinued Operation": 30712000.0,
        "Total Expenses": 148819000.0,
        "Total Operating Income As Reported": 17613000.0,
        "Diluted Average Shares": 196377470.0,
        "Basic Average Shares": 85269196.0,
        "Diluted EPS": 0.2,
        "Basic EPS": 0.36,
        "Diluted NI Availto Com Stockholders": 39495000.0,
        "Average Dilution Earnings": 8783000.0,
        "Net Income Common Stockholders": 30712000.0,
        "Net Income": 30712000.0,
        "Minority Interests": -7614000.0,
        "Net Income Including Noncontrolling Interests": 38326000.0,
        "Net Income Continuous Operations": 38326000.0,
        "Tax Provision": -24485000.0,
        "Pretax Income": 13841000.0,
        "Other Income Expense": 52000.0,
        "Other Non Operating Income Expenses": -1000000.0,
        "Special Income Charges": 1052000.0,
        "Restructuring And Mergern Acquisition": -1052000.0,
        "Net Non Operating Interest Income Expense": -2772000.0,
        "Interest Expense Non Operating": 2772000.0,
        "Operating Income": 16561000.0,
        "Operating Expense": 106203000.0,
        "Other Taxes": 498000.0,
        "Depreciation Amortization Depletion Income Statement": 2704000.0,
        "Depreciation And Amortization In Income Statement": 2704000.0,
        "Selling General And Administration": 103001000.0,
        "Selling And Marketing Expense": 65192000.0,
        "General And Administrative Expense": 37809000.0,
        "Other Gand A": 11449000.0,
        "Salaries And Wages": 26360000.0,
        "Gross Profit": 122764000.0,
        "Cost Of Revenue": 42616000.0,
        "Total Revenue": 165380000.0,
        "Operating Revenue": 165380000.0
    },
    "2023-09-30": {
        "Tax Effect Of Unusual Items": -2788.373717,
        "Tax Rate For Calcs": 0.139419,
        "Normalized EBITDA": 24478000.0,
        "Total Unusual Items": -20000.0,
        "Total Unusual Items Excluding Goodwill": -20000.0,
        "Net Income From Continuing Operation Net Minority Interest": 6677000.0,
        "Reconciled Depreciation": 3301000.0,
        "Reconciled Cost Of Revenue": 50462000.0,
        "EBITDA": 24458000.0,
        "EBIT": 21157000.0,
        "Net Interest Income": -2544000.0,
        "Interest Expense": 2544000.0,
        "Normalized Income": 6694211.626283,
        "Net Income From Continuing And Discontinued Operation": 6677000.0,
        "Total Expenses": 167994000.0,
        "Total Operating Income As Reported": 20119000.0,
        "Diluted Average Shares": 96862899.0,
        "Basic Average Shares": 96407327.0,
        "Diluted EPS": 0.07,
        "Basic EPS": 0.07,
        "Diluted NI Availto Com Stockholders": 6692000.0,
        "Average Dilution Earnings": 15000.0,
        "Net Income Common Stockholders": 6677000.0,
        "Net Income": 6677000.0,
        "Minority Interests": -9341000.0,
        "Net Income Including Noncontrolling Interests": 16018000.0,
        "Net Income Continuous Operations": 16018000.0,
        "Tax Provision": 2595000.0,
        "Pretax Income": 18613000.0,
        "Other Income Expense": 1018000.0,
        "Other Non Operating Income Expenses": 1038000.0,
        "Special Income Charges": -20000.0,
        "Restructuring And Mergern Acquisition": 20000.0,
        "Net Non Operating Interest Income Expense": -2544000.0,
        "Interest Expense Non Operating": 2544000.0,
        "Operating Income": 20139000.0,
        "Operating Expense": 117532000.0,
        "Other Taxes": 472000.0,
        "Depreciation Amortization Depletion Income Statement": 3301000.0,
        "Depreciation And Amortization In Income Statement": 3301000.0,
        "Selling General And Administration": 113759000.0,
        "Selling And Marketing Expense": 77006000.0,
        "General And Administrative Expense": 36753000.0,
        "Other Gand A": 9013000.0,
        "Salaries And Wages": 27740000.0,
        "Gross Profit": 137671000.0,
        "Cost Of Revenue": 50462000.0,
        "Total Revenue": 188133000.0,
        "Operating Revenue": 188133000.0
    },
    "2023-12-31": {
        "Tax Effect Of Unusual Items": 0.0,
        "Tax Rate For Calcs": 0.21,
        "Normalized EBITDA": 22233000.0,
        "Total Unusual Items": 0.0,
        "Total Unusual Items Excluding Goodwill": 0.0,
        "Net Income From Continuing Operation Net Minority Interest": 24965000.0,
        "Reconciled Depreciation": 9393000.0,
        "Reconciled Cost Of Revenue": 50528000.0,
        "EBITDA": 22233000.0,
        "EBIT": 12840000.0,
        "Net Interest Income": -4909000.0,
        "Interest Expense": 4909000.0,
        "Normalized Income": 24965000.0,
        "Net Income From Continuing And Discontinued Operation": 24965000.0,
        "Total Expenses": 188207000.0,
        "Total Operating Income As Reported": 10096000.0,
        "Diluted Average Shares": NaN,
        "Basic Average Shares": NaN,
        "Diluted EPS": NaN,
        "Basic EPS": NaN,
        "Diluted NI Availto Com Stockholders": -32299000.0,
        "Average Dilution Earnings": -57264000.0,
        "Net Income Common Stockholders": 24965000.0,
        "Net Income": 24965000.0,
        "Minority Interests": -3560000.0,
        "Net Income Including Noncontrolling Interests": 28525000.0,
        "Net Income Continuous Operations": 28525000.0,
        "Tax Provision": -20594000.0,
        "Pretax Income": 7931000.0,
        "Other Income Expense": 2744000.0,
        "Other Non Operating Income Expenses": 2744000.0,
        "Special Income Charges": 0.0,
        "Restructuring And Mergern Acquisition": 0.0,
        "Net Non Operating Interest Income Expense": -4909000.0,
        "Interest Expense Non Operating": 4909000.0,
        "Operating Income": 10096000.0,
        "Operating Expense": 136861000.0,
        "Other Taxes": 4536000.0,
        "Depreciation Amortization Depletion Income Statement": 8575000.0,
        "Depreciation And Amortization In Income Statement": 8575000.0,
        "Selling General And Administration": 123750000.0,
        "Selling And Marketing Expense": 77126000.0,
        "General And Administrative Expense": 46624000.0,
        "Other Gand A": 15108000.0,
        "Salaries And Wages": 31516000.0,
        "Gross Profit": 146957000.0,
        "Cost Of Revenue": 51346000.0,
        "Total Revenue": 198303000.0,
        "Operating Revenue": 198303000.0
    },
    "2024-03-31": {
        "Tax Effect Of Unusual Items": 0.0,
        "Tax Rate For Calcs": 0.174391,
        "Normalized EBITDA": 28576000.0,
        "Total Unusual Items": 0.0,
        "Total Unusual Items Excluding Goodwill": 0.0,
        "Net Income From Continuing Operation Net Minority Interest": 6077000.0,
        "Reconciled Depreciation": 10483000.0,
        "Reconciled Cost Of Revenue": 49583000.0,
        "EBITDA": 28576000.0,
        "EBIT": 18093000.0,
        "Net Interest Income": -5082000.0,
        "Interest Expense": 5082000.0,
        "Normalized Income": 6077000.0,
        "Net Income From Continuing And Discontinued Operation": 6077000.0,
        "Total Expenses": 170177000.0,
        "Total Operating Income As Reported": 20675000.0,
        "Diluted Average Shares": 210909861.0,
        "Basic Average Shares": 134068276.0,
        "Diluted EPS": 0.04,
        "Basic EPS": 0.05,
        "Diluted NI Availto Com Stockholders": 9329000.0,
        "Average Dilution Earnings": 3252000.0,
        "Net Income Common Stockholders": 6077000.0,
        "Net Income": 6077000.0,
        "Minority Interests": -4665000.0,
        "Net Income Including Noncontrolling Interests": 10742000.0,
        "Net Income Continuous Operations": 10742000.0,
        "Tax Provision": 2269000.0,
        "Pretax Income": 13011000.0,
        "Other Income Expense": -2582000.0,
        "Other Non Operating Income Expenses": -2582000.0,
        "Special Income Charges": 0.0,
        "Restructuring And Mergern Acquisition": 0.0,
        "Net Non Operating Interest Income Expense": -5082000.0,
        "Interest Expense Non Operating": 5082000.0,
        "Operating Income": 20675000.0,
        "Operating Expense": 120594000.0,
        "Other Taxes": -2379000.0,
        "Depreciation Amortization Depletion Income Statement": 10483000.0,
        "Depreciation And Amortization In Income Statement": 10483000.0,
        "Selling General And Administration": 112490000.0,
        "Selling And Marketing Expense": 67745000.0,
        "General And Administrative Expense": 44745000.0,
        "Other Gand A": 12144000.0,
        "Salaries And Wages": 32601000.0,
        "Gross Profit": 141269000.0,
        "Cost Of Revenue": 49583000.0,
        "Total Revenue": 190852000.0,
        "Operating Revenue": 190852000.0
    }
}