{
    "2024-03-31": {
        "Tax Effect Of Unusual Items": 739130.434783,
        "Tax Rate For Calcs": 0.043478,
        "Normalized EBITDA": 87000000.0,
        "Total Unusual Items": 17000000.0,
        "Total Unusual Items Excluding Goodwill": 17000000.0,
        "Net Income From Continuing Operation Net Minority Interest": 22000000.0,
        "Reconciled Depreciation": 69000000.0,
        "Reconciled Cost Of Revenue": 2104000000.0,
        "EBITDA": 104000000.0,
        "EBIT": 35000000.0,
        "Net Interest Income": 7000000.0,
        "Interest Expense": 12000000.0,
        "Interest Income": 19000000.0,
        "Normalized Income": 5739130.434783,
        "Net Income From Continuing And Discontinued Operation": 22000000.0,
        "Total Expenses": 2211000000.0,
        "Total Operating Income As Reported": -20000000.0,
        "Diluted Average Shares": 971055.0,
        "Basic Average Shares": 971055.0,
        "Diluted EPS": 22.66,
        "Basic EPS": 22.66,
        "Diluted NI Availto Com Stockholders": 22000000.0,
        "Net Income Common Stockholders": 22000000.0,
        "Net Income": 22000000.0,
        "Minority Interests": 0.0,
        "Net Income Including Noncontrolling Interests": 22000000.0,
        "Net Income Continuous Operations": 22000000.0,
        "Tax Provision": 1000000.0,
        "Pretax Income": 23000000.0,
        "Other Income Expense": 36000000.0,
        "Other Non Operating Income Expenses": NaN,
        "Earnings From Equity Interest": 19000000.0,
        "Gain On Sale Of Security": 17000000.0,
        "Net Non Operating Interest Income Expense": 7000000.0,
        "Interest Expense Non Operating": 12000000.0,
        "Interest Income Non Operating": 19000000.0,
        "Operating Income": -20000000.0,
        "Operating Expense": 107000000.0,
        "Selling General And Administration": 107000000.0,
        "Gross Profit": 87000000.0,
        "Cost Of Revenue": 2104000000.0,
        "Total Revenue": 2191000000.0,
        "Operating Revenue": 2142000000.0
    },
    "2023-12-31": {
        "Tax Effect Of Unusual Items": 7350000.0,
        "Tax Rate For Calcs": 0.21,
        "Normalized EBITDA": 30000000.0,
        "Total Unusual Items": 35000000.0,
        "Total Unusual Items Excluding Goodwill": 35000000.0,
        "Net Income From Continuing Operation Net Minority Interest": 64000000.0,
        "Reconciled Depreciation": 69000000.0,
        "Reconciled Cost Of Revenue": 2261000000.0,
        "EBITDA": 65000000.0,
        "EBIT": -4000000.0,
        "Net Interest Income": 0.0,
        "Interest Expense": 17000000.0,
        "Interest Income": 17000000.0,
        "Normalized Income": 36350000.0,
        "Net Income From Continuing And Discontinued Operation": 64000000.0,
        "Total Expenses": 2369000000.0,
        "Total Operating Income As Reported": -87000000.0,
        "Diluted Average Shares": NaN,
        "Basic Average Shares": NaN,
        "Diluted EPS": NaN,
        "Basic EPS": NaN,
        "Diluted NI Availto Com Stockholders": 64000000.0,
        "Net Income Common Stockholders": 64000000.0,
        "Net Income": 64000000.0,
        "Minority Interests": -1000000.0,
        "Net Income Including Noncontrolling Interests": 65000000.0,
        "Net Income Continuous Operations": 65000000.0,
        "Tax Provision": -86000000.0,
        "Pretax Income": -21000000.0,
        "Other Income Expense": 66000000.0,
        "Other Non Operating Income Expenses": 0.0,
        "Earnings From Equity Interest": 31000000.0,
        "Gain On Sale Of Security": 35000000.0,
        "Net Non Operating Interest Income Expense": 0.0,
        "Interest Expense Non Operating": 17000000.0,
        "Interest Income Non Operating": 17000000.0,
        "Operating Income": -87000000.0,
        "Operating Expense": 108000000.0,
        "Selling General And Administration": 108000000.0,
        "Gross Profit": 21000000.0,
        "Cost Of Revenue": 2261000000.0,
        "Total Revenue": 2282000000.0,
        "Operating Revenue": 2228000000.0
    },
    "2023-09-30": {
        "Tax Effect Of Unusual Items": -1470000.0,
        "Tax Rate For Calcs": 0.21,
        "Normalized EBITDA": 181000000.0,
        "Total Unusual Items": -7000000.0,
        "Total Unusual Items Excluding Goodwill": -7000000.0,
        "Net Income From Continuing Operation Net Minority Interest": 126000000.0,
        "Reconciled Depreciation": 72000000.0,
        "Reconciled Cost Of Revenue": 2223000000.0,
        "EBITDA": 174000000.0,
        "EBIT": 102000000.0,
        "Net Interest Income": 9000000.0,
        "Interest Expense": 9000000.0,
        "Interest Income": 18000000.0,
        "Normalized Income": 131530000.0,
        "Net Income From Continuing And Discontinued Operation": 126000000.0,
        "Total Expenses": 2321000000.0,
        "Total Operating Income As Reported": 67000000.0,
        "Diluted Average Shares": 1160779.0,
        "Basic Average Shares": 1160779.0,
        "Diluted EPS": 108.55,
        "Basic EPS": 108.55,
        "Diluted NI Availto Com Stockholders": 126000000.0,
        "Net Income Common Stockholders": 126000000.0,
        "Net Income": 126000000.0,
        "Minority Interests": 0.0,
        "Net Income Including Noncontrolling Interests": 126000000.0,
        "Net Income Continuous Operations": 126000000.0,
        "Tax Provision": -33000000.0,
        "Pretax Income": 93000000.0,
        "Other Income Expense": 17000000.0,
        "Other Non Operating Income Expenses": 1000000.0,
        "Earnings From Equity Interest": 23000000.0,
        "Gain On Sale Of Security": -7000000.0,
        "Net Non Operating Interest Income Expense": 9000000.0,
        "Interest Expense Non Operating": 9000000.0,
        "Interest Income Non Operating": 18000000.0,
        "Operating Income": 67000000.0,
        "Operating Expense": 98000000.0,
        "Selling General And Administration": 98000000.0,
        "Gross Profit": 165000000.0,
        "Cost Of Revenue": 2223000000.0,
        "Total Revenue": 2388000000.0,
        "Operating Revenue": 2315000000.0
    },
    "2023-06-30": {
        "Tax Effect Of Unusual Items": NaN,
        "Tax Rate For Calcs": NaN,
        "Normalized EBITDA": NaN,
        "Total Unusual Items": NaN,
        "Total Unusual Items Excluding Goodwill": NaN,
        "Net Income From Continuing Operation Net Minority Interest": NaN,
        "Reconciled Depreciation": NaN,
        "Reconciled Cost Of Revenue": NaN,
        "EBITDA": NaN,
        "EBIT": NaN,
        "Net Interest Income": NaN,
        "Interest Expense": NaN,
        "Interest Income": NaN,
        "Normalized Income": NaN,
        "Net Income From Continuing And Discontinued Operation": NaN,
        "Total Expenses": NaN,
        "Total Operating Income As Reported": NaN,
        "Diluted Average Shares": 1160779.0,
        "Basic Average Shares": 1160779.0,
        "Diluted EPS": 44.8,
        "Basic EPS": 44.8,
        "Diluted NI Availto Com Stockholders": NaN,
        "Net Income Common Stockholders": NaN,
        "Net Income": NaN,
        "Minority Interests": NaN,
        "Net Income Including Noncontrolling Interests": NaN,
        "Net Income Continuous Operations": NaN,
        "Tax Provision": NaN,
        "Pretax Income": NaN,
        "Other Income Expense": NaN,
        "Other Non Operating Income Expenses": 3000000.0,
        "Earnings From Equity Interest": NaN,
        "Gain On Sale Of Security": NaN,
        "Net Non Operating Interest Income Expense": NaN,
        "Interest Expense Non Operating": NaN,
        "Interest Income Non Operating": NaN,
        "Operating Income": NaN,
        "Operating Expense": NaN,
        "Selling General And Administration": NaN,
        "Gross Profit": NaN,
        "Cost Of Revenue": NaN,
        "Total Revenue": NaN,
        "Operating Revenue": NaN
    },
    "2023-03-31": {
        "Tax Effect Of Unusual Items": NaN,
        "Tax Rate For Calcs": NaN,
        "Normalized EBITDA": NaN,
        "Total Unusual Items": NaN,
        "Total Unusual Items Excluding Goodwill": NaN,
        "Net Income From Continuing Operation Net Minority Interest": NaN,
        "Reconciled Depreciation": NaN,
        "Reconciled Cost Of Revenue": NaN,
        "EBITDA": NaN,
        "EBIT": NaN,
        "Net Interest Income": NaN,
        "Interest Expense": NaN,
        "Interest Income": NaN,
        "Normalized Income": NaN,
        "Net Income From Continuing And Discontinued Operation": NaN,
        "Total Expenses": NaN,
        "Total Operating Income As Reported": NaN,
        "Diluted Average Shares": 1160779.0,
        "Basic Average Shares": 1160779.0,
        "Diluted EPS": -13.78,
        "Basic EPS": -13.78,
        "Diluted NI Availto Com Stockholders": NaN,
        "Net Income Common Stockholders": NaN,
        "Net Income": NaN,
        "Minority Interests": NaN,
        "Net Income Including Noncontrolling Interests": NaN,
        "Net Income Continuous Operations": NaN,
        "Tax Provision": NaN,
        "Pretax Income": NaN,
        "Other Income Expense": NaN,
        "Other Non Operating Income Expenses": NaN,
        "Earnings From Equity Interest": NaN,
        "Gain On Sale Of Security": NaN,
        "Net Non Operating Interest Income Expense": NaN,
        "Interest Expense Non Operating": NaN,
        "Interest Income Non Operating": NaN,
        "Operating Income": NaN,
        "Operating Expense": NaN,
        "Selling General And Administration": NaN,
        "Gross Profit": NaN,
        "Cost Of Revenue": NaN,
        "Total Revenue": NaN,
        "Operating Revenue": NaN
    },
    "2022-12-31": {
        "Tax Effect Of Unusual Items": NaN,
        "Tax Rate For Calcs": NaN,
        "Normalized EBITDA": NaN,
        "Total Unusual Items": NaN,
        "Total Unusual Items Excluding Goodwill": NaN,
        "Net Income From Continuing Operation Net Minority Interest": NaN,
        "Reconciled Depreciation": NaN,
        "Reconciled Cost Of Revenue": NaN,
        "EBITDA": NaN,
        "EBIT": NaN,
        "Net Interest Income": NaN,
        "Interest Expense": NaN,
        "Interest Income": NaN,
        "Normalized Income": NaN,
        "Net Income From Continuing And Discontinued Operation": NaN,
        "Total Expenses": NaN,
        "Total Operating Income As Reported": NaN,
        "Diluted Average Shares": NaN,
        "Basic Average Shares": NaN,
        "Diluted EPS": NaN,
        "Basic EPS": NaN,
        "Diluted NI Availto Com Stockholders": NaN,
        "Net Income Common Stockholders": NaN,
        "Net Income": NaN,
        "Minority Interests": NaN,
        "Net Income Including Noncontrolling Interests": NaN,
        "Net Income Continuous Operations": NaN,
        "Tax Provision": NaN,
        "Pretax Income": NaN,
        "Other Income Expense": NaN,
        "Other Non Operating Income Expenses": 1000000.0,
        "Earnings From Equity Interest": NaN,
        "Gain On Sale Of Security": NaN,
        "Net Non Operating Interest Income Expense": NaN,
        "Interest Expense Non Operating": NaN,
        "Interest Income Non Operating": NaN,
        "Operating Income": NaN,
        "Operating Expense": NaN,
        "Selling General And Administration": NaN,
        "Gross Profit": NaN,
        "Cost Of Revenue": NaN,
        "Total Revenue": NaN,
        "Operating Revenue": NaN
    },
    "2022-09-30": {
        "Tax Effect Of Unusual Items": NaN,
        "Tax Rate For Calcs": NaN,
        "Normalized EBITDA": NaN,
        "Total Unusual Items": NaN,
        "Total Unusual Items Excluding Goodwill": NaN,
        "Net Income From Continuing Operation Net Minority Interest": NaN,
        "Reconciled Depreciation": NaN,
        "Reconciled Cost Of Revenue": NaN,
        "EBITDA": NaN,
        "EBIT": NaN,
        "Net Interest Income": NaN,
        "Interest Expense": NaN,
        "Interest Income": NaN,
        "Normalized Income": NaN,
        "Net Income From Continuing And Discontinued Operation": NaN,
        "Total Expenses": NaN,
        "Total Operating Income As Reported": NaN,
        "Diluted Average Shares": 1160779.0,
        "Basic Average Shares": 1160779.0,
        "Diluted EPS": 125.78,
        "Basic EPS": 125.78,
        "Diluted NI Availto Com Stockholders": NaN,
        "Net Income Common Stockholders": NaN,
        "Net Income": NaN,
        "Minority Interests": NaN,
        "Net Income Including Noncontrolling Interests": NaN,
        "Net Income Continuous Operations": NaN,
        "Tax Provision": NaN,
        "Pretax Income": NaN,
        "Other Income Expense": NaN,
        "Other Non Operating Income Expenses": 1000000.0,
        "Earnings From Equity Interest": NaN,
        "Gain On Sale Of Security": NaN,
        "Net Non Operating Interest Income Expense": NaN,
        "Interest Expense Non Operating": NaN,
        "Interest Income Non Operating": NaN,
        "Operating Income": NaN,
        "Operating Expense": NaN,
        "Selling General And Administration": NaN,
        "Gross Profit": NaN,
        "Cost Of Revenue": NaN,
        "Total Revenue": NaN,
        "Operating Revenue": NaN
    },
    "2024-06-30": {
        "Tax Effect Of Unusual Items": -1260000.0,
        "Tax Rate For Calcs": 0.21,
        "Normalized EBITDA": 142000000.0,
        "Total Unusual Items": -6000000.0,
        "Total Unusual Items Excluding Goodwill": -6000000.0,
        "Net Income From Continuing Operation Net Minority Interest": 61000000.0,
        "Reconciled Depreciation": 73000000.0,
        "Reconciled Cost Of Revenue": 2080000000.0,
        "EBITDA": 136000000.0,
        "EBIT": 63000000.0,
        "Net Interest Income": 0.0,
        "Interest Expense": 17000000.0,
        "Interest Income": 17000000.0,
        "Normalized Income": 65740000.0,
        "Net Income From Continuing And Discontinued Operation": 61000000.0,
        "Total Expenses": 2179000000.0,
        "Total Operating Income As Reported": 30000000.0,
        "Diluted Average Shares": 971055.0,
        "Basic Average Shares": 971055.0,
        "Diluted EPS": 62.82,
        "Basic EPS": 62.82,
        "Diluted NI Availto Com Stockholders": 61000000.0,
        "Net Income Common Stockholders": 61000000.0,
        "Net Income": 61000000.0,
        "Minority Interests": 0.0,
        "Net Income Including Noncontrolling Interests": 61000000.0,
        "Net Income Continuous Operations": 61000000.0,
        "Tax Provision": -15000000.0,
        "Pretax Income": 46000000.0,
        "Other Income Expense": 16000000.0,
        "Other Non Operating Income Expenses": -1000000.0,
        "Earnings From Equity Interest": 23000000.0,
        "Gain On Sale Of Security": -6000000.0,
        "Net Non Operating Interest Income Expense": 0.0,
        "Interest Expense Non Operating": 17000000.0,
        "Interest Income Non Operating": 17000000.0,
        "Operating Income": 30000000.0,
        "Operating Expense": 99000000.0,
        "Selling General And Administration": 99000000.0,
        "Gross Profit": 129000000.0,
        "Cost Of Revenue": 2080000000.0,
        "Total Revenue": 2209000000.0,
        "Operating Revenue": 2150000000.0
    },
    "2024-09-30": {
        "Tax Effect Of Unusual Items": -630000.0,
        "Tax Rate For Calcs": 0.21,
        "Normalized EBITDA": 138000000.0,
        "Total Unusual Items": -3000000.0,
        "Total Unusual Items Excluding Goodwill": -3000000.0,
        "Net Income From Continuing Operation Net Minority Interest": -149000000.0,
        "Reconciled Depreciation": 73000000.0,
        "Reconciled Cost Of Revenue": 2081000000.0,
        "EBITDA": 135000000.0,
        "EBIT": 62000000.0,
        "Net Interest Income": -5000000.0,
        "Interest Expense": 21000000.0,
        "Interest Income": 16000000.0,
        "Normalized Income": -146630000.0,
        "Net Income From Continuing And Discontinued Operation": -149000000.0,
        "Total Expenses": 2186000000.0,
        "Total Operating Income As Reported": 32000000.0,
        "Diluted Average Shares": 971055.0,
        "Basic Average Shares": 971055.0,
        "Diluted EPS": -153.44,
        "Basic EPS": -153.44,
        "Diluted NI Availto Com Stockholders": -149000000.0,
        "Net Income Common Stockholders": -149000000.0,
        "Net Income": -149000000.0,
        "Minority Interests": 0.0,
        "Net Income Including Noncontrolling Interests": -149000000.0,
        "Net Income Continuous Operations": -149000000.0,
        "Tax Provision": 190000000.0,
        "Pretax Income": 41000000.0,
        "Other Income Expense": 14000000.0,
        "Other Non Operating Income Expenses": NaN,
        "Earnings From Equity Interest": 17000000.0,
        "Gain On Sale Of Security": -3000000.0,
        "Net Non Operating Interest Income Expense": -5000000.0,
        "Interest Expense Non Operating": 21000000.0,
        "Interest Income Non Operating": 16000000.0,
        "Operating Income": 32000000.0,
        "Operating Expense": 105000000.0,
        "Selling General And Administration": 105000000.0,
        "Gross Profit": 137000000.0,
        "Cost Of Revenue": 2081000000.0,
        "Total Revenue": 2218000000.0,
        "Operating Revenue": 2149000000.0
    }
}