{
    "2023-03-31": {
        "Tax Effect Of Unusual Items": 0.0,
        "Tax Rate For Calcs": 0.0,
        "Normalized EBITDA": -17920000.0,
        "Total Unusual Items": -2729000.0,
        "Total Unusual Items Excluding Goodwill": -2729000.0,
        "Net Income From Continuing Operation Net Minority Interest": -21663000.0,
        "Reconciled Depreciation": 206000.0,
        "EBITDA": -20649000.0,
        "EBIT": -20855000.0,
        "Net Interest Income": -808000.0,
        "Interest Expense": 808000.0,
        "Normalized Income": -18934000.0,
        "Net Income From Continuing And Discontinued Operation": -21663000.0,
        "Total Expenses": 24319000.0,
        "Total Operating Income As Reported": -18381000.0,
        "Diluted Average Shares": 153345554.0,
        "Basic Average Shares": 153345554.0,
        "Diluted EPS": -0.14,
        "Basic EPS": -0.14,
        "Diluted NI Availto Com Stockholders": -21663000.0,
        "Net Income Common Stockholders": -21663000.0,
        "Net Income": -21663000.0,
        "Net Income Including Noncontrolling Interests": -21663000.0,
        "Net Income Continuous Operations": -21663000.0,
        "Tax Provision": NaN,
        "Pretax Income": -21663000.0,
        "Other Income Expense": -2474000.0,
        "Other Non Operating Income Expenses": 255000.0,
        "Gain On Sale Of Security": -2729000.0,
        "Net Non Operating Interest Income Expense": -808000.0,
        "Interest Expense Non Operating": 808000.0,
        "Operating Income": -18381000.0,
        "Operating Expense": 24319000.0,
        "Research And Development": 18624000.0,
        "Selling General And Administration": 5695000.0,
        "General And Administrative Expense": 5695000.0,
        "Other Gand A": 5695000.0,
        "Total Revenue": 5938000.0,
        "Operating Revenue": 5938000.0
    },
    "2022-12-31": {
        "Tax Effect Of Unusual Items": 5893200.0,
        "Tax Rate For Calcs": 0.4,
        "Normalized EBITDA": -8080000.0,
        "Total Unusual Items": 14733000.0,
        "Total Unusual Items Excluding Goodwill": 14733000.0,
        "Net Income From Continuing Operation Net Minority Interest": 5893000.0,
        "Reconciled Depreciation": 241000.0,
        "EBITDA": 6653000.0,
        "EBIT": 6412000.0,
        "Net Interest Income": -807000.0,
        "Interest Expense": 807000.0,
        "Normalized Income": -2946800.0,
        "Net Income From Continuing And Discontinued Operation": 5893000.0,
        "Total Expenses": 25291000.0,
        "Total Operating Income As Reported": -8496000.0,
        "Diluted Average Shares": 153125873.0,
        "Basic Average Shares": 153125873.0,
        "Diluted EPS": -0.05,
        "Basic EPS": 0.03,
        "Diluted NI Availto Com Stockholders": 5893000.0,
        "Net Income Common Stockholders": 5893000.0,
        "Net Income": 5893000.0,
        "Net Income Including Noncontrolling Interests": 5893000.0,
        "Net Income Continuous Operations": 5893000.0,
        "Tax Provision": -288000.0,
        "Pretax Income": 5605000.0,
        "Other Income Expense": 14908000.0,
        "Other Non Operating Income Expenses": 175000.0,
        "Gain On Sale Of Security": 14733000.0,
        "Net Non Operating Interest Income Expense": -807000.0,
        "Interest Expense Non Operating": 807000.0,
        "Operating Income": -8496000.0,
        "Operating Expense": 25291000.0,
        "Research And Development": 18967000.0,
        "Selling General And Administration": 6324000.0,
        "General And Administrative Expense": 6324000.0,
        "Other Gand A": 6324000.0,
        "Total Revenue": 16795000.0,
        "Operating Revenue": 16795000.0
    },
    "2022-09-30": {
        "Tax Effect Of Unusual Items": -227208.911614,
        "Tax Rate For Calcs": 0.03908,
        "Normalized EBITDA": -1248000.0,
        "Total Unusual Items": -5814000.0,
        "Total Unusual Items Excluding Goodwill": -5814000.0,
        "Net Income From Continuing Operation Net Minority Interest": -7893000.0,
        "Reconciled Depreciation": 350000.0,
        "EBITDA": -7062000.0,
        "EBIT": -7412000.0,
        "Net Interest Income": -802000.0,
        "Interest Expense": 802000.0,
        "Normalized Income": -2306208.911614,
        "Net Income From Continuing And Discontinued Operation": -7893000.0,
        "Total Expenses": 22309000.0,
        "Total Operating Income As Reported": -1599000.0,
        "Diluted Average Shares": 152849992.0,
        "Basic Average Shares": 152849992.0,
        "Diluted EPS": -0.05,
        "Basic EPS": -0.05,
        "Diluted NI Availto Com Stockholders": -7893000.0,
        "Net Income Common Stockholders": -7893000.0,
        "Net Income": -7893000.0,
        "Net Income Including Noncontrolling Interests": -7893000.0,
        "Net Income Continuous Operations": -7893000.0,
        "Tax Provision": -321000.0,
        "Pretax Income": -8214000.0,
        "Other Income Expense": -5813000.0,
        "Other Non Operating Income Expenses": 1000.0,
        "Gain On Sale Of Security": -5814000.0,
        "Net Non Operating Interest Income Expense": -802000.0,
        "Interest Expense Non Operating": 802000.0,
        "Operating Income": -1599000.0,
        "Operating Expense": 22309000.0,
        "Research And Development": 16539000.0,
        "Selling General And Administration": 5770000.0,
        "General And Administrative Expense": 5770000.0,
        "Other Gand A": 5770000.0,
        "Total Revenue": 20710000.0,
        "Operating Revenue": 20710000.0
    },
    "2022-06-30": {
        "Tax Effect Of Unusual Items": -1817600.0,
        "Tax Rate For Calcs": 0.4,
        "Normalized EBITDA": 13860000.0,
        "Total Unusual Items": -4544000.0,
        "Total Unusual Items Excluding Goodwill": -4544000.0,
        "Net Income From Continuing Operation Net Minority Interest": 8601000.0,
        "Reconciled Depreciation": 345000.0,
        "EBITDA": 9316000.0,
        "EBIT": 9316000.0,
        "Net Interest Income": -715000.0,
        "Interest Expense": 715000.0,
        "Normalized Income": 11327400.0,
        "Net Income From Continuing And Discontinued Operation": 8601000.0,
        "Total Expenses": 25413000.0,
        "Total Operating Income As Reported": 13860000.0,
        "Diluted Average Shares": 148505729.0,
        "Basic Average Shares": 148505729.0,
        "Diluted EPS": 0.06,
        "Basic EPS": 0.06,
        "Diluted NI Availto Com Stockholders": 8601000.0,
        "Average Dilution Earnings": 0.0,
        "Net Income Common Stockholders": 8601000.0,
        "Net Income": 8601000.0,
        "Net Income Including Noncontrolling Interests": 8601000.0,
        "Net Income Continuous Operations": 8601000.0,
        "Tax Provision": NaN,
        "Pretax Income": 8601000.0,
        "Other Income Expense": -4544000.0,
        "Other Non Operating Income Expenses": NaN,
        "Gain On Sale Of Security": -4544000.0,
        "Net Non Operating Interest Income Expense": -715000.0,
        "Interest Expense Non Operating": 715000.0,
        "Operating Income": 13860000.0,
        "Operating Expense": 25413000.0,
        "Research And Development": 19182000.0,
        "Selling General And Administration": 6231000.0,
        "General And Administrative Expense": 6231000.0,
        "Other Gand A": 6231000.0,
        "Total Revenue": 39273000.0,
        "Operating Revenue": 39273000.0
    },
    "2022-03-31": {
        "Diluted EPS": 0.08,
        "Total Revenue": 34,
        "Gross Profit": 34,
        "Operating Income": 11,
        "EBIT": 11,
        "Net Income": 29
    },
    "2021-12-31": {
        "Diluted EPS": 0.16,
        "Total Revenue": 30,
        "Gross Profit": 30,
        "Operating Income": 4,
        "EBIT": 4,
        "Net Income": 12
    },
    "2021-09-30": {
        "Diluted EPS": -0.16,
        "Total Revenue": 24,
        "Gross Profit": 24,
        "Operating Income": -2,
        "EBIT": -2,
        "Net Income": -18
    },
    "2021-06-30": {
        "Diluted EPS": 0.0,
        "Total Revenue": 20,
        "Gross Profit": 20,
        "Operating Income": 0,
        "EBIT": 1,
        "Net Income": 5
    },
    "2021-03-31": {
        "Diluted EPS": -0.22,
        "Total Revenue": 11,
        "Gross Profit": 11,
        "Operating Income": -7,
        "EBIT": -7,
        "Net Income": -25
    },
    "2020-12-31": {
        "Diluted EPS": -0.13,
        "Total Revenue": 12,
        "Gross Profit": 12,
        "Operating Income": -8,
        "EBIT": -8,
        "Net Income": -15
    },
    "2020-09-30": {
        "Diluted EPS": -0.09,
        "Total Revenue": 5,
        "Gross Profit": 5,
        "Operating Income": -14,
        "EBIT": -14,
        "Net Income": -10
    },
    "2020-06-30": {
        "Diluted EPS": -0.25,
        "Total Revenue": NaN,
        "Gross Profit": NaN,
        "Operating Income": -16,
        "EBIT": -16,
        "Net Income": -24
    },
    "2020-03-31": {
        "Diluted EPS": -0.21,
        "Total Revenue": NaN,
        "Gross Profit": NaN,
        "Operating Income": -19,
        "EBIT": -19,
        "Net Income": -20
    },
    "2019-12-31": {
        "Diluted EPS": -0.28,
        "Total Revenue": 7,
        "Gross Profit": 7,
        "Operating Income": -13,
        "EBIT": -12,
        "Net Income": -15
    },
    "2019-09-30": {
        "Diluted EPS": -0.26,
        "Total Revenue": NaN,
        "Gross Profit": NaN,
        "Operating Income": -12,
        "EBIT": -12,
        "Net Income": -12
    },
    "2019-06-30": {
        "Diluted EPS": -0.37,
        "Total Revenue": 0,
        "Gross Profit": 0,
        "Operating Income": -16,
        "EBIT": -16,
        "Net Income": -16
    },
    "2019-03-31": {
        "Diluted EPS": -0.31,
        "Total Revenue": 0,
        "Gross Profit": 0,
        "Operating Income": -12,
        "EBIT": -12,
        "Net Income": -12
    },
    "2018-12-31": {
        "Diluted EPS": -0.66,
        "Total Revenue": NaN,
        "Gross Profit": NaN,
        "Operating Income": -15,
        "EBIT": -15,
        "Net Income": -15
    },
    "2018-09-30": {
        "Diluted EPS": -0.71,
        "Total Revenue": NaN,
        "Gross Profit": NaN,
        "Operating Income": -16,
        "EBIT": -16,
        "Net Income": -16
    },
    "2018-06-30": {
        "Diluted EPS": -0.84,
        "Total Revenue": NaN,
        "Gross Profit": NaN,
        "Operating Income": -19,
        "EBIT": -18,
        "Net Income": -19
    },
    "2018-03-31": {
        "Diluted EPS": -0.71,
        "Total Revenue": NaN,
        "Gross Profit": NaN,
        "Operating Income": -16,
        "EBIT": -16,
        "Net Income": -16
    },
    "2017-12-31": {
        "Diluted EPS": -0.87,
        "Total Revenue": 0,
        "Gross Profit": 0,
        "Operating Income": -19,
        "EBIT": -19,
        "Net Income": -20
    },
    "2017-09-30": {
        "Diluted EPS": -0.66,
        "Total Revenue": 0,
        "Gross Profit": 0,
        "Operating Income": -14,
        "EBIT": -14,
        "Net Income": -15
    },
    "2017-06-30": {
        "Diluted EPS": -0.85,
        "Total Revenue": 0,
        "Gross Profit": 0,
        "Operating Income": -16,
        "EBIT": -16,
        "Net Income": -16
    },
    "2017-03-31": {
        "Diluted EPS": -0.82,
        "Total Revenue": 0,
        "Gross Profit": 0,
        "Operating Income": -15,
        "EBIT": -15,
        "Net Income": -15
    },
    "2016-12-31": {
        "Diluted EPS": 3.81,
        "Total Revenue": 3,
        "Gross Profit": 3,
        "Operating Income": -14,
        "EBIT": -14,
        "Net Income": -10
    },
    "2016-09-30": {
        "Diluted EPS": -0.43,
        "Total Revenue": 1,
        "Gross Profit": 1,
        "Operating Income": -7,
        "EBIT": -7,
        "Net Income": -8
    },
    "2016-06-30": {
        "Diluted EPS": -2.75,
        "Total Revenue": 2,
        "Gross Profit": 2,
        "Operating Income": -6,
        "EBIT": -6,
        "Net Income": -9
    },
    "2016-03-31": {
        "Diluted EPS": -4.52,
        "Total Revenue": 2,
        "Gross Profit": 2,
        "Operating Income": -7,
        "EBIT": -7,
        "Net Income": -10
    },
    "2015-12-31": {
        "Diluted EPS": 0.0,
        "Total Revenue": NaN,
        "Gross Profit": NaN,
        "Operating Income": NaN,
        "EBIT": NaN,
        "Net Income": NaN
    },
    "2015-09-30": {
        "Diluted EPS": -3.5,
        "Total Revenue": 2,
        "Gross Profit": 2,
        "Operating Income": -6,
        "EBIT": -6,
        "Net Income": -8
    },
    "2015-06-30": {
        "Diluted EPS": -3.93,
        "Total Revenue": 1,
        "Gross Profit": 1,
        "Operating Income": -6,
        "EBIT": -6,
        "Net Income": -8
    },
    "2014-12-31": {
        "Diluted EPS": 0.0,
        "Total Revenue": NaN,
        "Gross Profit": NaN,
        "Operating Income": NaN,
        "EBIT": NaN,
        "Net Income": NaN
    },
    "2023-06-30": {
        "Tax Effect Of Unusual Items": 0.0,
        "Tax Rate For Calcs": 0.0,
        "Normalized EBITDA": -18217000.0,
        "Total Unusual Items": 7758000.0,
        "Total Unusual Items Excluding Goodwill": 7758000.0,
        "Net Income From Continuing Operation Net Minority Interest": -11387000.0,
        "Reconciled Depreciation": 176000.0,
        "EBITDA": -10459000.0,
        "EBIT": -10635000.0,
        "Net Interest Income": -752000.0,
        "Interest Expense": 752000.0,
        "Normalized Income": -19145000.0,
        "Net Income From Continuing And Discontinued Operation": -11387000.0,
        "Total Expenses": 23887000.0,
        "Total Operating Income As Reported": -18638000.0,
        "Diluted Average Shares": 153442413.0,
        "Basic Average Shares": 153442413.0,
        "Diluted EPS": -0.07,
        "Basic EPS": -0.07,
        "Diluted NI Availto Com Stockholders": -11387000.0,
        "Net Income Common Stockholders": -11387000.0,
        "Net Income": -11387000.0,
        "Net Income Including Noncontrolling Interests": -11387000.0,
        "Net Income Continuous Operations": -11387000.0,
        "Tax Provision": NaN,
        "Pretax Income": -11387000.0,
        "Other Income Expense": 8003000.0,
        "Other Non Operating Income Expenses": 245000.0,
        "Gain On Sale Of Security": 7758000.0,
        "Net Non Operating Interest Income Expense": -752000.0,
        "Interest Expense Non Operating": 752000.0,
        "Operating Income": -18638000.0,
        "Operating Expense": 23887000.0,
        "Research And Development": 17782000.0,
        "Selling General And Administration": 6105000.0,
        "General And Administrative Expense": 6105000.0,
        "Other Gand A": 6105000.0,
        "Total Revenue": 5249000.0,
        "Operating Revenue": 5249000.0
    }
}