{
    "2023-03-31": {
        "Tax Effect Of Unusual Items": NaN,
        "Tax Rate For Calcs": NaN,
        "Normalized EBITDA": NaN,
        "Total Unusual Items": NaN,
        "Total Unusual Items Excluding Goodwill": NaN,
        "Net Income From Continuing Operation Net Minority Interest": NaN,
        "Reconciled Depreciation": NaN,
        "Reconciled Cost Of Revenue": NaN,
        "EBITDA": NaN,
        "EBIT": NaN,
        "Net Interest Income": NaN,
        "Interest Expense": NaN,
        "Interest Income": NaN,
        "Normalized Income": NaN,
        "Net Income From Continuing And Discontinued Operation": NaN,
        "Total Expenses": NaN,
        "Total Operating Income As Reported": NaN,
        "Diluted Average Shares": 31019311.0,
        "Basic Average Shares": 31019311.0,
        "Diluted EPS": -0.34,
        "Basic EPS": -0.34,
        "Diluted NI Availto Com Stockholders": NaN,
        "Net Income Common Stockholders": NaN,
        "Net Income": NaN,
        "Net Income Including Noncontrolling Interests": NaN,
        "Net Income Continuous Operations": NaN,
        "Pretax Income": NaN,
        "Other Income Expense": NaN,
        "Special Income Charges": NaN,
        "Gain On Sale Of Security": NaN,
        "Net Non Operating Interest Income Expense": NaN,
        "Interest Expense Non Operating": NaN,
        "Interest Income Non Operating": NaN,
        "Operating Income": NaN,
        "Operating Expense": NaN,
        "Research And Development": NaN,
        "Selling General And Administration": NaN,
        "Selling And Marketing Expense": NaN,
        "General And Administrative Expense": NaN,
        "Other Gand A": NaN,
        "Gross Profit": NaN,
        "Cost Of Revenue": NaN,
        "Total Revenue": NaN,
        "Operating Revenue": NaN
    },
    "2022-12-31": {
        "Tax Effect Of Unusual Items": NaN,
        "Tax Rate For Calcs": NaN,
        "Normalized EBITDA": NaN,
        "Total Unusual Items": NaN,
        "Total Unusual Items Excluding Goodwill": NaN,
        "Net Income From Continuing Operation Net Minority Interest": NaN,
        "Reconciled Depreciation": NaN,
        "Reconciled Cost Of Revenue": NaN,
        "EBITDA": NaN,
        "EBIT": NaN,
        "Net Interest Income": NaN,
        "Interest Expense": NaN,
        "Interest Income": NaN,
        "Normalized Income": NaN,
        "Net Income From Continuing And Discontinued Operation": NaN,
        "Total Expenses": NaN,
        "Total Operating Income As Reported": NaN,
        "Diluted Average Shares": NaN,
        "Basic Average Shares": NaN,
        "Diluted EPS": NaN,
        "Basic EPS": NaN,
        "Diluted NI Availto Com Stockholders": NaN,
        "Net Income Common Stockholders": NaN,
        "Net Income": NaN,
        "Net Income Including Noncontrolling Interests": NaN,
        "Net Income Continuous Operations": NaN,
        "Pretax Income": NaN,
        "Other Income Expense": NaN,
        "Special Income Charges": 0.0,
        "Gain On Sale Of Security": NaN,
        "Net Non Operating Interest Income Expense": NaN,
        "Interest Expense Non Operating": NaN,
        "Interest Income Non Operating": NaN,
        "Operating Income": NaN,
        "Operating Expense": NaN,
        "Research And Development": NaN,
        "Selling General And Administration": NaN,
        "Selling And Marketing Expense": NaN,
        "General And Administrative Expense": NaN,
        "Other Gand A": NaN,
        "Gross Profit": NaN,
        "Cost Of Revenue": NaN,
        "Total Revenue": NaN,
        "Operating Revenue": NaN
    },
    "2022-09-30": {
        "Tax Effect Of Unusual Items": NaN,
        "Tax Rate For Calcs": NaN,
        "Normalized EBITDA": NaN,
        "Total Unusual Items": NaN,
        "Total Unusual Items Excluding Goodwill": NaN,
        "Net Income From Continuing Operation Net Minority Interest": NaN,
        "Reconciled Depreciation": NaN,
        "Reconciled Cost Of Revenue": NaN,
        "EBITDA": NaN,
        "EBIT": NaN,
        "Net Interest Income": NaN,
        "Interest Expense": NaN,
        "Interest Income": NaN,
        "Normalized Income": NaN,
        "Net Income From Continuing And Discontinued Operation": NaN,
        "Total Expenses": NaN,
        "Total Operating Income As Reported": NaN,
        "Diluted Average Shares": NaN,
        "Basic Average Shares": NaN,
        "Diluted EPS": NaN,
        "Basic EPS": NaN,
        "Diluted NI Availto Com Stockholders": NaN,
        "Net Income Common Stockholders": NaN,
        "Net Income": NaN,
        "Net Income Including Noncontrolling Interests": NaN,
        "Net Income Continuous Operations": NaN,
        "Pretax Income": NaN,
        "Other Income Expense": NaN,
        "Special Income Charges": 0.0,
        "Gain On Sale Of Security": NaN,
        "Net Non Operating Interest Income Expense": NaN,
        "Interest Expense Non Operating": NaN,
        "Interest Income Non Operating": NaN,
        "Operating Income": NaN,
        "Operating Expense": NaN,
        "Research And Development": NaN,
        "Selling General And Administration": NaN,
        "Selling And Marketing Expense": NaN,
        "General And Administrative Expense": NaN,
        "Other Gand A": NaN,
        "Gross Profit": NaN,
        "Cost Of Revenue": NaN,
        "Total Revenue": NaN,
        "Operating Revenue": NaN
    },
    "2022-06-30": {
        "Tax Effect Of Unusual Items": 0.0,
        "Tax Rate For Calcs": 0.0,
        "Normalized EBITDA": -11317000.0,
        "Total Unusual Items": 0.0,
        "Total Unusual Items Excluding Goodwill": 0.0,
        "Net Income From Continuing Operation Net Minority Interest": -11520000.0,
        "Reconciled Depreciation": 185000.0,
        "Reconciled Cost Of Revenue": 56000.0,
        "EBITDA": -11317000.0,
        "EBIT": -11502000.0,
        "Net Interest Income": 48000.0,
        "Interest Expense": 18000.0,
        "Interest Income": 66000.0,
        "Normalized Income": -11520000.0,
        "Net Income From Continuing And Discontinued Operation": -11520000.0,
        "Total Expenses": 11824000.0,
        "Total Operating Income As Reported": -11746000.0,
        "Diluted Average Shares": 30945616.0,
        "Basic Average Shares": 30945616.0,
        "Diluted EPS": -0.37,
        "Basic EPS": -0.37,
        "Diluted NI Availto Com Stockholders": -11520000.0,
        "Net Income Common Stockholders": -11520000.0,
        "Net Income": -11520000.0,
        "Net Income Including Noncontrolling Interests": -11520000.0,
        "Net Income Continuous Operations": -11520000.0,
        "Pretax Income": -11520000.0,
        "Other Income Expense": 178000.0,
        "Other Non Operating Income Expenses": 178000.0,
        "Special Income Charges": 0.0,
        "Gain On Sale Of Security": NaN,
        "Net Non Operating Interest Income Expense": 48000.0,
        "Interest Expense Non Operating": 18000.0,
        "Interest Income Non Operating": 66000.0,
        "Operating Income": -11746000.0,
        "Operating Expense": 11768000.0,
        "Research And Development": 3261000.0,
        "Selling General And Administration": 8507000.0,
        "Selling And Marketing Expense": 4219000.0,
        "General And Administrative Expense": 4288000.0,
        "Other Gand A": 4288000.0,
        "Gross Profit": 22000.0,
        "Cost Of Revenue": 56000.0,
        "Total Revenue": 78000.0,
        "Operating Revenue": 78000.0
    },
    "2022-03-31": {
        "Diluted EPS": -0.4,
        "Total Revenue": 0,
        "Gross Profit": 0,
        "Operating Income": -12,
        "EBIT": -12,
        "Net Income": -12
    },
    "2021-12-31": {
        "Diluted EPS": 4.78,
        "Total Revenue": 0,
        "Gross Profit": 0,
        "Operating Income": -13,
        "EBIT": -12,
        "Net Income": -12
    },
    "2021-09-30": {
        "Diluted EPS": -0.39,
        "Total Revenue": 0,
        "Gross Profit": 0,
        "Operating Income": -9,
        "EBIT": -9,
        "Net Income": -10
    },
    "2021-06-30": {
        "Diluted EPS": -3.17,
        "Total Revenue": 0,
        "Gross Profit": 0,
        "Operating Income": -7,
        "EBIT": -7,
        "Net Income": -6
    },
    "2021-03-31": {
        "Diluted EPS": -3.55,
        "Total Revenue": 0,
        "Gross Profit": 0,
        "Operating Income": -6,
        "EBIT": -6,
        "Net Income": -6
    },
    "2020-12-31": {
        "Diluted EPS": 0.0,
        "Total Revenue": NaN,
        "Gross Profit": NaN,
        "Operating Income": NaN,
        "EBIT": NaN,
        "Net Income": NaN
    },
    "2020-09-30": {
        "Diluted EPS": -3.3,
        "Total Revenue": 0,
        "Gross Profit": 0,
        "Operating Income": -5,
        "EBIT": -4,
        "Net Income": -5
    },
    "2020-06-30": {
        "Diluted EPS": -3.08,
        "Total Revenue": 0,
        "Gross Profit": 0,
        "Operating Income": -4,
        "EBIT": -4,
        "Net Income": -5
    },
    "2023-06-30": {
        "Tax Effect Of Unusual Items": 0.0,
        "Tax Rate For Calcs": 0.0,
        "Normalized EBITDA": -10888000.0,
        "Total Unusual Items": 595000.0,
        "Total Unusual Items Excluding Goodwill": 595000.0,
        "Net Income From Continuing Operation Net Minority Interest": -10542000.0,
        "Reconciled Depreciation": 235000.0,
        "Reconciled Cost Of Revenue": 80000.0,
        "EBITDA": -10293000.0,
        "EBIT": -10528000.0,
        "Net Interest Income": 323000.0,
        "Interest Expense": 14000.0,
        "Interest Income": 337000.0,
        "Normalized Income": -11137000.0,
        "Net Income From Continuing And Discontinued Operation": -10542000.0,
        "Total Expenses": 11583000.0,
        "Total Operating Income As Reported": -11460000.0,
        "Diluted Average Shares": 31077420.0,
        "Basic Average Shares": 31077420.0,
        "Diluted EPS": -0.34,
        "Basic EPS": -0.34,
        "Diluted NI Availto Com Stockholders": -10542000.0,
        "Net Income Common Stockholders": -10542000.0,
        "Net Income": -10542000.0,
        "Net Income Including Noncontrolling Interests": -10542000.0,
        "Net Income Continuous Operations": -10542000.0,
        "Pretax Income": -10542000.0,
        "Other Income Expense": 595000.0,
        "Special Income Charges": NaN,
        "Gain On Sale Of Security": 595000.0,
        "Net Non Operating Interest Income Expense": 323000.0,
        "Interest Expense Non Operating": 14000.0,
        "Interest Income Non Operating": 337000.0,
        "Operating Income": -11460000.0,
        "Operating Expense": 11503000.0,
        "Research And Development": 3688000.0,
        "Selling General And Administration": 7815000.0,
        "Selling And Marketing Expense": 2872000.0,
        "General And Administrative Expense": 4943000.0,
        "Other Gand A": 4943000.0,
        "Gross Profit": 43000.0,
        "Cost Of Revenue": 80000.0,
        "Total Revenue": 123000.0,
        "Operating Revenue": 123000.0
    },
    "2023-09-30": {
        "Tax Effect Of Unusual Items": 0.0,
        "Tax Rate For Calcs": 0.0,
        "Normalized EBITDA": -7494000.0,
        "Total Unusual Items": 514000.0,
        "Total Unusual Items Excluding Goodwill": 514000.0,
        "Net Income From Continuing Operation Net Minority Interest": -7210000.0,
        "Reconciled Depreciation": 216000.0,
        "Reconciled Cost Of Revenue": 44000.0,
        "EBITDA": -6980000.0,
        "EBIT": -7196000.0,
        "Net Interest Income": 460000.0,
        "Interest Expense": 14000.0,
        "Interest Income": 474000.0,
        "Normalized Income": -7724000.0,
        "Net Income From Continuing And Discontinued Operation": -7210000.0,
        "Total Expenses": 8226000.0,
        "Total Operating Income As Reported": -8184000.0,
        "Diluted Average Shares": 31286148.0,
        "Basic Average Shares": 31286148.0,
        "Diluted EPS": -0.23,
        "Basic EPS": -0.23,
        "Diluted NI Availto Com Stockholders": -7210000.0,
        "Net Income Common Stockholders": -7210000.0,
        "Net Income": -7210000.0,
        "Net Income Including Noncontrolling Interests": -7210000.0,
        "Net Income Continuous Operations": -7210000.0,
        "Pretax Income": -7210000.0,
        "Other Income Expense": 514000.0,
        "Special Income Charges": NaN,
        "Gain On Sale Of Security": 514000.0,
        "Net Non Operating Interest Income Expense": 460000.0,
        "Interest Expense Non Operating": 14000.0,
        "Interest Income Non Operating": 474000.0,
        "Operating Income": -8184000.0,
        "Operating Expense": 8182000.0,
        "Research And Development": 3539000.0,
        "Selling General And Administration": 4643000.0,
        "Selling And Marketing Expense": 1355000.0,
        "General And Administrative Expense": 3288000.0,
        "Other Gand A": 3288000.0,
        "Gross Profit": -2000.0,
        "Cost Of Revenue": 44000.0,
        "Total Revenue": 42000.0,
        "Operating Revenue": 42000.0
    },
    "2023-12-31": {
        "Tax Effect Of Unusual Items": 0.0,
        "Tax Rate For Calcs": 0.0,
        "Normalized EBITDA": -8063000.0,
        "Total Unusual Items": 361000.0,
        "Total Unusual Items Excluding Goodwill": 361000.0,
        "Net Income From Continuing Operation Net Minority Interest": -7925000.0,
        "Reconciled Depreciation": 212000.0,
        "Reconciled Cost Of Revenue": 24000.0,
        "EBITDA": -7702000.0,
        "EBIT": -7914000.0,
        "Net Interest Income": 562000.0,
        "Interest Expense": 11000.0,
        "Interest Income": 573000.0,
        "Normalized Income": -8286000.0,
        "Net Income From Continuing And Discontinued Operation": -7925000.0,
        "Total Expenses": 8889000.0,
        "Total Operating Income As Reported": -8848000.0,
        "Diluted Average Shares": NaN,
        "Basic Average Shares": NaN,
        "Diluted EPS": NaN,
        "Basic EPS": NaN,
        "Diluted NI Availto Com Stockholders": -7925000.0,
        "Net Income Common Stockholders": -7925000.0,
        "Net Income": -7925000.0,
        "Net Income Including Noncontrolling Interests": -7925000.0,
        "Net Income Continuous Operations": -7925000.0,
        "Pretax Income": -7925000.0,
        "Other Income Expense": 361000.0,
        "Special Income Charges": NaN,
        "Gain On Sale Of Security": 361000.0,
        "Net Non Operating Interest Income Expense": 562000.0,
        "Interest Expense Non Operating": 11000.0,
        "Interest Income Non Operating": 573000.0,
        "Operating Income": -8848000.0,
        "Operating Expense": 8865000.0,
        "Research And Development": 3895000.0,
        "Selling General And Administration": 4970000.0,
        "Selling And Marketing Expense": 1304000.0,
        "General And Administrative Expense": 3666000.0,
        "Other Gand A": 3666000.0,
        "Gross Profit": 17000.0,
        "Cost Of Revenue": 24000.0,
        "Total Revenue": 41000.0,
        "Operating Revenue": 41000.0
    },
    "2024-03-31": {
        "Tax Effect Of Unusual Items": 0.0,
        "Tax Rate For Calcs": 0.0,
        "Normalized EBITDA": -8214000.0,
        "Total Unusual Items": 339000.0,
        "Total Unusual Items Excluding Goodwill": 339000.0,
        "Net Income From Continuing Operation Net Minority Interest": -8097000.0,
        "Reconciled Depreciation": 213000.0,
        "Reconciled Cost Of Revenue": 17000.0,
        "EBITDA": -7875000.0,
        "EBIT": -8088000.0,
        "Net Interest Income": 661000.0,
        "Interest Expense": 9000.0,
        "Interest Income": 670000.0,
        "Normalized Income": -8436000.0,
        "Net Income From Continuing And Discontinued Operation": -8097000.0,
        "Total Expenses": 9097000.0,
        "Total Operating Income As Reported": -9097000.0,
        "Diluted Average Shares": 32220038.0,
        "Basic Average Shares": 32220038.0,
        "Diluted EPS": -0.25,
        "Basic EPS": -0.25,
        "Diluted NI Availto Com Stockholders": -8097000.0,
        "Net Income Common Stockholders": -8097000.0,
        "Net Income": -8097000.0,
        "Net Income Including Noncontrolling Interests": -8097000.0,
        "Net Income Continuous Operations": -8097000.0,
        "Pretax Income": -8097000.0,
        "Other Income Expense": 339000.0,
        "Special Income Charges": NaN,
        "Gain On Sale Of Security": 339000.0,
        "Net Non Operating Interest Income Expense": 661000.0,
        "Interest Expense Non Operating": 9000.0,
        "Interest Income Non Operating": 670000.0,
        "Operating Income": -9097000.0,
        "Operating Expense": 9080000.0,
        "Research And Development": 3683000.0,
        "Selling General And Administration": 5397000.0,
        "Selling And Marketing Expense": 1227000.0,
        "General And Administrative Expense": 4170000.0,
        "Other Gand A": 4170000.0,
        "Gross Profit": -17000.0,
        "Cost Of Revenue": 17000.0,
        "Total Revenue": 0.0,
        "Operating Revenue": 0.0
    },
    "2024-06-30": {
        "Tax Effect Of Unusual Items": 0.0,
        "Tax Rate For Calcs": 0.0,
        "Normalized EBITDA": -8374000.0,
        "Total Unusual Items": 287000.0,
        "Total Unusual Items Excluding Goodwill": 287000.0,
        "Net Income From Continuing Operation Net Minority Interest": -8303000.0,
        "Reconciled Depreciation": 208000.0,
        "Reconciled Cost Of Revenue": 20000.0,
        "EBITDA": -8087000.0,
        "EBIT": -8295000.0,
        "Net Interest Income": 663000.0,
        "Interest Expense": 8000.0,
        "Interest Income": 671000.0,
        "Normalized Income": -8590000.0,
        "Net Income From Continuing And Discontinued Operation": -8303000.0,
        "Total Expenses": 9277000.0,
        "Total Operating Income As Reported": -9253000.0,
        "Diluted Average Shares": 32932903.0,
        "Basic Average Shares": 32932903.0,
        "Diluted EPS": -0.25,
        "Basic EPS": -0.25,
        "Diluted NI Availto Com Stockholders": -8303000.0,
        "Net Income Common Stockholders": -8303000.0,
        "Net Income": -8303000.0,
        "Net Income Including Noncontrolling Interests": -8303000.0,
        "Net Income Continuous Operations": -8303000.0,
        "Pretax Income": -8303000.0,
        "Other Income Expense": 287000.0,
        "Special Income Charges": NaN,
        "Gain On Sale Of Security": 287000.0,
        "Net Non Operating Interest Income Expense": 663000.0,
        "Interest Expense Non Operating": 8000.0,
        "Interest Income Non Operating": 671000.0,
        "Operating Income": -9253000.0,
        "Operating Expense": 9257000.0,
        "Research And Development": 4406000.0,
        "Selling General And Administration": 4851000.0,
        "Selling And Marketing Expense": 1099000.0,
        "General And Administrative Expense": 3752000.0,
        "Other Gand A": 3752000.0,
        "Gross Profit": 4000.0,
        "Cost Of Revenue": 20000.0,
        "Total Revenue": 24000.0,
        "Operating Revenue": 24000.0
    }
}