{
    "2023-03-31": {
        "Tax Effect Of Unusual Items": 119490.0,
        "Tax Rate For Calcs": 0.21,
        "Normalized EBITDA": -21121000.0,
        "Total Unusual Items": 569000.0,
        "Total Unusual Items Excluding Goodwill": 569000.0,
        "Net Income From Continuing Operation Net Minority Interest": -16226000.0,
        "Reconciled Depreciation": 1060000.0,
        "EBITDA": -20552000.0,
        "EBIT": -21612000.0,
        "Net Interest Income": 4140000.0,
        "Interest Income": 4140000.0,
        "Normalized Income": -16675510.0,
        "Net Income From Continuing And Discontinued Operation": -16226000.0,
        "Total Expenses": 21612000.0,
        "Total Operating Income As Reported": -21612000.0,
        "Diluted Average Shares": 313422442.0,
        "Basic Average Shares": 313422442.0,
        "Diluted EPS": -0.05,
        "Basic EPS": -0.05,
        "Diluted NI Availto Com Stockholders": -16226000.0,
        "Net Income Common Stockholders": -16226000.0,
        "Net Income": -16226000.0,
        "Net Income Including Noncontrolling Interests": -16226000.0,
        "Net Income Continuous Operations": -16226000.0,
        "Tax Provision": 143000.0,
        "Pretax Income": -16083000.0,
        "Other Income Expense": 1389000.0,
        "Other Non Operating Income Expenses": 820000.0,
        "Special Income Charges": 569000.0,
        "Restructuring And Mergern Acquisition": -569000.0,
        "Net Non Operating Interest Income Expense": 4140000.0,
        "Interest Income Non Operating": 4140000.0,
        "Operating Income": -21612000.0,
        "Operating Expense": 21612000.0,
        "Research And Development": 8489000.0,
        "Selling General And Administration": 13123000.0,
        "General And Administrative Expense": 13123000.0,
        "Other Gand A": 13123000.0,
        "Total Revenue": 0.0,
        "Operating Revenue": 0.0
    },
    "2022-12-31": {
        "Tax Effect Of Unusual Items": 1896720.0,
        "Tax Rate For Calcs": 0.21,
        "Normalized EBITDA": -27604000.0,
        "Total Unusual Items": 9032000.0,
        "Total Unusual Items Excluding Goodwill": 9032000.0,
        "Net Income From Continuing Operation Net Minority Interest": -8647000.0,
        "Reconciled Depreciation": 1016000.0,
        "EBITDA": -18572000.0,
        "EBIT": -19588000.0,
        "Net Interest Income": 3736000.0,
        "Interest Income": 3736000.0,
        "Normalized Income": -15782280.0,
        "Net Income From Continuing And Discontinued Operation": -8647000.0,
        "Total Expenses": 19588000.0,
        "Total Operating Income As Reported": -19588000.0,
        "Diluted Average Shares": 311737683.0,
        "Basic Average Shares": 311737683.0,
        "Diluted EPS": -0.03,
        "Basic EPS": -0.03,
        "Diluted NI Availto Com Stockholders": -8647000.0,
        "Net Income Common Stockholders": -8647000.0,
        "Net Income": -8647000.0,
        "Net Income Including Noncontrolling Interests": -8647000.0,
        "Net Income Continuous Operations": -8647000.0,
        "Tax Provision": 945000.0,
        "Pretax Income": -7702000.0,
        "Other Income Expense": 8150000.0,
        "Other Non Operating Income Expenses": -882000.0,
        "Special Income Charges": 9032000.0,
        "Restructuring And Mergern Acquisition": -9032000.0,
        "Net Non Operating Interest Income Expense": 3736000.0,
        "Interest Income Non Operating": 3736000.0,
        "Operating Income": -19588000.0,
        "Operating Expense": 19588000.0,
        "Research And Development": 8287000.0,
        "Selling General And Administration": 11301000.0,
        "General And Administrative Expense": 11301000.0,
        "Other Gand A": 11301000.0,
        "Total Revenue": 0.0,
        "Operating Revenue": 0.0
    },
    "2022-09-30": {
        "Tax Effect Of Unusual Items": -1022700.0,
        "Tax Rate For Calcs": 0.21,
        "Normalized EBITDA": -16265000.0,
        "Total Unusual Items": -4870000.0,
        "Total Unusual Items Excluding Goodwill": -4870000.0,
        "Net Income From Continuing Operation Net Minority Interest": -24328000.0,
        "Reconciled Depreciation": 594000.0,
        "EBITDA": -21135000.0,
        "EBIT": -21729000.0,
        "Net Interest Income": 1972000.0,
        "Interest Income": 1972000.0,
        "Normalized Income": -20480700.0,
        "Net Income From Continuing And Discontinued Operation": -24328000.0,
        "Total Expenses": 21729000.0,
        "Total Operating Income As Reported": -21729000.0,
        "Diluted Average Shares": 311680656.0,
        "Basic Average Shares": 311680656.0,
        "Diluted EPS": -0.08,
        "Basic EPS": -0.08,
        "Diluted NI Availto Com Stockholders": -24328000.0,
        "Net Income Common Stockholders": -24328000.0,
        "Net Income": -24328000.0,
        "Net Income Including Noncontrolling Interests": -24328000.0,
        "Net Income Continuous Operations": -24328000.0,
        "Tax Provision": 121000.0,
        "Pretax Income": -24207000.0,
        "Other Income Expense": -4450000.0,
        "Other Non Operating Income Expenses": 420000.0,
        "Special Income Charges": -4870000.0,
        "Restructuring And Mergern Acquisition": 4870000.0,
        "Net Non Operating Interest Income Expense": 1972000.0,
        "Interest Income Non Operating": 1972000.0,
        "Operating Income": -21729000.0,
        "Operating Expense": 21729000.0,
        "Research And Development": 8421000.0,
        "Selling General And Administration": 13308000.0,
        "General And Administrative Expense": 13308000.0,
        "Other Gand A": 13308000.0,
        "Total Revenue": 0.0,
        "Operating Revenue": 0.0
    },
    "2022-06-30": {
        "Tax Effect Of Unusual Items": 560700.968128,
        "Tax Rate For Calcs": 0.019363,
        "Normalized EBITDA": -48017000.0,
        "Total Unusual Items": 28958000.0,
        "Total Unusual Items Excluding Goodwill": 28958000.0,
        "Net Income From Continuing Operation Net Minority Interest": 9015000.0,
        "Reconciled Depreciation": 576000.0,
        "EBITDA": -19059000.0,
        "EBIT": -19059000.0,
        "Net Interest Income": 465000.0,
        "Interest Income": 465000.0,
        "Normalized Income": -19382299.031872,
        "Net Income From Continuing And Discontinued Operation": 9015000.0,
        "Total Expenses": 19059000.0,
        "Total Operating Income As Reported": -19059000.0,
        "Diluted Average Shares": 310255853.0,
        "Basic Average Shares": 310255853.0,
        "Diluted EPS": 0.03,
        "Basic EPS": 0.03,
        "Diluted NI Availto Com Stockholders": 9015000.0,
        "Net Income Common Stockholders": 9015000.0,
        "Net Income": 9015000.0,
        "Net Income Including Noncontrolling Interests": 9015000.0,
        "Net Income Continuous Operations": 9015000.0,
        "Tax Provision": 178000.0,
        "Pretax Income": 9193000.0,
        "Other Income Expense": 27787000.0,
        "Other Non Operating Income Expenses": -1171000.0,
        "Special Income Charges": 28958000.0,
        "Restructuring And Mergern Acquisition": -28958000.0,
        "Gain On Sale Of Security": 28958000.0,
        "Net Non Operating Interest Income Expense": 465000.0,
        "Interest Income Non Operating": 465000.0,
        "Operating Income": -19059000.0,
        "Operating Expense": 19059000.0,
        "Research And Development": 7192000.0,
        "Selling General And Administration": 11867000.0,
        "General And Administrative Expense": 11867000.0,
        "Other Gand A": 11867000.0,
        "Total Revenue": 0.0,
        "Operating Revenue": 0.0
    },
    "2022-03-31": {
        "Diluted EPS": -0.12,
        "Total Revenue": NaN,
        "Gross Profit": NaN,
        "Operating Income": -19,
        "EBIT": -19,
        "Net Income": -27
    },
    "2021-12-31": {
        "Diluted EPS": -0.17,
        "Total Revenue": NaN,
        "Gross Profit": NaN,
        "Operating Income": -10,
        "EBIT": -10,
        "Net Income": -10
    },
    "2021-09-30": {
        "Diluted EPS": -0.17,
        "Total Revenue": NaN,
        "Gross Profit": NaN,
        "Operating Income": -11,
        "EBIT": -10,
        "Net Income": -11
    },
    "2021-06-30": {
        "Diluted EPS": -0.11,
        "Total Revenue": NaN,
        "Gross Profit": NaN,
        "Operating Income": -7,
        "EBIT": -6,
        "Net Income": -7
    },
    "2021-03-31": {
        "Diluted EPS": -0.06,
        "Total Revenue": NaN,
        "Gross Profit": NaN,
        "Operating Income": -4,
        "EBIT": -4,
        "Net Income": -4
    },
    "2020-12-31": {
        "Diluted EPS": 0.0,
        "Total Revenue": NaN,
        "Gross Profit": NaN,
        "Operating Income": NaN,
        "EBIT": NaN,
        "Net Income": NaN
    },
    "2020-09-30": {
        "Diluted EPS": 0.0,
        "Total Revenue": NaN,
        "Gross Profit": NaN,
        "Operating Income": NaN,
        "EBIT": NaN,
        "Net Income": NaN
    },
    "2023-06-30": {
        "Tax Effect Of Unusual Items": 614460.0,
        "Tax Rate For Calcs": 0.21,
        "Normalized EBITDA": -20940000.0,
        "Total Unusual Items": 2926000.0,
        "Total Unusual Items Excluding Goodwill": 2926000.0,
        "Net Income From Continuing Operation Net Minority Interest": -12948000.0,
        "Reconciled Depreciation": 1257000.0,
        "EBITDA": -18014000.0,
        "EBIT": -19271000.0,
        "Net Interest Income": 4129000.0,
        "Interest Income": 4129000.0,
        "Normalized Income": -15259540.0,
        "Net Income From Continuing And Discontinued Operation": -12948000.0,
        "Total Expenses": 19271000.0,
        "Total Operating Income As Reported": -19271000.0,
        "Diluted Average Shares": 314578498.0,
        "Basic Average Shares": 314578498.0,
        "Diluted EPS": -0.04,
        "Basic EPS": -0.04,
        "Diluted NI Availto Com Stockholders": -12948000.0,
        "Net Income Common Stockholders": -12948000.0,
        "Net Income": -12948000.0,
        "Net Income Including Noncontrolling Interests": -12948000.0,
        "Net Income Continuous Operations": -12948000.0,
        "Tax Provision": 327000.0,
        "Pretax Income": -12621000.0,
        "Other Income Expense": 2521000.0,
        "Other Non Operating Income Expenses": -405000.0,
        "Special Income Charges": 2926000.0,
        "Restructuring And Mergern Acquisition": -2926000.0,
        "Net Non Operating Interest Income Expense": 4129000.0,
        "Interest Income Non Operating": 4129000.0,
        "Operating Income": -19271000.0,
        "Operating Expense": 19271000.0,
        "Research And Development": 6347000.0,
        "Selling General And Administration": 12924000.0,
        "General And Administrative Expense": 12924000.0,
        "Other Gand A": 12924000.0,
        "Total Revenue": 0.0,
        "Operating Revenue": 0.0
    },
    "2023-09-30": {
        "Tax Effect Of Unusual Items": 402570.0,
        "Tax Rate For Calcs": 0.21,
        "Normalized EBITDA": -19663000.0,
        "Total Unusual Items": 1917000.0,
        "Total Unusual Items Excluding Goodwill": 1917000.0,
        "Net Income From Continuing Operation Net Minority Interest": -13473000.0,
        "Reconciled Depreciation": 1611000.0,
        "EBITDA": -17746000.0,
        "EBIT": -19357000.0,
        "Net Interest Income": 4197000.0,
        "Interest Income": 4197000.0,
        "Normalized Income": -14987430.0,
        "Net Income From Continuing And Discontinued Operation": -13473000.0,
        "Total Expenses": 19357000.0,
        "Total Operating Income As Reported": -19357000.0,
        "Diluted Average Shares": 315627263.0,
        "Basic Average Shares": 315627263.0,
        "Diluted EPS": -0.04,
        "Basic EPS": -0.04,
        "Diluted NI Availto Com Stockholders": -13473000.0,
        "Net Income Common Stockholders": -13473000.0,
        "Net Income": -13473000.0,
        "Net Income Including Noncontrolling Interests": -13473000.0,
        "Net Income Continuous Operations": -13473000.0,
        "Tax Provision": 208000.0,
        "Pretax Income": -13265000.0,
        "Other Income Expense": 1895000.0,
        "Other Non Operating Income Expenses": -22000.0,
        "Special Income Charges": 1917000.0,
        "Restructuring And Mergern Acquisition": -1917000.0,
        "Net Non Operating Interest Income Expense": 4197000.0,
        "Interest Income Non Operating": 4197000.0,
        "Operating Income": -19357000.0,
        "Operating Expense": 19357000.0,
        "Research And Development": 8472000.0,
        "Selling General And Administration": 10885000.0,
        "General And Administrative Expense": 10885000.0,
        "Other Gand A": 10885000.0,
        "Total Revenue": 0.0,
        "Operating Revenue": 0.0
    },
    "2023-12-31": {
        "Tax Effect Of Unusual Items": 172368.365353,
        "Tax Rate For Calcs": 0.124634,
        "Normalized EBITDA": -17688000.0,
        "Total Unusual Items": 1383000.0,
        "Total Unusual Items Excluding Goodwill": 1383000.0,
        "Net Income From Continuing Operation Net Minority Interest": -10753000.0,
        "Reconciled Depreciation": 1613000.0,
        "EBITDA": -16305000.0,
        "EBIT": -17918000.0,
        "Net Interest Income": 4219000.0,
        "Interest Income": 4219000.0,
        "Normalized Income": -11963631.634647,
        "Net Income From Continuing And Discontinued Operation": -10753000.0,
        "Total Expenses": 17918000.0,
        "Total Operating Income As Reported": -17918000.0,
        "Diluted Average Shares": 316537274.0,
        "Basic Average Shares": 316537274.0,
        "Diluted EPS": -0.03,
        "Basic EPS": -0.03,
        "Diluted NI Availto Com Stockholders": -10753000.0,
        "Net Income Common Stockholders": -10753000.0,
        "Net Income": -10753000.0,
        "Net Income Including Noncontrolling Interests": -10753000.0,
        "Net Income Continuous Operations": -10753000.0,
        "Tax Provision": -1531000.0,
        "Pretax Income": -12284000.0,
        "Other Income Expense": 1415000.0,
        "Other Non Operating Income Expenses": 32000.0,
        "Special Income Charges": 1383000.0,
        "Restructuring And Mergern Acquisition": -1383000.0,
        "Net Non Operating Interest Income Expense": 4219000.0,
        "Interest Income Non Operating": 4219000.0,
        "Operating Income": -17918000.0,
        "Operating Expense": 17918000.0,
        "Research And Development": 7367000.0,
        "Selling General And Administration": 10551000.0,
        "General And Administrative Expense": 10551000.0,
        "Other Gand A": 10551000.0,
        "Total Revenue": 0.0,
        "Operating Revenue": 0.0
    },
    "2024-03-31": {
        "Tax Effect Of Unusual Items": 183750.0,
        "Tax Rate For Calcs": 0.21,
        "Normalized EBITDA": -20425000.0,
        "Total Unusual Items": 875000.0,
        "Total Unusual Items Excluding Goodwill": 875000.0,
        "Net Income From Continuing Operation Net Minority Interest": -15557000.0,
        "Reconciled Depreciation": 1721000.0,
        "EBITDA": -19550000.0,
        "EBIT": -21271000.0,
        "Net Interest Income": 4162000.0,
        "Interest Income": 4162000.0,
        "Normalized Income": -16248250.0,
        "Net Income From Continuing And Discontinued Operation": -15557000.0,
        "Total Expenses": 21271000.0,
        "Total Operating Income As Reported": -21271000.0,
        "Diluted Average Shares": 318790719.0,
        "Basic Average Shares": 318790719.0,
        "Diluted EPS": -0.05,
        "Basic EPS": -0.05,
        "Diluted NI Availto Com Stockholders": -15557000.0,
        "Net Income Common Stockholders": -15557000.0,
        "Net Income": -15557000.0,
        "Net Income Including Noncontrolling Interests": -15557000.0,
        "Net Income Continuous Operations": -15557000.0,
        "Tax Provision": 197000.0,
        "Pretax Income": -15360000.0,
        "Other Income Expense": 1749000.0,
        "Other Non Operating Income Expenses": 874000.0,
        "Special Income Charges": 875000.0,
        "Restructuring And Mergern Acquisition": -875000.0,
        "Net Non Operating Interest Income Expense": 4162000.0,
        "Interest Income Non Operating": 4162000.0,
        "Operating Income": -21271000.0,
        "Operating Expense": 21271000.0,
        "Research And Development": 11765000.0,
        "Selling General And Administration": 9506000.0,
        "General And Administrative Expense": 9506000.0,
        "Other Gand A": 9506000.0,
        "Total Revenue": 0.0,
        "Operating Revenue": 0.0
    },
    "2024-06-30": {
        "Tax Effect Of Unusual Items": 296310.0,
        "Tax Rate For Calcs": 0.21,
        "Normalized EBITDA": -24093000.0,
        "Total Unusual Items": 1411000.0,
        "Total Unusual Items Excluding Goodwill": 1411000.0,
        "Net Income From Continuing Operation Net Minority Interest": -19897000.0,
        "Reconciled Depreciation": 1945000.0,
        "EBITDA": -22682000.0,
        "EBIT": -24627000.0,
        "Net Interest Income": 3995000.0,
        "Interest Income": 3995000.0,
        "Normalized Income": -21011690.0,
        "Net Income From Continuing And Discontinued Operation": -19897000.0,
        "Total Expenses": 24627000.0,
        "Total Operating Income As Reported": -24627000.0,
        "Diluted Average Shares": 320833854.0,
        "Basic Average Shares": 320833854.0,
        "Diluted EPS": -0.06,
        "Basic EPS": -0.06,
        "Diluted NI Availto Com Stockholders": -19897000.0,
        "Net Income Common Stockholders": -19897000.0,
        "Net Income": -19897000.0,
        "Net Income Including Noncontrolling Interests": -19897000.0,
        "Net Income Continuous Operations": -19897000.0,
        "Tax Provision": 96000.0,
        "Pretax Income": -19801000.0,
        "Other Income Expense": 831000.0,
        "Other Non Operating Income Expenses": -580000.0,
        "Special Income Charges": 1411000.0,
        "Restructuring And Mergern Acquisition": -1411000.0,
        "Net Non Operating Interest Income Expense": 3995000.0,
        "Interest Income Non Operating": 3995000.0,
        "Operating Income": -24627000.0,
        "Operating Expense": 24627000.0,
        "Research And Development": 15057000.0,
        "Selling General And Administration": 9570000.0,
        "General And Administrative Expense": 9570000.0,
        "Other Gand A": 9570000.0,
        "Total Revenue": 0.0,
        "Operating Revenue": 0.0
    },
    "2024-09-30": {
        "Tax Effect Of Unusual Items": 210210.0,
        "Tax Rate For Calcs": 0.21,
        "Normalized EBITDA": -32991000.0,
        "Total Unusual Items": 1001000.0,
        "Total Unusual Items Excluding Goodwill": 1001000.0,
        "Net Income From Continuing Operation Net Minority Interest": -30186000.0,
        "Reconciled Depreciation": 2227000.0,
        "EBITDA": -31990000.0,
        "EBIT": -34217000.0,
        "Net Interest Income": 3665000.0,
        "Interest Income": 3665000.0,
        "Normalized Income": -30976790.0,
        "Net Income From Continuing And Discontinued Operation": -30186000.0,
        "Total Expenses": 34217000.0,
        "Total Operating Income As Reported": -34217000.0,
        "Diluted Average Shares": 322032894.0,
        "Basic Average Shares": 322032894.0,
        "Diluted EPS": -0.09,
        "Basic EPS": -0.09,
        "Diluted NI Availto Com Stockholders": -30186000.0,
        "Net Income Common Stockholders": -30186000.0,
        "Net Income": -30186000.0,
        "Net Income Including Noncontrolling Interests": -30186000.0,
        "Net Income Continuous Operations": -30186000.0,
        "Tax Provision": 138000.0,
        "Pretax Income": -30048000.0,
        "Other Income Expense": 504000.0,
        "Other Non Operating Income Expenses": -497000.0,
        "Special Income Charges": 1001000.0,
        "Restructuring And Mergern Acquisition": -1001000.0,
        "Net Non Operating Interest Income Expense": 3665000.0,
        "Interest Income Non Operating": 3665000.0,
        "Operating Income": -34217000.0,
        "Operating Expense": 34217000.0,
        "Research And Development": 24438000.0,
        "Selling General And Administration": 9779000.0,
        "General And Administrative Expense": 9779000.0,
        "Other Gand A": 9779000.0,
        "Total Revenue": 0.0,
        "Operating Revenue": 0.0
    }
}