{
    "2023-06-30": {
        "Tax Effect Of Unusual Items": NaN,
        "Tax Rate For Calcs": NaN,
        "Normalized EBITDA": NaN,
        "Total Unusual Items": NaN,
        "Total Unusual Items Excluding Goodwill": NaN,
        "Net Income From Continuing Operation Net Minority Interest": NaN,
        "Reconciled Depreciation": NaN,
        "Reconciled Cost Of Revenue": NaN,
        "EBITDA": NaN,
        "EBIT": NaN,
        "Net Interest Income": NaN,
        "Interest Expense": NaN,
        "Interest Income": NaN,
        "Normalized Income": NaN,
        "Net Income From Continuing And Discontinued Operation": NaN,
        "Total Expenses": NaN,
        "Rent Expense Supplemental": NaN,
        "Total Operating Income As Reported": NaN,
        "Diluted Average Shares": NaN,
        "Basic Average Shares": NaN,
        "Diluted EPS": NaN,
        "Basic EPS": NaN,
        "Diluted NI Availto Com Stockholders": NaN,
        "Net Income Common Stockholders": NaN,
        "Net Income": NaN,
        "Net Income Including Noncontrolling Interests": NaN,
        "Net Income Continuous Operations": NaN,
        "Tax Provision": NaN,
        "Pretax Income": NaN,
        "Other Income Expense": NaN,
        "Other Non Operating Income Expenses": NaN,
        "Special Income Charges": NaN,
        "Gain On Sale Of Ppe": NaN,
        "Other Special Charges": NaN,
        "Impairment Of Capital Assets": NaN,
        "Restructuring And Mergern Acquisition": NaN,
        "Net Non Operating Interest Income Expense": NaN,
        "Interest Expense Non Operating": NaN,
        "Interest Income Non Operating": NaN,
        "Operating Income": NaN,
        "Operating Expense": NaN,
        "Other Operating Expenses": 2302000.0,
        "Depreciation Amortization Depletion Income Statement": NaN,
        "Depreciation And Amortization In Income Statement": NaN,
        "Selling General And Administration": NaN,
        "General And Administrative Expense": NaN,
        "Other Gand A": NaN,
        "Gross Profit": NaN,
        "Cost Of Revenue": NaN,
        "Total Revenue": NaN,
        "Operating Revenue": NaN
    },
    "2023-03-31": {
        "Tax Effect Of Unusual Items": -183960.0,
        "Tax Rate For Calcs": 0.21,
        "Normalized EBITDA": -19332000.0,
        "Total Unusual Items": -876000.0,
        "Total Unusual Items Excluding Goodwill": -876000.0,
        "Net Income From Continuing Operation Net Minority Interest": -33657000.0,
        "Reconciled Depreciation": 13110000.0,
        "Reconciled Cost Of Revenue": 108125000.0,
        "EBITDA": -20208000.0,
        "EBIT": -33318000.0,
        "Net Interest Income": 3041000.0,
        "Interest Expense": 21000.0,
        "Interest Income": 3062000.0,
        "Normalized Income": -32964960.0,
        "Net Income From Continuing And Discontinued Operation": -33657000.0,
        "Total Expenses": 159508000.0,
        "Rent Expense Supplemental": 12630000.0,
        "Total Operating Income As Reported": -35322000.0,
        "Diluted Average Shares": 111297064.0,
        "Basic Average Shares": 111297064.0,
        "Diluted EPS": -0.3,
        "Basic EPS": -0.3,
        "Diluted NI Availto Com Stockholders": -33657000.0,
        "Net Income Common Stockholders": -33657000.0,
        "Net Income": -33657000.0,
        "Net Income Including Noncontrolling Interests": -33657000.0,
        "Net Income Continuous Operations": -33657000.0,
        "Tax Provision": 318000.0,
        "Pretax Income": -33339000.0,
        "Other Income Expense": -1934000.0,
        "Other Non Operating Income Expenses": -1058000.0,
        "Special Income Charges": -876000.0,
        "Gain On Sale Of Ppe": -48000.0,
        "Impairment Of Capital Assets": 190000.0,
        "Restructuring And Mergern Acquisition": 638000.0,
        "Net Non Operating Interest Income Expense": 3041000.0,
        "Interest Expense Non Operating": 21000.0,
        "Interest Income Non Operating": 3062000.0,
        "Operating Income": -34446000.0,
        "Operating Expense": 51383000.0,
        "Other Operating Expenses": 3366000.0,
        "Depreciation Amortization Depletion Income Statement": 13110000.0,
        "Depreciation And Amortization In Income Statement": 13110000.0,
        "Selling General And Administration": 34907000.0,
        "General And Administrative Expense": 34907000.0,
        "Other Gand A": 34907000.0,
        "Gross Profit": 16937000.0,
        "Cost Of Revenue": 108125000.0,
        "Total Revenue": 125062000.0,
        "Operating Revenue": 125062000.0
    },
    "2022-12-31": {
        "Tax Effect Of Unusual Items": -901950.0,
        "Tax Rate For Calcs": 0.21,
        "Normalized EBITDA": -35615000.0,
        "Total Unusual Items": -4295000.0,
        "Total Unusual Items Excluding Goodwill": -4295000.0,
        "Net Income From Continuing Operation Net Minority Interest": -53811000.0,
        "Reconciled Depreciation": 12601000.0,
        "Reconciled Cost Of Revenue": 105453000.0,
        "EBITDA": -39910000.0,
        "EBIT": -52511000.0,
        "Net Interest Income": 2722000.0,
        "Interest Expense": 15000.0,
        "Interest Income": 2737000.0,
        "Normalized Income": -50417950.0,
        "Net Income From Continuing And Discontinued Operation": -53811000.0,
        "Total Expenses": 166538000.0,
        "Rent Expense Supplemental": -2577000.0,
        "Total Operating Income As Reported": -52263000.0,
        "Diluted Average Shares": 110934445.0,
        "Basic Average Shares": 110934445.0,
        "Diluted EPS": -0.44,
        "Basic EPS": -0.44,
        "Diluted NI Availto Com Stockholders": -53811000.0,
        "Net Income Common Stockholders": -53811000.0,
        "Net Income": -53811000.0,
        "Net Income Including Noncontrolling Interests": -53811000.0,
        "Net Income Continuous Operations": -53811000.0,
        "Tax Provision": 1285000.0,
        "Pretax Income": -52526000.0,
        "Other Income Expense": -7280000.0,
        "Other Non Operating Income Expenses": -2985000.0,
        "Special Income Charges": -4295000.0,
        "Gain On Sale Of Ppe": -237000.0,
        "Impairment Of Capital Assets": 697000.0,
        "Restructuring And Mergern Acquisition": 3361000.0,
        "Net Non Operating Interest Income Expense": 2722000.0,
        "Interest Expense Non Operating": 15000.0,
        "Interest Income Non Operating": 2737000.0,
        "Operating Income": -47968000.0,
        "Operating Expense": 61085000.0,
        "Other Operating Expenses": 3430000.0,
        "Depreciation Amortization Depletion Income Statement": 12601000.0,
        "Depreciation And Amortization In Income Statement": 12601000.0,
        "Selling General And Administration": 45054000.0,
        "General And Administrative Expense": 45054000.0,
        "Other Gand A": 45054000.0,
        "Gross Profit": 13117000.0,
        "Cost Of Revenue": 105453000.0,
        "Total Revenue": 118570000.0,
        "Operating Revenue": 118570000.0
    },
    "2022-09-30": {
        "Tax Effect Of Unusual Items": -2686950.0,
        "Tax Rate For Calcs": 0.21,
        "Normalized EBITDA": -22672000.0,
        "Total Unusual Items": -12795000.0,
        "Total Unusual Items Excluding Goodwill": -12795000.0,
        "Net Income From Continuing Operation Net Minority Interest": -47397000.0,
        "Reconciled Depreciation": 11887000.0,
        "Reconciled Cost Of Revenue": 104203000.0,
        "EBITDA": -35467000.0,
        "EBIT": -47354000.0,
        "Net Interest Income": 1621000.0,
        "Interest Expense": 23000.0,
        "Interest Income": 1644000.0,
        "Normalized Income": -37288950.0,
        "Net Income From Continuing And Discontinued Operation": -47397000.0,
        "Total Expenses": 160532000.0,
        "Rent Expense Supplemental": 17188000.0,
        "Total Operating Income As Reported": -49301000.0,
        "Diluted Average Shares": 110375126.0,
        "Basic Average Shares": 110375126.0,
        "Diluted EPS": -0.46,
        "Basic EPS": -0.46,
        "Diluted NI Availto Com Stockholders": -47397000.0,
        "Net Income Common Stockholders": -47397000.0,
        "Net Income": -47397000.0,
        "Net Income Including Noncontrolling Interests": -47397000.0,
        "Net Income Continuous Operations": -47397000.0,
        "Tax Provision": 20000.0,
        "Pretax Income": -47377000.0,
        "Other Income Expense": -12492000.0,
        "Other Non Operating Income Expenses": 303000.0,
        "Special Income Charges": -12795000.0,
        "Gain On Sale Of Ppe": -21000.0,
        "Impairment Of Capital Assets": 1693000.0,
        "Restructuring And Mergern Acquisition": 11081000.0,
        "Net Non Operating Interest Income Expense": 1621000.0,
        "Interest Expense Non Operating": 23000.0,
        "Interest Income Non Operating": 1644000.0,
        "Operating Income": -36506000.0,
        "Operating Expense": 56329000.0,
        "Other Operating Expenses": 3061000.0,
        "Depreciation Amortization Depletion Income Statement": 11887000.0,
        "Depreciation And Amortization In Income Statement": 11887000.0,
        "Selling General And Administration": 41381000.0,
        "General And Administrative Expense": 41381000.0,
        "Other Gand A": 41381000.0,
        "Gross Profit": 19823000.0,
        "Cost Of Revenue": 104203000.0,
        "Total Revenue": 124026000.0,
        "Operating Revenue": 124026000.0
    },
    "2022-06-30": {
        "Tax Effect Of Unusual Items": -4400.0,
        "Tax Rate For Calcs": 0.4,
        "Normalized EBITDA": -28675000.0,
        "Total Unusual Items": -11000.0,
        "Total Unusual Items Excluding Goodwill": -11000.0,
        "Net Income From Continuing Operation Net Minority Interest": -40033000.0,
        "Reconciled Depreciation": 11305000.0,
        "Reconciled Cost Of Revenue": 101870000.0,
        "EBITDA": -28686000.0,
        "EBIT": -39991000.0,
        "Net Interest Income": 571000.0,
        "Interest Expense": 22000.0,
        "Interest Income": 593000.0,
        "Normalized Income": -40026400.0,
        "Net Income From Continuing And Discontinued Operation": -40033000.0,
        "Total Expenses": 166957000.0,
        "Rent Expense Supplemental": 15826000.0,
        "Total Operating Income As Reported": -42202000.0,
        "Diluted Average Shares": 109679467.0,
        "Basic Average Shares": 109679467.0,
        "Diluted EPS": -0.37,
        "Basic EPS": -0.37,
        "Diluted NI Availto Com Stockholders": -40033000.0,
        "Net Income Common Stockholders": -40033000.0,
        "Net Income": -40033000.0,
        "Net Income Including Noncontrolling Interests": -40033000.0,
        "Net Income Continuous Operations": -40033000.0,
        "Tax Provision": 20000.0,
        "Pretax Income": -40013000.0,
        "Other Income Expense": 1455000.0,
        "Other Non Operating Income Expenses": 1466000.0,
        "Special Income Charges": -11000.0,
        "Gain On Sale Of Ppe": -11000.0,
        "Impairment Of Capital Assets": NaN,
        "Restructuring And Mergern Acquisition": 152000.0,
        "Net Non Operating Interest Income Expense": 571000.0,
        "Interest Expense Non Operating": 22000.0,
        "Interest Income Non Operating": 593000.0,
        "Operating Income": -42039000.0,
        "Operating Expense": 65087000.0,
        "Other Operating Expenses": 2520000.0,
        "Depreciation Amortization Depletion Income Statement": 11305000.0,
        "Depreciation And Amortization In Income Statement": 11305000.0,
        "Selling General And Administration": 51262000.0,
        "General And Administrative Expense": 51262000.0,
        "Other Gand A": 51262000.0,
        "Gross Profit": 23048000.0,
        "Cost Of Revenue": 101870000.0,
        "Total Revenue": 124918000.0,
        "Operating Revenue": 124918000.0
    },
    "2023-09-30": {
        "Tax Effect Of Unusual Items": -830550.0,
        "Tax Rate For Calcs": 0.21,
        "Normalized EBITDA": -5081000.0,
        "Total Unusual Items": -3955000.0,
        "Total Unusual Items Excluding Goodwill": -3955000.0,
        "Net Income From Continuing Operation Net Minority Interest": -25055000.0,
        "Reconciled Depreciation": 15247000.0,
        "Reconciled Cost Of Revenue": 124750000.0,
        "EBITDA": -9036000.0,
        "EBIT": -24718000.0,
        "Net Interest Income": 3362000.0,
        "Interest Expense": 19000.0,
        "Interest Income": 3381000.0,
        "Normalized Income": -21930550.0,
        "Net Income From Continuing And Discontinued Operation": -25055000.0,
        "Total Expenses": 175960000.0,
        "Rent Expense Supplemental": 13961000.0,
        "Total Operating Income As Reported": -26487000.0,
        "Diluted Average Shares": 112179722.0,
        "Basic Average Shares": 112179722.0,
        "Diluted EPS": -0.22,
        "Basic EPS": -0.22,
        "Diluted NI Availto Com Stockholders": -25055000.0,
        "Net Income Common Stockholders": -25055000.0,
        "Net Income": -25055000.0,
        "Net Income Including Noncontrolling Interests": -25055000.0,
        "Net Income Continuous Operations": -25055000.0,
        "Tax Provision": 318000.0,
        "Pretax Income": -24737000.0,
        "Other Income Expense": -5567000.0,
        "Other Non Operating Income Expenses": -1612000.0,
        "Special Income Charges": -3955000.0,
        "Gain On Sale Of Ppe": -489000.0,
        "Other Special Charges": 2522000.0,
        "Impairment Of Capital Assets": 132000.0,
        "Restructuring And Mergern Acquisition": 812000.0,
        "Net Non Operating Interest Income Expense": 3362000.0,
        "Interest Expense Non Operating": 19000.0,
        "Interest Income Non Operating": 3381000.0,
        "Operating Income": -22532000.0,
        "Operating Expense": 51645000.0,
        "Other Operating Expenses": 2522000.0,
        "Depreciation Amortization Depletion Income Statement": 15682000.0,
        "Depreciation And Amortization In Income Statement": 15682000.0,
        "Selling General And Administration": 35963000.0,
        "General And Administrative Expense": 35963000.0,
        "Other Gand A": 35963000.0,
        "Gross Profit": 29113000.0,
        "Cost Of Revenue": 124315000.0,
        "Total Revenue": 153428000.0,
        "Operating Revenue": 153428000.0
    },
    "2023-12-31": {
        "Tax Effect Of Unusual Items": -48216.263532,
        "Tax Rate For Calcs": 0.020544,
        "Normalized EBITDA": -9391000.0,
        "Total Unusual Items": -2347000.0,
        "Total Unusual Items Excluding Goodwill": -2347000.0,
        "Net Income From Continuing Operation Net Minority Interest": -27414000.0,
        "Reconciled Depreciation": 16181000.0,
        "Reconciled Cost Of Revenue": 128245000.0,
        "EBITDA": -11738000.0,
        "EBIT": -27919000.0,
        "Net Interest Income": 3178000.0,
        "Interest Expense": 70000.0,
        "Interest Income": 3248000.0,
        "Normalized Income": -25115216.263532,
        "Net Income From Continuing And Discontinued Operation": -27414000.0,
        "Total Expenses": 179968000.0,
        "Rent Expense Supplemental": 14164000.0,
        "Total Operating Income As Reported": -29289000.0,
        "Diluted Average Shares": 112519663.0,
        "Basic Average Shares": 112519663.0,
        "Diluted EPS": -0.24,
        "Basic EPS": -0.24,
        "Diluted NI Availto Com Stockholders": -27414000.0,
        "Net Income Common Stockholders": -27414000.0,
        "Net Income": -27414000.0,
        "Net Income Including Noncontrolling Interests": -27414000.0,
        "Net Income Continuous Operations": -27414000.0,
        "Tax Provision": -575000.0,
        "Pretax Income": -27989000.0,
        "Other Income Expense": -4225000.0,
        "Other Non Operating Income Expenses": -1878000.0,
        "Special Income Charges": -2347000.0,
        "Gain On Sale Of Ppe": -140000.0,
        "Other Special Charges": 1073000.0,
        "Impairment Of Capital Assets": 145000.0,
        "Restructuring And Mergern Acquisition": 989000.0,
        "Net Non Operating Interest Income Expense": 3178000.0,
        "Interest Expense Non Operating": 70000.0,
        "Interest Income Non Operating": 3248000.0,
        "Operating Income": -26942000.0,
        "Operating Expense": 51723000.0,
        "Other Operating Expenses": 1073000.0,
        "Depreciation Amortization Depletion Income Statement": 16181000.0,
        "Depreciation And Amortization In Income Statement": 16181000.0,
        "Selling General And Administration": 35542000.0,
        "General And Administrative Expense": 35542000.0,
        "Other Gand A": 35542000.0,
        "Gross Profit": 24781000.0,
        "Cost Of Revenue": 128245000.0,
        "Total Revenue": 153026000.0,
        "Operating Revenue": 153026000.0
    },
    "2024-03-31": {
        "Tax Effect Of Unusual Items": -453600.0,
        "Tax Rate For Calcs": 0.21,
        "Normalized EBITDA": -7371000.0,
        "Total Unusual Items": -2160000.0,
        "Total Unusual Items Excluding Goodwill": -2160000.0,
        "Net Income From Continuing Operation Net Minority Interest": -26067000.0,
        "Reconciled Depreciation": 16427000.0,
        "Reconciled Cost Of Revenue": 129313000.0,
        "EBITDA": -9531000.0,
        "EBIT": -25958000.0,
        "Net Interest Income": 2997000.0,
        "Interest Expense": 19000.0,
        "Interest Income": 3016000.0,
        "Normalized Income": -24360600.0,
        "Net Income From Continuing And Discontinued Operation": -26067000.0,
        "Total Expenses": 182605000.0,
        "Rent Expense Supplemental": 14448000.0,
        "Total Operating Income As Reported": -26915000.0,
        "Diluted Average Shares": 112772776.0,
        "Basic Average Shares": 112772776.0,
        "Diluted EPS": -0.23,
        "Basic EPS": -0.23,
        "Diluted NI Availto Com Stockholders": -26067000.0,
        "Net Income Common Stockholders": -26067000.0,
        "Net Income": -26067000.0,
        "Net Income Including Noncontrolling Interests": -26067000.0,
        "Net Income Continuous Operations": -26067000.0,
        "Tax Provision": 90000.0,
        "Pretax Income": -25977000.0,
        "Other Income Expense": -4219000.0,
        "Other Non Operating Income Expenses": -2059000.0,
        "Special Income Charges": -2160000.0,
        "Gain On Sale Of Ppe": -66000.0,
        "Other Special Charges": 1432000.0,
        "Impairment Of Capital Assets": 157000.0,
        "Restructuring And Mergern Acquisition": 505000.0,
        "Net Non Operating Interest Income Expense": 2997000.0,
        "Interest Expense Non Operating": 19000.0,
        "Interest Income Non Operating": 3016000.0,
        "Operating Income": -24755000.0,
        "Operating Expense": 53292000.0,
        "Other Operating Expenses": 1432000.0,
        "Depreciation Amortization Depletion Income Statement": 16427000.0,
        "Depreciation And Amortization In Income Statement": 16427000.0,
        "Selling General And Administration": 36865000.0,
        "General And Administrative Expense": 36865000.0,
        "Other Gand A": 36865000.0,
        "Gross Profit": 28537000.0,
        "Cost Of Revenue": 129313000.0,
        "Total Revenue": 157850000.0,
        "Operating Revenue": 157850000.0
    },
    "2024-06-30": {
        "Tax Effect Of Unusual Items": -370440.0,
        "Tax Rate For Calcs": 0.21,
        "Normalized EBITDA": 4781000.0,
        "Total Unusual Items": -1764000.0,
        "Total Unusual Items Excluding Goodwill": -1764000.0,
        "Net Income From Continuing Operation Net Minority Interest": -14460000.0,
        "Reconciled Depreciation": 17190000.0,
        "Reconciled Cost Of Revenue": 142669000.0,
        "EBITDA": 3017000.0,
        "EBIT": -14173000.0,
        "Net Interest Income": 2723000.0,
        "Interest Expense": 197000.0,
        "Interest Income": 2920000.0,
        "Normalized Income": -13066440.0,
        "Net Income From Continuing And Discontinued Operation": -14460000.0,
        "Total Expenses": 199061000.0,
        "Rent Expense Supplemental": 15021000.0,
        "Total Operating Income As Reported": -16184000.0,
        "Diluted Average Shares": 113580674.0,
        "Basic Average Shares": 113580674.0,
        "Diluted EPS": -0.13,
        "Basic EPS": -0.13,
        "Diluted NI Availto Com Stockholders": -14460000.0,
        "Net Income Common Stockholders": -14460000.0,
        "Net Income": -14460000.0,
        "Net Income Including Noncontrolling Interests": -14460000.0,
        "Net Income Continuous Operations": -14460000.0,
        "Tax Provision": 90000.0,
        "Pretax Income": -14370000.0,
        "Other Income Expense": -2673000.0,
        "Other Non Operating Income Expenses": -909000.0,
        "Special Income Charges": -1764000.0,
        "Gain On Sale Of Ppe": -49000.0,
        "Other Special Charges": 1104000.0,
        "Impairment Of Capital Assets": 117000.0,
        "Restructuring And Mergern Acquisition": 494000.0,
        "Net Non Operating Interest Income Expense": 2723000.0,
        "Interest Expense Non Operating": 197000.0,
        "Interest Income Non Operating": 2920000.0,
        "Operating Income": -14420000.0,
        "Operating Expense": 55939000.0,
        "Other Operating Expenses": 1104000.0,
        "Depreciation Amortization Depletion Income Statement": 16737000.0,
        "Depreciation And Amortization In Income Statement": 16737000.0,
        "Selling General And Administration": 39202000.0,
        "General And Administrative Expense": 39202000.0,
        "Other Gand A": 39202000.0,
        "Gross Profit": 41519000.0,
        "Cost Of Revenue": 143122000.0,
        "Total Revenue": 184641000.0,
        "Operating Revenue": 184641000.0
    },
    "2024-09-30": {
        "Tax Effect Of Unusual Items": -511140.0,
        "Tax Rate For Calcs": 0.21,
        "Normalized EBITDA": -1361000.0,
        "Total Unusual Items": -2434000.0,
        "Total Unusual Items Excluding Goodwill": -2434000.0,
        "Net Income From Continuing Operation Net Minority Interest": -20816000.0,
        "Reconciled Depreciation": 16452000.0,
        "Reconciled Cost Of Revenue": 138943000.0,
        "EBITDA": -3795000.0,
        "EBIT": -20700000.0,
        "Net Interest Income": 2728000.0,
        "Interest Expense": 26000.0,
        "Interest Income": 2754000.0,
        "Normalized Income": -18893140.0,
        "Net Income From Continuing And Discontinued Operation": -20816000.0,
        "Total Expenses": 192172000.0,
        "Rent Expense Supplemental": 15054000.0,
        "Total Operating Income As Reported": -21175000.0,
        "Diluted Average Shares": 114752307.0,
        "Basic Average Shares": 114752307.0,
        "Diluted EPS": -0.18,
        "Basic EPS": -0.18,
        "Diluted NI Availto Com Stockholders": -20816000.0,
        "Net Income Common Stockholders": -20816000.0,
        "Net Income": -20816000.0,
        "Net Income Including Noncontrolling Interests": -20816000.0,
        "Net Income Continuous Operations": -20816000.0,
        "Tax Provision": 90000.0,
        "Pretax Income": -20726000.0,
        "Other Income Expense": -4713000.0,
        "Other Non Operating Income Expenses": -2279000.0,
        "Special Income Charges": -2434000.0,
        "Gain On Sale Of Ppe": -63000.0,
        "Other Special Charges": 1759000.0,
        "Impairment Of Capital Assets": 114000.0,
        "Restructuring And Mergern Acquisition": 498000.0,
        "Net Non Operating Interest Income Expense": 2728000.0,
        "Interest Expense Non Operating": 26000.0,
        "Interest Income Non Operating": 2754000.0,
        "Operating Income": -18741000.0,
        "Operating Expense": 53682000.0,
        "Other Operating Expenses": NaN,
        "Depreciation Amortization Depletion Income Statement": 16905000.0,
        "Depreciation And Amortization In Income Statement": 16905000.0,
        "Selling General And Administration": 36777000.0,
        "General And Administrative Expense": 36777000.0,
        "Other Gand A": 36777000.0,
        "Gross Profit": 34941000.0,
        "Cost Of Revenue": 138490000.0,
        "Total Revenue": 173431000.0,
        "Operating Revenue": 173431000.0
    }
}