{
    "2023-03-31": {
        "Tax Effect Of Unusual Items": NaN,
        "Tax Rate For Calcs": NaN,
        "Normalized EBITDA": NaN,
        "Total Unusual Items": NaN,
        "Total Unusual Items Excluding Goodwill": NaN,
        "Net Income From Continuing Operation Net Minority Interest": NaN,
        "Reconciled Depreciation": NaN,
        "Reconciled Cost Of Revenue": NaN,
        "EBITDA": NaN,
        "EBIT": NaN,
        "Net Interest Income": NaN,
        "Interest Expense": NaN,
        "Interest Income": NaN,
        "Normalized Income": NaN,
        "Net Income From Continuing And Discontinued Operation": NaN,
        "Total Expenses": NaN,
        "Total Operating Income As Reported": NaN,
        "Diluted Average Shares": 35009.0,
        "Basic Average Shares": 35009.0,
        "Diluted EPS": -100.0,
        "Basic EPS": -100.0,
        "Diluted NI Availto Com Stockholders": NaN,
        "Net Income Common Stockholders": NaN,
        "Otherunder Preferred Stock Dividend": 0.0,
        "Net Income": NaN,
        "Minority Interests": NaN,
        "Net Income Including Noncontrolling Interests": NaN,
        "Net Income Continuous Operations": NaN,
        "Tax Provision": NaN,
        "Pretax Income": NaN,
        "Other Income Expense": NaN,
        "Other Non Operating Income Expenses": NaN,
        "Special Income Charges": NaN,
        "Gain On Sale Of Ppe": NaN,
        "Net Non Operating Interest Income Expense": NaN,
        "Interest Expense Non Operating": NaN,
        "Interest Income Non Operating": NaN,
        "Operating Income": NaN,
        "Operating Expense": NaN,
        "Selling General And Administration": NaN,
        "Selling And Marketing Expense": NaN,
        "General And Administrative Expense": NaN,
        "Other Gand A": NaN,
        "Salaries And Wages": NaN,
        "Gross Profit": NaN,
        "Cost Of Revenue": NaN,
        "Total Revenue": NaN,
        "Operating Revenue": NaN
    },
    "2022-12-31": {
        "Tax Effect Of Unusual Items": NaN,
        "Tax Rate For Calcs": NaN,
        "Normalized EBITDA": NaN,
        "Total Unusual Items": -25265.0,
        "Total Unusual Items Excluding Goodwill": -25265.0,
        "Net Income From Continuing Operation Net Minority Interest": NaN,
        "Reconciled Depreciation": NaN,
        "Reconciled Cost Of Revenue": NaN,
        "EBITDA": NaN,
        "EBIT": NaN,
        "Net Interest Income": NaN,
        "Interest Expense": NaN,
        "Interest Income": NaN,
        "Normalized Income": NaN,
        "Net Income From Continuing And Discontinued Operation": NaN,
        "Total Expenses": NaN,
        "Total Operating Income As Reported": NaN,
        "Diluted Average Shares": NaN,
        "Basic Average Shares": NaN,
        "Diluted EPS": NaN,
        "Basic EPS": NaN,
        "Diluted NI Availto Com Stockholders": NaN,
        "Net Income Common Stockholders": NaN,
        "Otherunder Preferred Stock Dividend": NaN,
        "Net Income": NaN,
        "Minority Interests": NaN,
        "Net Income Including Noncontrolling Interests": NaN,
        "Net Income Continuous Operations": NaN,
        "Tax Provision": NaN,
        "Pretax Income": NaN,
        "Other Income Expense": NaN,
        "Other Non Operating Income Expenses": NaN,
        "Special Income Charges": -25265.0,
        "Gain On Sale Of Ppe": -25265.0,
        "Net Non Operating Interest Income Expense": NaN,
        "Interest Expense Non Operating": NaN,
        "Interest Income Non Operating": NaN,
        "Operating Income": NaN,
        "Operating Expense": NaN,
        "Selling General And Administration": NaN,
        "Selling And Marketing Expense": NaN,
        "General And Administrative Expense": NaN,
        "Other Gand A": NaN,
        "Salaries And Wages": NaN,
        "Gross Profit": NaN,
        "Cost Of Revenue": NaN,
        "Total Revenue": NaN,
        "Operating Revenue": NaN
    },
    "2022-09-30": {
        "Tax Effect Of Unusual Items": NaN,
        "Tax Rate For Calcs": NaN,
        "Normalized EBITDA": NaN,
        "Total Unusual Items": 0.0,
        "Total Unusual Items Excluding Goodwill": 0.0,
        "Net Income From Continuing Operation Net Minority Interest": NaN,
        "Reconciled Depreciation": NaN,
        "Reconciled Cost Of Revenue": NaN,
        "EBITDA": NaN,
        "EBIT": NaN,
        "Net Interest Income": NaN,
        "Interest Expense": NaN,
        "Interest Income": NaN,
        "Normalized Income": NaN,
        "Net Income From Continuing And Discontinued Operation": NaN,
        "Total Expenses": NaN,
        "Total Operating Income As Reported": NaN,
        "Diluted Average Shares": 672985.0,
        "Basic Average Shares": 672985.0,
        "Diluted EPS": -3.6,
        "Basic EPS": -3.6,
        "Diluted NI Availto Com Stockholders": NaN,
        "Net Income Common Stockholders": NaN,
        "Otherunder Preferred Stock Dividend": NaN,
        "Net Income": NaN,
        "Minority Interests": NaN,
        "Net Income Including Noncontrolling Interests": NaN,
        "Net Income Continuous Operations": NaN,
        "Tax Provision": NaN,
        "Pretax Income": NaN,
        "Other Income Expense": NaN,
        "Other Non Operating Income Expenses": NaN,
        "Special Income Charges": 0.0,
        "Gain On Sale Of Ppe": 0.0,
        "Net Non Operating Interest Income Expense": NaN,
        "Interest Expense Non Operating": NaN,
        "Interest Income Non Operating": NaN,
        "Operating Income": NaN,
        "Operating Expense": NaN,
        "Selling General And Administration": NaN,
        "Selling And Marketing Expense": NaN,
        "General And Administrative Expense": NaN,
        "Other Gand A": NaN,
        "Salaries And Wages": NaN,
        "Gross Profit": NaN,
        "Cost Of Revenue": NaN,
        "Total Revenue": NaN,
        "Operating Revenue": NaN
    },
    "2022-06-30": {
        "Tax Effect Of Unusual Items": 0.0,
        "Tax Rate For Calcs": 0.0,
        "Normalized EBITDA": -797937.0,
        "Total Unusual Items": NaN,
        "Total Unusual Items Excluding Goodwill": NaN,
        "Net Income From Continuing Operation Net Minority Interest": -1415360.0,
        "Reconciled Depreciation": 146533.0,
        "Reconciled Cost Of Revenue": 6783011.0,
        "EBITDA": -797937.0,
        "EBIT": -944470.0,
        "Net Interest Income": -62147.0,
        "Interest Expense": 73126.0,
        "Interest Income": 10979.0,
        "Normalized Income": -1415360.0,
        "Net Income From Continuing And Discontinued Operation": -1415360.0,
        "Total Expenses": 8882827.0,
        "Total Operating Income As Reported": -1327856.0,
        "Diluted Average Shares": 13226451.0,
        "Basic Average Shares": 13226451.0,
        "Diluted EPS": -0.11,
        "Basic EPS": -0.11,
        "Diluted NI Availto Com Stockholders": -1415360.0,
        "Net Income Common Stockholders": -1415360.0,
        "Net Income": -1415360.0,
        "Minority Interests": -397764.0,
        "Net Income Including Noncontrolling Interests": -1017596.0,
        "Net Income Continuous Operations": -1017596.0,
        "Tax Provision": 0.0,
        "Pretax Income": -1017596.0,
        "Other Income Expense": 372407.0,
        "Other Non Operating Income Expenses": 372407.0,
        "Special Income Charges": NaN,
        "Gain On Sale Of Ppe": NaN,
        "Net Non Operating Interest Income Expense": -62147.0,
        "Interest Expense Non Operating": 73126.0,
        "Interest Income Non Operating": 10979.0,
        "Operating Income": -1327856.0,
        "Operating Expense": 2099816.0,
        "Selling General And Administration": 2099816.0,
        "Selling And Marketing Expense": 91495.0,
        "General And Administrative Expense": 2008321.0,
        "Other Gand A": 796812.0,
        "Salaries And Wages": 1211509.0,
        "Gross Profit": 771960.0,
        "Cost Of Revenue": 6783011.0,
        "Total Revenue": 7554971.0,
        "Operating Revenue": 7554971.0
    },
    "2022-03-31": {
        "Diluted EPS": -0.06,
        "Total Revenue": 9,
        "Gross Profit": 2,
        "Operating Income": 0,
        "EBIT": 1,
        "Net Income": -1
    },
    "2021-12-31": {
        "Diluted EPS": -0.33,
        "Total Revenue": 8,
        "Gross Profit": 0,
        "Operating Income": -2,
        "EBIT": -2,
        "Net Income": -3
    },
    "2021-09-30": {
        "Diluted EPS": -0.43,
        "Total Revenue": 9,
        "Gross Profit": -1,
        "Operating Income": -3,
        "EBIT": -3,
        "Net Income": -4
    },
    "2021-06-30": {
        "Diluted EPS": -0.17,
        "Total Revenue": 12,
        "Gross Profit": 2,
        "Operating Income": 0,
        "EBIT": 0,
        "Net Income": -2
    },
    "2021-03-31": {
        "Diluted EPS": -0.23,
        "Total Revenue": 9,
        "Gross Profit": 1,
        "Operating Income": -1,
        "EBIT": -1,
        "Net Income": -2
    },
    "2020-12-31": {
        "Diluted EPS": 0.18,
        "Total Revenue": 7,
        "Gross Profit": 2,
        "Operating Income": -1,
        "EBIT": -1,
        "Net Income": -2
    },
    "2020-09-30": {
        "Diluted EPS": -0.17,
        "Total Revenue": 1,
        "Gross Profit": 0,
        "Operating Income": -2,
        "EBIT": -1,
        "Net Income": -1
    },
    "2020-06-30": {
        "Diluted EPS": -0.16,
        "Total Revenue": 1,
        "Gross Profit": 0,
        "Operating Income": -1,
        "EBIT": -1,
        "Net Income": -1
    },
    "2020-03-31": {
        "Diluted EPS": -0.64,
        "Total Revenue": 0,
        "Gross Profit": 0,
        "Operating Income": -1,
        "EBIT": -1,
        "Net Income": -1
    },
    "2019-12-31": {
        "Diluted EPS": -11.87,
        "Total Revenue": 0,
        "Gross Profit": 0,
        "Operating Income": -4,
        "EBIT": -1,
        "Net Income": -4
    },
    "2019-09-30": {
        "Diluted EPS": -4.66,
        "Total Revenue": 0,
        "Gross Profit": 0,
        "Operating Income": -1,
        "EBIT": -1,
        "Net Income": -1
    },
    "2019-06-30": {
        "Diluted EPS": -4.02,
        "Total Revenue": 1,
        "Gross Profit": 0,
        "Operating Income": -1,
        "EBIT": -1,
        "Net Income": -1
    },
    "2019-03-31": {
        "Diluted EPS": -2.3,
        "Total Revenue": 2,
        "Gross Profit": 1,
        "Operating Income": 0,
        "EBIT": 0,
        "Net Income": 0
    },
    "2018-12-31": {
        "Diluted EPS": -8.54,
        "Total Revenue": 2,
        "Gross Profit": 0,
        "Operating Income": -2,
        "EBIT": -2,
        "Net Income": -2
    },
    "2018-09-30": {
        "Diluted EPS": -4.8,
        "Total Revenue": 2,
        "Gross Profit": 0,
        "Operating Income": -1,
        "EBIT": -1,
        "Net Income": -1
    },
    "2018-06-30": {
        "Diluted EPS": -5.8,
        "Total Revenue": 2,
        "Gross Profit": 0,
        "Operating Income": -1,
        "EBIT": -1,
        "Net Income": -1
    },
    "2018-03-31": {
        "Diluted EPS": -3.6,
        "Total Revenue": 2,
        "Gross Profit": 0,
        "Operating Income": -1,
        "EBIT": -1,
        "Net Income": -1
    },
    "2017-12-31": {
        "Diluted EPS": 113.4,
        "Total Revenue": 2,
        "Gross Profit": 0,
        "Operating Income": -1,
        "EBIT": -1,
        "Net Income": -1
    },
    "2017-09-30": {
        "Diluted EPS": -5.0,
        "Total Revenue": 1,
        "Gross Profit": 0,
        "Operating Income": -1,
        "EBIT": -1,
        "Net Income": -1
    },
    "2017-06-30": {
        "Diluted EPS": -63.0,
        "Total Revenue": 1,
        "Gross Profit": 0,
        "Operating Income": -1,
        "EBIT": 0,
        "Net Income": -2
    },
    "2017-03-31": {
        "Diluted EPS": -84.4,
        "Total Revenue": 1,
        "Gross Profit": 0,
        "Operating Income": -1,
        "EBIT": 0,
        "Net Income": -1
    },
    "2016-12-31": {
        "Diluted EPS": -218.0,
        "Total Revenue": 1,
        "Gross Profit": 0,
        "Operating Income": -1,
        "EBIT": -1,
        "Net Income": -1
    },
    "2016-09-30": {
        "Diluted EPS": -22.2,
        "Total Revenue": 0,
        "Gross Profit": 0,
        "Operating Income": 0,
        "EBIT": 0,
        "Net Income": -1
    },
    "2016-06-30": {
        "Diluted EPS": 0.0,
        "Total Revenue": 1,
        "Gross Profit": 0,
        "Operating Income": -1,
        "EBIT": -1,
        "Net Income": 0
    },
    "2016-03-31": {
        "Diluted EPS": -0.4,
        "Total Revenue": 0,
        "Gross Profit": 0,
        "Operating Income": 0,
        "EBIT": 0,
        "Net Income": -1
    },
    "2015-12-31": {
        "Diluted EPS": 0.0,
        "Total Revenue": 0,
        "Gross Profit": 0,
        "Operating Income": 0,
        "EBIT": 0,
        "Net Income": 0
    },
    "2015-09-30": {
        "Diluted EPS": -0.8,
        "Total Revenue": 0,
        "Gross Profit": 0,
        "Operating Income": 0,
        "EBIT": 0,
        "Net Income": -2
    },
    "2015-06-30": {
        "Diluted EPS": -0.2,
        "Total Revenue": 1,
        "Gross Profit": 0,
        "Operating Income": 0,
        "EBIT": 0,
        "Net Income": 0
    },
    "2015-03-31": {
        "Diluted EPS": -0.2,
        "Total Revenue": 0,
        "Gross Profit": 0,
        "Operating Income": -1,
        "EBIT": -1,
        "Net Income": 0
    },
    "2014-12-31": {
        "Diluted EPS": 0.2,
        "Total Revenue": 1,
        "Gross Profit": 0,
        "Operating Income": 0,
        "EBIT": 0,
        "Net Income": 0
    },
    "2014-09-30": {
        "Diluted EPS": 0.2,
        "Total Revenue": 4,
        "Gross Profit": 1,
        "Operating Income": 0,
        "EBIT": 0,
        "Net Income": 1
    },
    "2014-06-30": {
        "Diluted EPS": -1.0,
        "Total Revenue": 1,
        "Gross Profit": 0,
        "Operating Income": 0,
        "EBIT": 0,
        "Net Income": -2
    },
    "2014-03-31": {
        "Diluted EPS": -0.2,
        "Total Revenue": 1,
        "Gross Profit": 0,
        "Operating Income": 0,
        "EBIT": 0,
        "Net Income": -1
    },
    "2013-12-31": {
        "Diluted EPS": -0.2,
        "Total Revenue": 1,
        "Gross Profit": 0,
        "Operating Income": 0,
        "EBIT": 0,
        "Net Income": -1
    },
    "2013-09-30": {
        "Diluted EPS": -0.2,
        "Total Revenue": 2,
        "Gross Profit": 0,
        "Operating Income": 0,
        "EBIT": 0,
        "Net Income": 0
    },
    "2013-06-30": {
        "Diluted EPS": -0.4,
        "Total Revenue": 2,
        "Gross Profit": 0,
        "Operating Income": -1,
        "EBIT": -1,
        "Net Income": -1
    },
    "2013-03-31": {
        "Diluted EPS": -0.2,
        "Total Revenue": 1,
        "Gross Profit": 0,
        "Operating Income": 0,
        "EBIT": 0,
        "Net Income": 0
    },
    "2012-12-31": {
        "Diluted EPS": -0.2,
        "Total Revenue": 0,
        "Gross Profit": 0,
        "Operating Income": 0,
        "EBIT": 0,
        "Net Income": 0
    },
    "2012-09-30": {
        "Diluted EPS": -0.2,
        "Total Revenue": 0,
        "Gross Profit": 0,
        "Operating Income": -1,
        "EBIT": -1,
        "Net Income": -1
    },
    "2012-06-30": {
        "Diluted EPS": -0.2,
        "Total Revenue": 1,
        "Gross Profit": 0,
        "Operating Income": 0,
        "EBIT": 0,
        "Net Income": 0
    },
    "2012-03-31": {
        "Diluted EPS": -0.2,
        "Total Revenue": 1,
        "Gross Profit": 0,
        "Operating Income": 0,
        "EBIT": 0,
        "Net Income": 0
    },
    "2011-12-31": {
        "Diluted EPS": -0.2,
        "Total Revenue": 1,
        "Gross Profit": 0,
        "Operating Income": -1,
        "EBIT": -1,
        "Net Income": -1
    },
    "2011-09-30": {
        "Diluted EPS": -0.4,
        "Total Revenue": 0,
        "Gross Profit": 0,
        "Operating Income": -1,
        "EBIT": -1,
        "Net Income": -1
    },
    "2011-06-30": {
        "Diluted EPS": -0.2,
        "Total Revenue": 1,
        "Gross Profit": 0,
        "Operating Income": 0,
        "EBIT": 0,
        "Net Income": 0
    },
    "2011-03-31": {
        "Diluted EPS": -0.2,
        "Total Revenue": 2,
        "Gross Profit": 0,
        "Operating Income": 0,
        "EBIT": 0,
        "Net Income": 0
    },
    "2010-12-31": {
        "Diluted EPS": 0.0,
        "Total Revenue": NaN,
        "Gross Profit": NaN,
        "Operating Income": -3,
        "EBIT": -3,
        "Net Income": -1
    },
    "2010-09-30": {
        "Diluted EPS": 0.0,
        "Total Revenue": NaN,
        "Gross Profit": NaN,
        "Operating Income": 0,
        "EBIT": 0,
        "Net Income": 0
    },
    "2010-06-30": {
        "Diluted EPS": 0.0,
        "Total Revenue": NaN,
        "Gross Profit": NaN,
        "Operating Income": 0,
        "EBIT": 0,
        "Net Income": 0
    },
    "2010-03-31": {
        "Diluted EPS": 0.0,
        "Total Revenue": NaN,
        "Gross Profit": NaN,
        "Operating Income": 0,
        "EBIT": 0,
        "Net Income": 0
    },
    "2009-12-31": {
        "Diluted EPS": 0.0,
        "Total Revenue": NaN,
        "Gross Profit": NaN,
        "Operating Income": 0,
        "EBIT": 0,
        "Net Income": 0
    },
    "2009-09-30": {
        "Diluted EPS": 0.0,
        "Total Revenue": NaN,
        "Gross Profit": NaN,
        "Operating Income": 0,
        "EBIT": 0,
        "Net Income": 0
    },
    "2009-06-30": {
        "Diluted EPS": 0.0,
        "Total Revenue": NaN,
        "Gross Profit": NaN,
        "Operating Income": 0,
        "EBIT": 0,
        "Net Income": 0
    },
    "2009-03-31": {
        "Diluted EPS": 0.0,
        "Total Revenue": NaN,
        "Gross Profit": NaN,
        "Operating Income": 0,
        "EBIT": 0,
        "Net Income": 0
    },
    "2023-06-30": {
        "Tax Effect Of Unusual Items": 0.0,
        "Tax Rate For Calcs": 0.0,
        "Normalized EBITDA": -4693247.0,
        "Total Unusual Items": NaN,
        "Total Unusual Items Excluding Goodwill": NaN,
        "Net Income From Continuing Operation Net Minority Interest": -5555524.0,
        "Reconciled Depreciation": 338306.0,
        "Reconciled Cost Of Revenue": 5063425.0,
        "EBITDA": -4693247.0,
        "EBIT": -5031553.0,
        "Net Interest Income": -514517.0,
        "Interest Expense": 523971.0,
        "Interest Income": 9454.0,
        "Normalized Income": -5555524.0,
        "Net Income From Continuing And Discontinued Operation": -5555524.0,
        "Total Expenses": 10707913.0,
        "Total Operating Income As Reported": -5610858.0,
        "Diluted Average Shares": 744454.0,
        "Basic Average Shares": 744454.0,
        "Diluted EPS": -7.46,
        "Basic EPS": -7.46,
        "Diluted NI Availto Com Stockholders": -5555524.0,
        "Net Income Common Stockholders": -5555524.0,
        "Otherunder Preferred Stock Dividend": 0.0,
        "Net Income": -5555524.0,
        "Minority Interests": 0.0,
        "Net Income Including Noncontrolling Interests": -5555524.0,
        "Net Income Continuous Operations": -5555524.0,
        "Tax Provision": 0.0,
        "Pretax Income": -5555524.0,
        "Other Income Expense": 569851.0,
        "Other Non Operating Income Expenses": 569851.0,
        "Special Income Charges": NaN,
        "Gain On Sale Of Ppe": NaN,
        "Net Non Operating Interest Income Expense": -514517.0,
        "Interest Expense Non Operating": 523971.0,
        "Interest Income Non Operating": 9454.0,
        "Operating Income": -5610858.0,
        "Operating Expense": 5644488.0,
        "Selling General And Administration": 5644488.0,
        "Selling And Marketing Expense": 102900.0,
        "General And Administrative Expense": 5541588.0,
        "Other Gand A": 1357159.0,
        "Salaries And Wages": 4184429.0,
        "Gross Profit": 33630.0,
        "Cost Of Revenue": 5063425.0,
        "Total Revenue": 5097055.0,
        "Operating Revenue": 5097055.0
    },
    "2023-09-30": {
        "Tax Effect Of Unusual Items": 0.0,
        "Tax Rate For Calcs": 0.0,
        "Normalized EBITDA": -2545616.0,
        "Total Unusual Items": NaN,
        "Total Unusual Items Excluding Goodwill": NaN,
        "Net Income From Continuing Operation Net Minority Interest": -3608134.0,
        "Reconciled Depreciation": 323869.0,
        "Reconciled Cost Of Revenue": 4501393.0,
        "EBITDA": -2545616.0,
        "EBIT": -2869485.0,
        "Net Interest Income": -735463.0,
        "Interest Expense": 738649.0,
        "Interest Income": 3186.0,
        "Normalized Income": -3608134.0,
        "Net Income From Continuing And Discontinued Operation": -3608134.0,
        "Total Expenses": 6940481.0,
        "Total Operating Income As Reported": -2975120.0,
        "Diluted Average Shares": 802856.0,
        "Basic Average Shares": 802856.0,
        "Diluted EPS": -4.4,
        "Basic EPS": -4.4,
        "Diluted NI Availto Com Stockholders": -3608134.0,
        "Net Income Common Stockholders": -3608134.0,
        "Otherunder Preferred Stock Dividend": NaN,
        "Net Income": -3608134.0,
        "Minority Interests": 0.0,
        "Net Income Including Noncontrolling Interests": -3608134.0,
        "Net Income Continuous Operations": -3608134.0,
        "Tax Provision": 0.0,
        "Pretax Income": -3608134.0,
        "Other Income Expense": 102449.0,
        "Other Non Operating Income Expenses": 102449.0,
        "Special Income Charges": NaN,
        "Gain On Sale Of Ppe": NaN,
        "Net Non Operating Interest Income Expense": -735463.0,
        "Interest Expense Non Operating": 738649.0,
        "Interest Income Non Operating": 3186.0,
        "Operating Income": -2975120.0,
        "Operating Expense": 2439088.0,
        "Selling General And Administration": 2439088.0,
        "Selling And Marketing Expense": 265313.0,
        "General And Administrative Expense": 2173775.0,
        "Other Gand A": 1353866.0,
        "Salaries And Wages": 819909.0,
        "Gross Profit": -536032.0,
        "Cost Of Revenue": 4501393.0,
        "Total Revenue": 3965361.0,
        "Operating Revenue": 3965361.0
    },
    "2023-12-31": {
        "Tax Effect Of Unusual Items": 0.0,
        "Tax Rate For Calcs": 0.0,
        "Normalized EBITDA": -11055264.0,
        "Total Unusual Items": NaN,
        "Total Unusual Items Excluding Goodwill": NaN,
        "Net Income From Continuing Operation Net Minority Interest": -13599435.0,
        "Reconciled Depreciation": 1960853.0,
        "Reconciled Cost Of Revenue": 3941211.0,
        "EBITDA": -11055264.0,
        "EBIT": -13016117.0,
        "Net Interest Income": -1080574.0,
        "Interest Expense": 1058691.0,
        "Interest Income": -21883.0,
        "Normalized Income": -13599435.0,
        "Net Income From Continuing And Discontinued Operation": -13599435.0,
        "Total Expenses": 8906893.0,
        "Total Operating Income As Reported": -12926609.0,
        "Diluted Average Shares": NaN,
        "Basic Average Shares": NaN,
        "Diluted EPS": NaN,
        "Basic EPS": NaN,
        "Diluted NI Availto Com Stockholders": -13599435.0,
        "Net Income Common Stockholders": -13599435.0,
        "Otherunder Preferred Stock Dividend": NaN,
        "Net Income": -13599435.0,
        "Minority Interests": 475373.0,
        "Net Income Including Noncontrolling Interests": -14074808.0,
        "Net Income Continuous Operations": -14074808.0,
        "Tax Provision": 0.0,
        "Pretax Income": -14074808.0,
        "Other Income Expense": -6044070.0,
        "Other Non Operating Income Expenses": -67625.0,
        "Special Income Charges": NaN,
        "Gain On Sale Of Ppe": NaN,
        "Net Non Operating Interest Income Expense": -1080574.0,
        "Interest Expense Non Operating": 1058691.0,
        "Interest Income Non Operating": -21883.0,
        "Operating Income": -6950164.0,
        "Operating Expense": 4965682.0,
        "Selling General And Administration": 4965682.0,
        "Selling And Marketing Expense": 258057.0,
        "General And Administrative Expense": 4707625.0,
        "Other Gand A": 3848121.0,
        "Salaries And Wages": 859504.0,
        "Gross Profit": -1984482.0,
        "Cost Of Revenue": 3941211.0,
        "Total Revenue": 1956729.0,
        "Operating Revenue": 1956729.0
    },
    "2024-03-31": {
        "Tax Effect Of Unusual Items": 0.0,
        "Tax Rate For Calcs": 0.0,
        "Normalized EBITDA": -3772136.0,
        "Total Unusual Items": NaN,
        "Total Unusual Items Excluding Goodwill": NaN,
        "Net Income From Continuing Operation Net Minority Interest": -3999283.0,
        "Reconciled Depreciation": 202136.0,
        "Reconciled Cost Of Revenue": 644983.0,
        "EBITDA": -3772136.0,
        "EBIT": -3974272.0,
        "Net Interest Income": -1273186.0,
        "Interest Expense": 1282756.0,
        "Interest Income": 9570.0,
        "Normalized Income": -3999283.0,
        "Net Income From Continuing And Discontinued Operation": -3999283.0,
        "Total Expenses": 5050390.0,
        "Total Operating Income As Reported": -4032459.0,
        "Diluted Average Shares": 47383.0,
        "Basic Average Shares": 47383.0,
        "Diluted EPS": -98.6,
        "Basic EPS": -98.6,
        "Diluted NI Availto Com Stockholders": -4670164.0,
        "Net Income Common Stockholders": -4670164.0,
        "Otherunder Preferred Stock Dividend": 670881.0,
        "Net Income": -3999283.0,
        "Minority Interests": 1257745.0,
        "Net Income Including Noncontrolling Interests": -5257028.0,
        "Net Income Continuous Operations": -5257028.0,
        "Tax Provision": 0.0,
        "Pretax Income": -5257028.0,
        "Other Income Expense": 48617.0,
        "Other Non Operating Income Expenses": 48617.0,
        "Special Income Charges": NaN,
        "Gain On Sale Of Ppe": NaN,
        "Net Non Operating Interest Income Expense": -1273186.0,
        "Interest Expense Non Operating": 1282756.0,
        "Interest Income Non Operating": 9570.0,
        "Operating Income": -4032459.0,
        "Operating Expense": 4405407.0,
        "Selling General And Administration": 4405407.0,
        "Selling And Marketing Expense": 192725.0,
        "General And Administrative Expense": 4212682.0,
        "Other Gand A": 944613.0,
        "Salaries And Wages": 3268069.0,
        "Gross Profit": 372948.0,
        "Cost Of Revenue": 644983.0,
        "Total Revenue": 1017931.0,
        "Operating Revenue": 1017931.0
    },
    "2024-06-30": {
        "Tax Effect Of Unusual Items": 0.0,
        "Tax Rate For Calcs": 0.0,
        "Normalized EBITDA": -2006943.0,
        "Total Unusual Items": NaN,
        "Total Unusual Items Excluding Goodwill": NaN,
        "Net Income From Continuing Operation Net Minority Interest": -3858693.0,
        "Reconciled Depreciation": 651499.0,
        "Reconciled Cost Of Revenue": 1094249.0,
        "EBITDA": -2006943.0,
        "EBIT": -2658442.0,
        "Net Interest Income": -1889328.0,
        "Interest Expense": 1889328.0,
        "Interest Income": 0.0,
        "Normalized Income": -3858693.0,
        "Net Income From Continuing And Discontinued Operation": -3858693.0,
        "Total Expenses": 4047223.0,
        "Total Operating Income As Reported": -2793807.0,
        "Diluted Average Shares": 1412159.0,
        "Basic Average Shares": 1412159.0,
        "Diluted EPS": -2.73,
        "Basic EPS": -2.73,
        "Diluted NI Availto Com Stockholders": -3858693.0,
        "Net Income Common Stockholders": -3858693.0,
        "Otherunder Preferred Stock Dividend": 0.0,
        "Net Income": -3858693.0,
        "Minority Interests": 689077.0,
        "Net Income Including Noncontrolling Interests": -4547770.0,
        "Net Income Continuous Operations": -4547770.0,
        "Tax Provision": 0.0,
        "Pretax Income": -4547770.0,
        "Other Income Expense": 135365.0,
        "Other Non Operating Income Expenses": 135365.0,
        "Special Income Charges": NaN,
        "Gain On Sale Of Ppe": NaN,
        "Net Non Operating Interest Income Expense": -1889328.0,
        "Interest Expense Non Operating": 1889328.0,
        "Interest Income Non Operating": 0.0,
        "Operating Income": -2793807.0,
        "Operating Expense": 2952974.0,
        "Selling General And Administration": 2952974.0,
        "Selling And Marketing Expense": 246829.0,
        "General And Administrative Expense": 2706145.0,
        "Other Gand A": 976416.0,
        "Salaries And Wages": 1729729.0,
        "Gross Profit": 159167.0,
        "Cost Of Revenue": 1094249.0,
        "Total Revenue": 1253416.0,
        "Operating Revenue": 1253416.0
    }
}