{
    "2023-03-31": {
        "Tax Effect Of Unusual Items": -460110.0,
        "Tax Rate For Calcs": 0.21,
        "Normalized EBITDA": 28696000.0,
        "Total Unusual Items": -2191000.0,
        "Total Unusual Items Excluding Goodwill": -2191000.0,
        "Net Income From Continuing Operation Net Minority Interest": -2406000.0,
        "Reconciled Depreciation": 21445000.0,
        "Reconciled Cost Of Revenue": 275710000.0,
        "EBITDA": 26505000.0,
        "EBIT": 5060000.0,
        "Net Interest Income": 648000.0,
        "Interest Expense": 547000.0,
        "Interest Income": 1195000.0,
        "Normalized Income": -675110.0,
        "Net Income From Continuing And Discontinued Operation": -2406000.0,
        "Total Expenses": 332465000.0,
        "Total Operating Income As Reported": 6056000.0,
        "Diluted Average Shares": 498154854.0,
        "Basic Average Shares": 498154854.0,
        "Diluted EPS": -0.0048,
        "Basic EPS": -0.0048,
        "Diluted NI Availto Com Stockholders": -2406000.0,
        "Net Income Common Stockholders": -2406000.0,
        "Net Income": -2406000.0,
        "Minority Interests": -482000.0,
        "Net Income Including Noncontrolling Interests": -1924000.0,
        "Net Income Continuous Operations": -1924000.0,
        "Tax Provision": 6437000.0,
        "Pretax Income": 4513000.0,
        "Other Income Expense": -2191000.0,
        "Other Non Operating Income Expenses": NaN,
        "Special Income Charges": 0.0,
        "Gain On Sale Of Business": 0.0,
        "Restructuring And Mergern Acquisition": 0.0,
        "Gain On Sale Of Security": -2191000.0,
        "Net Non Operating Interest Income Expense": 648000.0,
        "Interest Expense Non Operating": 547000.0,
        "Interest Income Non Operating": 1195000.0,
        "Operating Income": 6056000.0,
        "Operating Expense": 56755000.0,
        "Other Operating Expenses": -1281000.0,
        "Depreciation Amortization Depletion Income Statement": 21445000.0,
        "Depreciation And Amortization In Income Statement": 21445000.0,
        "Selling General And Administration": 36591000.0,
        "General And Administrative Expense": 36591000.0,
        "Other Gand A": 36591000.0,
        "Gross Profit": 62811000.0,
        "Cost Of Revenue": 275710000.0,
        "Total Revenue": 338521000.0,
        "Operating Revenue": 338521000.0
    },
    "2022-12-31": {
        "Tax Effect Of Unusual Items": NaN,
        "Tax Rate For Calcs": NaN,
        "Normalized EBITDA": NaN,
        "Total Unusual Items": NaN,
        "Total Unusual Items Excluding Goodwill": NaN,
        "Net Income From Continuing Operation Net Minority Interest": NaN,
        "Reconciled Depreciation": NaN,
        "Reconciled Cost Of Revenue": NaN,
        "EBITDA": NaN,
        "EBIT": NaN,
        "Net Interest Income": NaN,
        "Interest Expense": NaN,
        "Interest Income": NaN,
        "Normalized Income": NaN,
        "Net Income From Continuing And Discontinued Operation": NaN,
        "Total Expenses": NaN,
        "Total Operating Income As Reported": -14412000.0,
        "Diluted Average Shares": NaN,
        "Basic Average Shares": NaN,
        "Diluted EPS": NaN,
        "Basic EPS": NaN,
        "Diluted NI Availto Com Stockholders": NaN,
        "Net Income Common Stockholders": NaN,
        "Net Income": NaN,
        "Minority Interests": NaN,
        "Net Income Including Noncontrolling Interests": NaN,
        "Net Income Continuous Operations": NaN,
        "Tax Provision": NaN,
        "Pretax Income": NaN,
        "Other Income Expense": NaN,
        "Other Non Operating Income Expenses": 0.0,
        "Special Income Charges": NaN,
        "Gain On Sale Of Business": NaN,
        "Restructuring And Mergern Acquisition": -43783000.0,
        "Gain On Sale Of Security": NaN,
        "Net Non Operating Interest Income Expense": NaN,
        "Interest Expense Non Operating": NaN,
        "Interest Income Non Operating": NaN,
        "Operating Income": NaN,
        "Operating Expense": NaN,
        "Other Operating Expenses": NaN,
        "Depreciation Amortization Depletion Income Statement": NaN,
        "Depreciation And Amortization In Income Statement": NaN,
        "Selling General And Administration": NaN,
        "General And Administrative Expense": NaN,
        "Other Gand A": NaN,
        "Gross Profit": NaN,
        "Cost Of Revenue": NaN,
        "Total Revenue": NaN,
        "Operating Revenue": NaN
    },
    "2022-09-30": {
        "Tax Effect Of Unusual Items": NaN,
        "Tax Rate For Calcs": NaN,
        "Normalized EBITDA": NaN,
        "Total Unusual Items": NaN,
        "Total Unusual Items Excluding Goodwill": NaN,
        "Net Income From Continuing Operation Net Minority Interest": NaN,
        "Reconciled Depreciation": NaN,
        "Reconciled Cost Of Revenue": NaN,
        "EBITDA": NaN,
        "EBIT": NaN,
        "Net Interest Income": NaN,
        "Interest Expense": NaN,
        "Interest Income": NaN,
        "Normalized Income": NaN,
        "Net Income From Continuing And Discontinued Operation": NaN,
        "Total Expenses": NaN,
        "Total Operating Income As Reported": 30093000.0,
        "Diluted Average Shares": 490197468.0,
        "Basic Average Shares": 490197468.0,
        "Diluted EPS": 0.0707,
        "Basic EPS": 0.0707,
        "Diluted NI Availto Com Stockholders": NaN,
        "Net Income Common Stockholders": NaN,
        "Net Income": NaN,
        "Minority Interests": NaN,
        "Net Income Including Noncontrolling Interests": NaN,
        "Net Income Continuous Operations": NaN,
        "Tax Provision": NaN,
        "Pretax Income": NaN,
        "Other Income Expense": NaN,
        "Other Non Operating Income Expenses": NaN,
        "Special Income Charges": NaN,
        "Gain On Sale Of Business": NaN,
        "Restructuring And Mergern Acquisition": NaN,
        "Gain On Sale Of Security": NaN,
        "Net Non Operating Interest Income Expense": NaN,
        "Interest Expense Non Operating": NaN,
        "Interest Income Non Operating": NaN,
        "Operating Income": NaN,
        "Operating Expense": NaN,
        "Other Operating Expenses": NaN,
        "Depreciation Amortization Depletion Income Statement": NaN,
        "Depreciation And Amortization In Income Statement": NaN,
        "Selling General And Administration": NaN,
        "General And Administrative Expense": NaN,
        "Other Gand A": NaN,
        "Gross Profit": NaN,
        "Cost Of Revenue": NaN,
        "Total Revenue": NaN,
        "Operating Revenue": NaN
    },
    "2022-06-30": {
        "Tax Effect Of Unusual Items": 4789099.620624,
        "Tax Rate For Calcs": 0.018486,
        "Normalized EBITDA": 60605000.0,
        "Total Unusual Items": 259073000.0,
        "Total Unusual Items Excluding Goodwill": 259073000.0,
        "Net Income From Continuing Operation Net Minority Interest": 298561000.0,
        "Reconciled Depreciation": 15180000.0,
        "Reconciled Cost Of Revenue": 225695000.0,
        "EBITDA": 319678000.0,
        "EBIT": 304498000.0,
        "Net Interest Income": 38000.0,
        "Interest Expense": 314000.0,
        "Interest Income": 352000.0,
        "Normalized Income": 44277099.620624,
        "Net Income From Continuing And Discontinued Operation": 298561000.0,
        "Total Expenses": 275743000.0,
        "Total Operating Income As Reported": 44866000.0,
        "Diluted Average Shares": 490197468.0,
        "Basic Average Shares": 490197468.0,
        "Diluted EPS": 0.6091,
        "Basic EPS": 0.6091,
        "Diluted NI Availto Com Stockholders": 298561000.0,
        "Net Income Common Stockholders": 298561000.0,
        "Net Income": 298561000.0,
        "Minority Interests": NaN,
        "Net Income Including Noncontrolling Interests": 298561000.0,
        "Net Income Continuous Operations": 298561000.0,
        "Tax Provision": 5623000.0,
        "Pretax Income": 304184000.0,
        "Other Income Expense": 259073000.0,
        "Special Income Charges": 219114000.0,
        "Restructuring And Mergern Acquisition": -219114000.0,
        "Gain On Sale Of Security": 39959000.0,
        "Net Non Operating Interest Income Expense": 38000.0,
        "Interest Expense Non Operating": 314000.0,
        "Interest Income Non Operating": 352000.0,
        "Operating Income": 45073000.0,
        "Operating Expense": 50043000.0,
        "Other Operating Expenses": -2886000.0,
        "Depreciation Amortization Depletion Income Statement": 15175000.0,
        "Depreciation And Amortization In Income Statement": 15175000.0,
        "Selling General And Administration": 37754000.0,
        "General And Administrative Expense": 37754000.0,
        "Other Gand A": 37754000.0,
        "Salaries And Wages": 0.0,
        "Gross Profit": 95116000.0,
        "Cost Of Revenue": 225700000.0,
        "Total Revenue": 320816000.0,
        "Operating Revenue": 320766000.0
    },
    "2022-03-31": {
        "Diluted EPS": -0.37,
        "Total Revenue": 375,
        "Gross Profit": 375,
        "Operating Income": 27,
        "EBIT": 45,
        "Net Income": -183
    },
    "2021-12-31": {
        "Diluted EPS": 7.28,
        "Total Revenue": NaN,
        "Gross Profit": NaN,
        "Operating Income": NaN,
        "EBIT": NaN,
        "Net Income": 320
    },
    "2021-09-30": {
        "Diluted EPS": -0.14,
        "Total Revenue": NaN,
        "Gross Profit": NaN,
        "Operating Income": -2,
        "EBIT": -2,
        "Net Income": -8
    },
    "2021-06-30": {
        "Diluted EPS": -3.3,
        "Total Revenue": NaN,
        "Gross Profit": NaN,
        "Operating Income": -1,
        "EBIT": -1,
        "Net Income": -37
    },
    "2021-03-31": {
        "Diluted EPS": 0.41,
        "Total Revenue": NaN,
        "Gross Profit": NaN,
        "Operating Income": -4,
        "EBIT": -4,
        "Net Income": 5
    },
    "2020-12-31": {
        "Diluted EPS": 0.0,
        "Total Revenue": NaN,
        "Gross Profit": NaN,
        "Operating Income": NaN,
        "EBIT": NaN,
        "Net Income": NaN
    },
    "2020-09-30": {
        "Diluted EPS": 0.0,
        "Total Revenue": NaN,
        "Gross Profit": NaN,
        "Operating Income": 0,
        "EBIT": 0,
        "Net Income": 0
    },
    "2023-06-30": {
        "Tax Effect Of Unusual Items": -2070151.357694,
        "Tax Rate For Calcs": 0.340094,
        "Normalized EBITDA": 68697000.0,
        "Total Unusual Items": -6087000.0,
        "Total Unusual Items Excluding Goodwill": -6087000.0,
        "Net Income From Continuing Operation Net Minority Interest": 26578000.0,
        "Reconciled Depreciation": 20311000.0,
        "Reconciled Cost Of Revenue": 277329000.0,
        "EBITDA": 62610000.0,
        "EBIT": 42299000.0,
        "Net Interest Income": 1533000.0,
        "Interest Expense": 537000.0,
        "Interest Income": 2070000.0,
        "Normalized Income": 30594848.642306,
        "Net Income From Continuing And Discontinued Operation": 26578000.0,
        "Total Expenses": 334473000.0,
        "Total Operating Income As Reported": 46316000.0,
        "Diluted Average Shares": 499544535.0,
        "Basic Average Shares": 498517588.0,
        "Diluted EPS": 0.0532,
        "Basic EPS": 0.0533,
        "Diluted NI Availto Com Stockholders": 26578000.0,
        "Net Income Common Stockholders": 26578000.0,
        "Net Income": 26578000.0,
        "Minority Interests": -981000.0,
        "Net Income Including Noncontrolling Interests": 27559000.0,
        "Net Income Continuous Operations": 27559000.0,
        "Tax Provision": 14203000.0,
        "Pretax Income": 41762000.0,
        "Other Income Expense": -6087000.0,
        "Other Non Operating Income Expenses": NaN,
        "Special Income Charges": 0.0,
        "Gain On Sale Of Business": NaN,
        "Restructuring And Mergern Acquisition": 0.0,
        "Gain On Sale Of Security": -6087000.0,
        "Net Non Operating Interest Income Expense": 1533000.0,
        "Interest Expense Non Operating": 537000.0,
        "Interest Income Non Operating": 2070000.0,
        "Operating Income": 46316000.0,
        "Operating Expense": 57144000.0,
        "Other Operating Expenses": -1028000.0,
        "Depreciation Amortization Depletion Income Statement": 20311000.0,
        "Depreciation And Amortization In Income Statement": 20311000.0,
        "Selling General And Administration": 37861000.0,
        "General And Administrative Expense": 37861000.0,
        "Other Gand A": 37861000.0,
        "Gross Profit": 103460000.0,
        "Cost Of Revenue": 277329000.0,
        "Total Revenue": 380789000.0,
        "Operating Revenue": 380789000.0
    },
    "2023-09-30": {
        "Tax Effect Of Unusual Items": -4390680.109275,
        "Tax Rate For Calcs": 0.308833,
        "Normalized EBITDA": 50134000.0,
        "Total Unusual Items": -14217000.0,
        "Total Unusual Items Excluding Goodwill": -14217000.0,
        "Net Income From Continuing Operation Net Minority Interest": 9876000.0,
        "Reconciled Depreciation": 19848000.0,
        "Reconciled Cost Of Revenue": 270839000.0,
        "EBITDA": 35917000.0,
        "EBIT": 16069000.0,
        "Net Interest Income": 1840000.0,
        "Interest Expense": 695000.0,
        "Interest Income": 2535000.0,
        "Normalized Income": 19702319.890725,
        "Net Income From Continuing And Discontinued Operation": 9876000.0,
        "Total Expenses": 329137000.0,
        "Total Operating Income As Reported": 27751000.0,
        "Diluted Average Shares": 500333127.0,
        "Basic Average Shares": 498360431.0,
        "Diluted EPS": 0.0197,
        "Basic EPS": 0.0198,
        "Diluted NI Availto Com Stockholders": 9876000.0,
        "Net Income Common Stockholders": 9876000.0,
        "Net Income": 9876000.0,
        "Minority Interests": -750000.0,
        "Net Income Including Noncontrolling Interests": 10626000.0,
        "Net Income Continuous Operations": 10626000.0,
        "Tax Provision": 4748000.0,
        "Pretax Income": 15374000.0,
        "Other Income Expense": -14217000.0,
        "Other Non Operating Income Expenses": NaN,
        "Special Income Charges": 0.0,
        "Gain On Sale Of Business": NaN,
        "Restructuring And Mergern Acquisition": 0.0,
        "Gain On Sale Of Security": -14217000.0,
        "Net Non Operating Interest Income Expense": 1840000.0,
        "Interest Expense Non Operating": 695000.0,
        "Interest Income Non Operating": 2535000.0,
        "Operating Income": 27751000.0,
        "Operating Expense": 58298000.0,
        "Other Operating Expenses": -360000.0,
        "Depreciation Amortization Depletion Income Statement": 19848000.0,
        "Depreciation And Amortization In Income Statement": 19848000.0,
        "Selling General And Administration": 38810000.0,
        "General And Administrative Expense": 38810000.0,
        "Other Gand A": 38810000.0,
        "Gross Profit": 86049000.0,
        "Cost Of Revenue": 270839000.0,
        "Total Revenue": 356888000.0,
        "Operating Revenue": 356888000.0
    },
    "2023-12-31": {
        "Tax Effect Of Unusual Items": -933.53986,
        "Tax Rate For Calcs": 2.2e-05,
        "Normalized EBITDA": 18551000.0,
        "Total Unusual Items": -41887000.0,
        "Total Unusual Items Excluding Goodwill": -41887000.0,
        "Net Income From Continuing Operation Net Minority Interest": -44601000.0,
        "Reconciled Depreciation": 20586000.0,
        "Reconciled Cost Of Revenue": -54043000.0,
        "EBITDA": -23336000.0,
        "EBIT": -43922000.0,
        "Net Interest Income": 2165000.0,
        "Interest Expense": 947000.0,
        "Interest Income": 3112000.0,
        "Normalized Income": -2714933.53986,
        "Net Income From Continuing And Discontinued Operation": -44601000.0,
        "Total Expenses": 365066000.0,
        "Total Operating Income As Reported": NaN,
        "Diluted Average Shares": NaN,
        "Basic Average Shares": NaN,
        "Diluted EPS": NaN,
        "Basic EPS": NaN,
        "Diluted NI Availto Com Stockholders": -44601000.0,
        "Net Income Common Stockholders": -44601000.0,
        "Net Income": -44601000.0,
        "Minority Interests": 267000.0,
        "Net Income Including Noncontrolling Interests": -44868000.0,
        "Net Income Continuous Operations": -44868000.0,
        "Tax Provision": -1000.0,
        "Pretax Income": -44869000.0,
        "Other Income Expense": -41887000.0,
        "Other Non Operating Income Expenses": NaN,
        "Special Income Charges": -35740000.0,
        "Gain On Sale Of Business": NaN,
        "Restructuring And Mergern Acquisition": -209000.0,
        "Gain On Sale Of Security": -6147000.0,
        "Net Non Operating Interest Income Expense": 2165000.0,
        "Interest Expense Non Operating": 947000.0,
        "Interest Income Non Operating": 3112000.0,
        "Operating Income": -5147000.0,
        "Operating Expense": 419109000.0,
        "Other Operating Expenses": 48225000.0,
        "Depreciation Amortization Depletion Income Statement": 20586000.0,
        "Depreciation And Amortization In Income Statement": 20586000.0,
        "Selling General And Administration": 350298000.0,
        "General And Administrative Expense": -16736000.0,
        "Other Gand A": -61221000.0,
        "Gross Profit": 413962000.0,
        "Cost Of Revenue": -54043000.0,
        "Total Revenue": 359919000.0,
        "Operating Revenue": 359919000.0
    },
    "2024-03-31": {
        "Tax Effect Of Unusual Items": 4298315.177893,
        "Tax Rate For Calcs": 0.159026,
        "Normalized EBITDA": 42820000.0,
        "Total Unusual Items": 27029000.0,
        "Total Unusual Items Excluding Goodwill": 27029000.0,
        "Net Income From Continuing Operation Net Minority Interest": 41176000.0,
        "Reconciled Depreciation": 19902000.0,
        "Reconciled Cost Of Revenue": 303890000.0,
        "EBITDA": 69849000.0,
        "EBIT": 49947000.0,
        "Net Interest Income": 1831000.0,
        "Interest Expense": 1238000.0,
        "Interest Income": 3069000.0,
        "Normalized Income": 18445315.177893,
        "Net Income From Continuing And Discontinued Operation": 41176000.0,
        "Total Expenses": 359402000.0,
        "Total Operating Income As Reported": NaN,
        "Diluted Average Shares": 501937886.0,
        "Basic Average Shares": 500566918.0,
        "Diluted EPS": 0.082,
        "Basic EPS": 0.0823,
        "Diluted NI Availto Com Stockholders": 41176000.0,
        "Net Income Common Stockholders": 41176000.0,
        "Net Income": 41176000.0,
        "Minority Interests": 212000.0,
        "Net Income Including Noncontrolling Interests": 40964000.0,
        "Net Income Continuous Operations": 40963000.0,
        "Tax Provision": 7746000.0,
        "Pretax Income": 48709000.0,
        "Other Income Expense": 27029000.0,
        "Other Non Operating Income Expenses": NaN,
        "Special Income Charges": 40135000.0,
        "Gain On Sale Of Business": 40135000.0,
        "Restructuring And Mergern Acquisition": NaN,
        "Gain On Sale Of Security": -13106000.0,
        "Net Non Operating Interest Income Expense": 1831000.0,
        "Interest Expense Non Operating": 1238000.0,
        "Interest Income Non Operating": 3069000.0,
        "Operating Income": 19849000.0,
        "Operating Expense": 55512000.0,
        "Other Operating Expenses": -3592000.0,
        "Depreciation Amortization Depletion Income Statement": 19902000.0,
        "Depreciation And Amortization In Income Statement": 19902000.0,
        "Selling General And Administration": 39202000.0,
        "General And Administrative Expense": 39202000.0,
        "Other Gand A": 39202000.0,
        "Gross Profit": 75361000.0,
        "Cost Of Revenue": 303890000.0,
        "Total Revenue": 379251000.0,
        "Operating Revenue": 379251000.0
    }
}