{
    "2022-06-30": {
        "Tax Effect Of Unusual Items": 0.0,
        "Tax Rate For Calcs": 0.0,
        "Normalized EBITDA": -19170000.0,
        "Total Unusual Items": -1046000.0,
        "Total Unusual Items Excluding Goodwill": -1046000.0,
        "Net Income From Continuing Operation Net Minority Interest": -20216000.0,
        "Reconciled Depreciation": 27000.0,
        "Reconciled Cost Of Revenue": 27000.0,
        "EBITDA": -20216000.0,
        "EBIT": -20216000.0,
        "Net Interest Income": 0.0,
        "Interest Expense": 0.0,
        "Interest Income": NaN,
        "Normalized Income": -19170000.0,
        "Net Income From Continuing And Discontinued Operation": -20216000.0,
        "Total Expenses": 14278000.0,
        "Diluted Average Shares": 100659839.0,
        "Basic Average Shares": 100659839.0,
        "Diluted EPS": -0.21,
        "Basic EPS": -0.21,
        "Diluted NI Availto Com Stockholders": -20216000.0,
        "Net Income Common Stockholders": -20216000.0,
        "Net Income": -20216000.0,
        "Net Income Including Noncontrolling Interests": -20216000.0,
        "Net Income Continuous Operations": -20216000.0,
        "Pretax Income": -20216000.0,
        "Other Income Expense": -5938000.0,
        "Other Non Operating Income Expenses": -4892000.0,
        "Gain On Sale Of Security": -1046000.0,
        "Net Non Operating Interest Income Expense": 0.0,
        "Total Other Finance Cost": NaN,
        "Interest Expense Non Operating": 0.0,
        "Interest Income Non Operating": NaN,
        "Operating Income": -14278000.0,
        "Operating Expense": 14251000.0,
        "Other Taxes": NaN,
        "Selling General And Administration": 14251000.0,
        "General And Administrative Expense": 14251000.0,
        "Other Gand A": 2949000.0,
        "Insurance And Claims": NaN,
        "Salaries And Wages": 11302000.0,
        "Gross Profit": -27000.0,
        "Cost Of Revenue": 27000.0,
        "Total Revenue": 0.0,
        "Operating Revenue": 0.0
    },
    "2022-12-31": {
        "Tax Effect Of Unusual Items": 0.0,
        "Tax Rate For Calcs": 0.0,
        "Normalized EBITDA": -69087000.0,
        "Total Unusual Items": -10160000.0,
        "Total Unusual Items Excluding Goodwill": -10160000.0,
        "Net Income From Continuing Operation Net Minority Interest": -80367000.0,
        "Reconciled Depreciation": 38000.0,
        "Reconciled Cost Of Revenue": 102000.0,
        "EBITDA": -79247000.0,
        "EBIT": -79285000.0,
        "Net Interest Income": 5834000.0,
        "Interest Expense": 1082000.0,
        "Interest Income": 6916000.0,
        "Normalized Income": -70207000.0,
        "Net Income From Continuing And Discontinued Operation": -80367000.0,
        "Total Expenses": 80933000.0,
        "Diluted Average Shares": NaN,
        "Basic Average Shares": NaN,
        "Diluted EPS": NaN,
        "Basic EPS": NaN,
        "Diluted NI Availto Com Stockholders": -80367000.0,
        "Net Income Common Stockholders": -80367000.0,
        "Net Income": -80367000.0,
        "Net Income Including Noncontrolling Interests": -80367000.0,
        "Net Income Continuous Operations": -80367000.0,
        "Tax Provision": NaN,
        "Pretax Income": -80367000.0,
        "Other Income Expense": -5268000.0,
        "Special Income Charges": NaN,
        "Gain On Sale Of Security": -11208000.0,
        "Net Non Operating Interest Income Expense": 5834000.0,
        "Total Other Finance Cost": NaN,
        "Interest Expense Non Operating": 1082000.0,
        "Interest Income Non Operating": 6916000.0,
        "Operating Income": -80933000.0,
        "Operating Expense": 80831000.0,
        "Other Operating Expenses": NaN,
        "Other Taxes": NaN,
        "Selling General And Administration": 79783000.0,
        "Selling And Marketing Expense": NaN,
        "General And Administrative Expense": 79783000.0,
        "Other Gand A": 1501000.0,
        "Insurance And Claims": NaN,
        "Salaries And Wages": 76764000.0,
        "Gross Profit": -102000.0,
        "Cost Of Revenue": 102000.0,
        "Total Revenue": 0.0,
        "Operating Revenue": 0.0
    },
    "2022-09-30": {
        "Tax Effect Of Unusual Items": NaN,
        "Tax Rate For Calcs": NaN,
        "Normalized EBITDA": NaN,
        "Total Unusual Items": NaN,
        "Total Unusual Items Excluding Goodwill": NaN,
        "Net Income From Continuing Operation Net Minority Interest": NaN,
        "Reconciled Depreciation": NaN,
        "Reconciled Cost Of Revenue": NaN,
        "EBITDA": NaN,
        "EBIT": NaN,
        "Net Interest Income": NaN,
        "Interest Expense": NaN,
        "Interest Income": NaN,
        "Normalized Income": NaN,
        "Net Income From Continuing And Discontinued Operation": NaN,
        "Total Expenses": NaN,
        "Rent Expense Supplemental": NaN,
        "Total Operating Income As Reported": NaN,
        "Diluted Average Shares": 100740728.0,
        "Basic Average Shares": 100740728.0,
        "Diluted EPS": -0.13,
        "Basic EPS": -0.13,
        "Diluted NI Availto Com Stockholders": NaN,
        "Net Income Common Stockholders": NaN,
        "Net Income": NaN,
        "Net Income Including Noncontrolling Interests": NaN,
        "Net Income Continuous Operations": NaN,
        "Tax Provision": 0.0,
        "Pretax Income": NaN,
        "Other Income Expense": NaN,
        "Special Income Charges": -1048000.0,
        "Other Special Charges": 1048000.0,
        "Gain On Sale Of Security": NaN,
        "Net Non Operating Interest Income Expense": NaN,
        "Total Other Finance Cost": NaN,
        "Interest Expense Non Operating": NaN,
        "Interest Income Non Operating": NaN,
        "Operating Income": NaN,
        "Operating Expense": NaN,
        "Other Operating Expenses": NaN,
        "Other Taxes": NaN,
        "Depreciation Amortization Depletion Income Statement": NaN,
        "Depreciation And Amortization In Income Statement": NaN,
        "Depreciation Income Statement": NaN,
        "Selling General And Administration": NaN,
        "Selling And Marketing Expense": 0.0,
        "General And Administrative Expense": NaN,
        "Other Gand A": NaN,
        "Insurance And Claims": NaN,
        "Salaries And Wages": NaN,
        "Gross Profit": NaN,
        "Cost Of Revenue": NaN,
        "Total Revenue": NaN,
        "Operating Revenue": NaN
    },
    "2022-03-31": {
        "Diluted EPS": -0.08,
        "Total Revenue": NaN,
        "Gross Profit": NaN,
        "Operating Income": -10,
        "EBIT": -10,
        "Net Income": -8
    },
    "2021-09-30": {
        "Diluted EPS": -0.1,
        "Total Revenue": NaN,
        "Gross Profit": NaN,
        "Operating Income": -9,
        "EBIT": -9,
        "Net Income": -9
    },
    "2023-03-31": {
        "Tax Effect Of Unusual Items": NaN,
        "Tax Rate For Calcs": NaN,
        "Normalized EBITDA": NaN,
        "Total Unusual Items": NaN,
        "Total Unusual Items Excluding Goodwill": NaN,
        "Net Income From Continuing Operation Net Minority Interest": NaN,
        "Reconciled Depreciation": NaN,
        "Reconciled Cost Of Revenue": NaN,
        "EBITDA": NaN,
        "EBIT": NaN,
        "Net Interest Income": NaN,
        "Interest Expense": NaN,
        "Interest Income": NaN,
        "Normalized Income": NaN,
        "Net Income From Continuing And Discontinued Operation": NaN,
        "Total Expenses": NaN,
        "Rent Expense Supplemental": 0.0,
        "Total Operating Income As Reported": -34041000.0,
        "Diluted Average Shares": 102326582.0,
        "Basic Average Shares": 102326582.0,
        "Diluted EPS": -0.29,
        "Basic EPS": -0.29,
        "Diluted NI Availto Com Stockholders": NaN,
        "Net Income Common Stockholders": NaN,
        "Net Income": NaN,
        "Net Income Including Noncontrolling Interests": NaN,
        "Net Income Continuous Operations": NaN,
        "Tax Provision": NaN,
        "Pretax Income": NaN,
        "Other Income Expense": NaN,
        "Special Income Charges": NaN,
        "Gain On Sale Of Security": NaN,
        "Net Non Operating Interest Income Expense": NaN,
        "Total Other Finance Cost": NaN,
        "Interest Expense Non Operating": NaN,
        "Interest Income Non Operating": NaN,
        "Operating Income": NaN,
        "Operating Expense": NaN,
        "Other Operating Expenses": NaN,
        "Other Taxes": 1326000.0,
        "Depreciation Amortization Depletion Income Statement": 34000.0,
        "Depreciation And Amortization In Income Statement": 34000.0,
        "Depreciation Income Statement": 34000.0,
        "Research And Development": 748000.0,
        "Selling General And Administration": NaN,
        "Selling And Marketing Expense": NaN,
        "General And Administrative Expense": NaN,
        "Other Gand A": NaN,
        "Insurance And Claims": 2111000.0,
        "Salaries And Wages": NaN,
        "Gross Profit": NaN,
        "Cost Of Revenue": NaN,
        "Total Revenue": NaN,
        "Operating Revenue": NaN
    },
    "2023-06-30": {
        "Tax Effect Of Unusual Items": 0.0,
        "Tax Rate For Calcs": 0.0,
        "Normalized EBITDA": -45498000.0,
        "Total Unusual Items": 5946000.0,
        "Total Unusual Items Excluding Goodwill": 5946000.0,
        "Net Income From Continuing Operation Net Minority Interest": -44543000.0,
        "Reconciled Depreciation": 41000.0,
        "Reconciled Cost Of Revenue": 0.0,
        "EBITDA": -39552000.0,
        "EBIT": -39593000.0,
        "Net Interest Income": -4990000.0,
        "Interest Expense": 4950000.0,
        "Interest Income": 769000.0,
        "Normalized Income": -50489000.0,
        "Net Income From Continuing And Discontinued Operation": -44543000.0,
        "Total Expenses": 45499000.0,
        "Rent Expense Supplemental": NaN,
        "Total Operating Income As Reported": -45499000.0,
        "Diluted Average Shares": 102440868.0,
        "Basic Average Shares": 102440868.0,
        "Diluted EPS": -0.43,
        "Basic EPS": -0.43,
        "Diluted NI Availto Com Stockholders": -44543000.0,
        "Net Income Common Stockholders": -44543000.0,
        "Net Income": -44543000.0,
        "Net Income Including Noncontrolling Interests": -44543000.0,
        "Net Income Continuous Operations": -44543000.0,
        "Tax Provision": 0.0,
        "Pretax Income": -44543000.0,
        "Other Income Expense": 5946000.0,
        "Special Income Charges": NaN,
        "Gain On Sale Of Security": 5946000.0,
        "Net Non Operating Interest Income Expense": -4990000.0,
        "Total Other Finance Cost": 809000.0,
        "Interest Expense Non Operating": 4950000.0,
        "Interest Income Non Operating": 769000.0,
        "Operating Income": -45499000.0,
        "Operating Expense": 45499000.0,
        "Other Operating Expenses": 21000.0,
        "Other Taxes": 925000.0,
        "Depreciation Amortization Depletion Income Statement": 41000.0,
        "Depreciation And Amortization In Income Statement": 41000.0,
        "Depreciation Income Statement": 41000.0,
        "Research And Development": 893000.0,
        "Selling General And Administration": 43619000.0,
        "Selling And Marketing Expense": 0.0,
        "General And Administrative Expense": 43619000.0,
        "Other Gand A": 7835000.0,
        "Insurance And Claims": 1538000.0,
        "Salaries And Wages": 34246000.0,
        "Gross Profit": 0.0,
        "Cost Of Revenue": 0.0,
        "Total Revenue": 0.0,
        "Operating Revenue": 0.0
    },
    "2023-09-30": {
        "Tax Effect Of Unusual Items": -675808.491273,
        "Tax Rate For Calcs": 0.127583,
        "Normalized EBITDA": 70738000.0,
        "Total Unusual Items": -5297000.0,
        "Total Unusual Items Excluding Goodwill": -5297000.0,
        "Net Income From Continuing Operation Net Minority Interest": 48885000.0,
        "Reconciled Depreciation": 4264000.0,
        "Reconciled Cost Of Revenue": 47096000.0,
        "EBITDA": 65441000.0,
        "EBIT": 61177000.0,
        "Net Interest Income": -5367000.0,
        "Interest Expense": 5143000.0,
        "Interest Income": 261000.0,
        "Normalized Income": 53506191.508727,
        "Net Income From Continuing And Discontinued Operation": 48885000.0,
        "Total Expenses": 63227000.0,
        "Rent Expense Supplemental": NaN,
        "Total Operating Income As Reported": NaN,
        "Diluted Average Shares": 109080313.0,
        "Basic Average Shares": 109080313.0,
        "Diluted EPS": 0.45,
        "Basic EPS": 0.45,
        "Diluted NI Availto Com Stockholders": 48885000.0,
        "Net Income Common Stockholders": 48885000.0,
        "Net Income": 48885000.0,
        "Net Income Including Noncontrolling Interests": 48885000.0,
        "Net Income Continuous Operations": 48885000.0,
        "Tax Provision": 7149000.0,
        "Pretax Income": 56034000.0,
        "Other Income Expense": -5297000.0,
        "Special Income Charges": 0.0,
        "Gain On Sale Of Security": -5297000.0,
        "Net Non Operating Interest Income Expense": -5367000.0,
        "Total Other Finance Cost": 485000.0,
        "Interest Expense Non Operating": 5143000.0,
        "Interest Income Non Operating": 261000.0,
        "Operating Income": 66698000.0,
        "Operating Expense": 16131000.0,
        "Other Operating Expenses": 1879000.0,
        "Other Taxes": NaN,
        "Depreciation Amortization Depletion Income Statement": NaN,
        "Depreciation And Amortization In Income Statement": NaN,
        "Depreciation Income Statement": NaN,
        "Research And Development": NaN,
        "Selling General And Administration": 14252000.0,
        "Selling And Marketing Expense": 63000.0,
        "General And Administrative Expense": 14189000.0,
        "Other Gand A": 16581000.0,
        "Insurance And Claims": NaN,
        "Salaries And Wages": -2392000.0,
        "Gross Profit": 82829000.0,
        "Cost Of Revenue": 47096000.0,
        "Total Revenue": 129925000.0,
        "Operating Revenue": 129925000.0
    },
    "2023-12-31": {
        "Tax Effect Of Unusual Items": 143910.105535,
        "Tax Rate For Calcs": 0.032647,
        "Normalized EBITDA": -7207000.0,
        "Total Unusual Items": 4408000.0,
        "Total Unusual Items Excluding Goodwill": 4408000.0,
        "Net Income From Continuing Operation Net Minority Interest": -12741000.0,
        "Reconciled Depreciation": 3208000.0,
        "Reconciled Cost Of Revenue": 45239000.0,
        "EBITDA": -2799000.0,
        "EBIT": -6007000.0,
        "Net Interest Income": -5450000.0,
        "Interest Expense": 7164000.0,
        "Interest Income": -292000.0,
        "Normalized Income": -17005089.894465,
        "Net Income From Continuing And Discontinued Operation": -12741000.0,
        "Total Expenses": 63541000.0,
        "Rent Expense Supplemental": NaN,
        "Total Operating Income As Reported": NaN,
        "Diluted Average Shares": NaN,
        "Basic Average Shares": NaN,
        "Diluted EPS": NaN,
        "Basic EPS": NaN,
        "Diluted NI Availto Com Stockholders": -12741000.0,
        "Net Income Common Stockholders": -12741000.0,
        "Net Income": -12741000.0,
        "Net Income Including Noncontrolling Interests": -12741000.0,
        "Net Income Continuous Operations": -12741000.0,
        "Tax Provision": -430000.0,
        "Pretax Income": -13171000.0,
        "Other Income Expense": 4514000.0,
        "Special Income Charges": NaN,
        "Gain On Sale Of Security": 4408000.0,
        "Net Non Operating Interest Income Expense": -5450000.0,
        "Total Other Finance Cost": -2006000.0,
        "Interest Expense Non Operating": 7164000.0,
        "Interest Income Non Operating": -292000.0,
        "Operating Income": -12235000.0,
        "Operating Expense": 18302000.0,
        "Other Operating Expenses": -292000.0,
        "Other Taxes": NaN,
        "Depreciation Amortization Depletion Income Statement": NaN,
        "Depreciation And Amortization In Income Statement": NaN,
        "Depreciation Income Statement": NaN,
        "Research And Development": NaN,
        "Selling General And Administration": 14060000.0,
        "Selling And Marketing Expense": 5608000.0,
        "General And Administrative Expense": 8452000.0,
        "Other Gand A": -14399000.0,
        "Insurance And Claims": NaN,
        "Salaries And Wages": 17065000.0,
        "Gross Profit": 6067000.0,
        "Cost Of Revenue": 45239000.0,
        "Total Revenue": 51306000.0,
        "Operating Revenue": 51306000.0
    },
    "2024-03-31": {
        "Tax Effect Of Unusual Items": -233375.465807,
        "Tax Rate For Calcs": 0.058918,
        "Normalized EBITDA": 658000.0,
        "Total Unusual Items": -3961000.0,
        "Total Unusual Items Excluding Goodwill": -3961000.0,
        "Net Income From Continuing Operation Net Minority Interest": -9344000.0,
        "Reconciled Depreciation": 29000.0,
        "Reconciled Cost Of Revenue": 38722000.0,
        "EBITDA": -3303000.0,
        "EBIT": -3332000.0,
        "Net Interest Income": -5556000.0,
        "Interest Expense": 6597000.0,
        "Interest Income": 1591000.0,
        "Normalized Income": -5616375.465807,
        "Net Income From Continuing And Discontinued Operation": -9344000.0,
        "Total Expenses": 50820000.0,
        "Rent Expense Supplemental": 453000.0,
        "Total Operating Income As Reported": -315000.0,
        "Diluted Average Shares": 110460681.0,
        "Basic Average Shares": 110460681.0,
        "Diluted EPS": -0.08,
        "Basic EPS": -0.08,
        "Diluted NI Availto Com Stockholders": -9344000.0,
        "Net Income Common Stockholders": -9344000.0,
        "Net Income": -9344000.0,
        "Net Income Including Noncontrolling Interests": -9344000.0,
        "Net Income Continuous Operations": -9344000.0,
        "Tax Provision": -585000.0,
        "Pretax Income": -9929000.0,
        "Other Income Expense": -3961000.0,
        "Special Income Charges": NaN,
        "Gain On Sale Of Security": -3961000.0,
        "Net Non Operating Interest Income Expense": -5556000.0,
        "Total Other Finance Cost": 550000.0,
        "Interest Expense Non Operating": 6597000.0,
        "Interest Income Non Operating": 1591000.0,
        "Operating Income": -412000.0,
        "Operating Expense": 12098000.0,
        "Other Operating Expenses": 668000.0,
        "Other Taxes": 52000.0,
        "Depreciation Amortization Depletion Income Statement": 29000.0,
        "Depreciation And Amortization In Income Statement": 29000.0,
        "Depreciation Income Statement": 29000.0,
        "Research And Development": 276000.0,
        "Selling General And Administration": 11073000.0,
        "Selling And Marketing Expense": 1166000.0,
        "General And Administrative Expense": 9907000.0,
        "Other Gand A": 2862000.0,
        "Insurance And Claims": 820000.0,
        "Salaries And Wages": 6225000.0,
        "Gross Profit": 11686000.0,
        "Cost Of Revenue": 38722000.0,
        "Total Revenue": 50408000.0,
        "Operating Revenue": 50408000.0
    },
    "2024-06-30": {
        "Tax Effect Of Unusual Items": -3342690.504301,
        "Tax Rate For Calcs": 0.166751,
        "Normalized EBITDA": 9673000.0,
        "Total Unusual Items": -20046000.0,
        "Total Unusual Items Excluding Goodwill": -20046000.0,
        "Net Income From Continuing Operation Net Minority Interest": -14821000.0,
        "Reconciled Depreciation": 31000.0,
        "Reconciled Cost Of Revenue": 40712000.0,
        "EBITDA": -10373000.0,
        "EBIT": -10404000.0,
        "Net Interest Income": -5307000.0,
        "Interest Expense": 7383000.0,
        "Interest Income": 2576000.0,
        "Normalized Income": 1882309.495699,
        "Net Income From Continuing And Discontinued Operation": -14821000.0,
        "Total Expenses": 55291000.0,
        "Rent Expense Supplemental": 546000.0,
        "Total Operating Income As Reported": 7711000.0,
        "Diluted Average Shares": 110528083.0,
        "Basic Average Shares": 110528083.0,
        "Diluted EPS": -0.13,
        "Basic EPS": -0.13,
        "Diluted NI Availto Com Stockholders": -14821000.0,
        "Net Income Common Stockholders": -14821000.0,
        "Net Income": -14821000.0,
        "Net Income Including Noncontrolling Interests": -14821000.0,
        "Net Income Continuous Operations": -14821000.0,
        "Tax Provision": -2966000.0,
        "Pretax Income": -17787000.0,
        "Other Income Expense": -20046000.0,
        "Special Income Charges": NaN,
        "Gain On Sale Of Security": -20046000.0,
        "Net Non Operating Interest Income Expense": -5307000.0,
        "Total Other Finance Cost": 500000.0,
        "Interest Expense Non Operating": 7383000.0,
        "Interest Income Non Operating": 2576000.0,
        "Operating Income": 7566000.0,
        "Operating Expense": 14579000.0,
        "Other Operating Expenses": 3214000.0,
        "Other Taxes": 1446000.0,
        "Depreciation Amortization Depletion Income Statement": 31000.0,
        "Depreciation And Amortization In Income Statement": 31000.0,
        "Depreciation Income Statement": 31000.0,
        "Research And Development": 287000.0,
        "Selling General And Administration": 9601000.0,
        "Selling And Marketing Expense": 515000.0,
        "General And Administrative Expense": 9086000.0,
        "Other Gand A": 3364000.0,
        "Insurance And Claims": 772000.0,
        "Salaries And Wages": 4950000.0,
        "Gross Profit": 22145000.0,
        "Cost Of Revenue": 40712000.0,
        "Total Revenue": 62857000.0,
        "Operating Revenue": 62857000.0
    }
}