{
    "2023-03-31": {
        "Tax Effect Of Unusual Items": 0.0,
        "Tax Rate For Calcs": 0.0,
        "Normalized EBITDA": -6452000.0,
        "Total Unusual Items": NaN,
        "Total Unusual Items Excluding Goodwill": NaN,
        "Net Income From Continuing Operation Net Minority Interest": -7378000.0,
        "Reconciled Depreciation": 315000.0,
        "EBIT": -6767000.0,
        "Net Interest Income": -135000.0,
        "Interest Expense": 611000.0,
        "Interest Income": 476000.0,
        "Normalized Income": -7378000.0,
        "Net Income From Continuing And Discontinued Operation": -7378000.0,
        "Total Expenses": 12105000.0,
        "Total Operating Income As Reported": -7247000.0,
        "Diluted Average Shares": 2497490.0,
        "Basic Average Shares": 2497490.0,
        "Diluted EPS": -2.99,
        "Basic EPS": -2.99,
        "Diluted NI Availto Com Stockholders": -7378000.0,
        "Net Income Common Stockholders": -7378000.0,
        "Net Income": -7378000.0,
        "Net Income Including Noncontrolling Interests": -7378000.0,
        "Net Income Continuous Operations": -7378000.0,
        "Pretax Income": -7378000.0,
        "Other Income Expense": 4000.0,
        "Other Non Operating Income Expenses": 4000.0,
        "Special Income Charges": NaN,
        "Other Special Charges": NaN,
        "Net Non Operating Interest Income Expense": -135000.0,
        "Interest Expense Non Operating": 611000.0,
        "Interest Income Non Operating": 476000.0,
        "Operating Income": -7247000.0,
        "Operating Expense": 12105000.0,
        "Research And Development": 7782000.0,
        "Selling General And Administration": 4323000.0,
        "General And Administrative Expense": 4323000.0,
        "Other Gand A": 4323000.0,
        "Total Revenue": 4858000.0,
        "Operating Revenue": 4858000.0
    },
    "2022-12-31": {
        "Tax Effect Of Unusual Items": 0.0,
        "Tax Rate For Calcs": 0.0,
        "Normalized EBITDA": -6035000.0,
        "Total Unusual Items": NaN,
        "Total Unusual Items Excluding Goodwill": NaN,
        "Net Income From Continuing Operation Net Minority Interest": -6685000.0,
        "Reconciled Depreciation": 315000.0,
        "EBIT": -6035000.0,
        "Net Interest Income": -246000.0,
        "Interest Expense": 650000.0,
        "Interest Income": 404000.0,
        "Normalized Income": -6685000.0,
        "Net Income From Continuing And Discontinued Operation": -6685000.0,
        "Total Expenses": 10374000.0,
        "Total Operating Income As Reported": -7730000.0,
        "Diluted Average Shares": 32462199.0,
        "Basic Average Shares": 32462199.0,
        "Diluted EPS": -0.21,
        "Basic EPS": -0.21,
        "Diluted NI Availto Com Stockholders": -6685000.0,
        "Net Income Common Stockholders": -6685000.0,
        "Net Income": -6685000.0,
        "Net Income Including Noncontrolling Interests": -6685000.0,
        "Net Income Continuous Operations": -6685000.0,
        "Pretax Income": -6685000.0,
        "Other Income Expense": 1291000.0,
        "Other Non Operating Income Expenses": 1291000.0,
        "Special Income Charges": NaN,
        "Other Special Charges": NaN,
        "Net Non Operating Interest Income Expense": -246000.0,
        "Interest Expense Non Operating": 650000.0,
        "Interest Income Non Operating": 404000.0,
        "Operating Income": -7730000.0,
        "Operating Expense": 10374000.0,
        "Research And Development": 5856000.0,
        "Selling General And Administration": 4518000.0,
        "General And Administrative Expense": 4518000.0,
        "Other Gand A": 4518000.0,
        "Total Revenue": 2644000.0,
        "Operating Revenue": 2644000.0
    },
    "2022-09-30": {
        "Tax Effect Of Unusual Items": 0.0,
        "Tax Rate For Calcs": 0.0,
        "Normalized EBITDA": -7749000.0,
        "Total Unusual Items": NaN,
        "Total Unusual Items Excluding Goodwill": NaN,
        "Net Income From Continuing Operation Net Minority Interest": -8671000.0,
        "Reconciled Depreciation": 316000.0,
        "EBIT": -8065000.0,
        "Net Interest Income": -306000.0,
        "Interest Expense": 606000.0,
        "Interest Income": 300000.0,
        "Normalized Income": -8671000.0,
        "Net Income From Continuing And Discontinued Operation": -8671000.0,
        "Total Expenses": 12675000.0,
        "Total Operating Income As Reported": -8423000.0,
        "Diluted Average Shares": 2492296.0,
        "Basic Average Shares": 2492296.0,
        "Diluted EPS": -3.51,
        "Basic EPS": -3.51,
        "Diluted NI Availto Com Stockholders": -8671000.0,
        "Net Income Common Stockholders": -8671000.0,
        "Net Income": -8671000.0,
        "Net Income Including Noncontrolling Interests": -8671000.0,
        "Net Income Continuous Operations": -8671000.0,
        "Pretax Income": -8671000.0,
        "Other Income Expense": 58000.0,
        "Other Non Operating Income Expenses": 58000.0,
        "Special Income Charges": NaN,
        "Other Special Charges": NaN,
        "Net Non Operating Interest Income Expense": -306000.0,
        "Interest Expense Non Operating": 606000.0,
        "Interest Income Non Operating": 300000.0,
        "Operating Income": -8423000.0,
        "Operating Expense": 12675000.0,
        "Research And Development": 8280000.0,
        "Selling General And Administration": 4395000.0,
        "General And Administrative Expense": 4395000.0,
        "Other Gand A": 4395000.0,
        "Total Revenue": 4252000.0,
        "Operating Revenue": 4252000.0
    },
    "2022-06-30": {
        "Tax Effect Of Unusual Items": 0.0,
        "Tax Rate For Calcs": 0.0,
        "Normalized EBITDA": -13486000.0,
        "Total Unusual Items": NaN,
        "Total Unusual Items Excluding Goodwill": NaN,
        "Net Income From Continuing Operation Net Minority Interest": -14346000.0,
        "Reconciled Depreciation": 317000.0,
        "EBIT": -13803000.0,
        "Net Interest Income": -365000.0,
        "Interest Expense": 543000.0,
        "Interest Income": 178000.0,
        "Normalized Income": -14346000.0,
        "Net Income From Continuing And Discontinued Operation": -14346000.0,
        "Total Expenses": 16919000.0,
        "Total Operating Income As Reported": -14036000.0,
        "Diluted Average Shares": 2492251.0,
        "Basic Average Shares": 2492251.0,
        "Diluted EPS": -5.76,
        "Basic EPS": -5.76,
        "Diluted NI Availto Com Stockholders": -14346000.0,
        "Net Income Common Stockholders": -14346000.0,
        "Net Income": -14346000.0,
        "Net Income Including Noncontrolling Interests": -14346000.0,
        "Net Income Continuous Operations": -14346000.0,
        "Pretax Income": -14346000.0,
        "Other Income Expense": 55000.0,
        "Other Non Operating Income Expenses": 55000.0,
        "Special Income Charges": NaN,
        "Other Special Charges": NaN,
        "Net Non Operating Interest Income Expense": -365000.0,
        "Interest Expense Non Operating": 543000.0,
        "Interest Income Non Operating": 178000.0,
        "Operating Income": -14036000.0,
        "Operating Expense": 16919000.0,
        "Research And Development": 11877000.0,
        "Selling General And Administration": 5042000.0,
        "General And Administrative Expense": 5042000.0,
        "Other Gand A": 5042000.0,
        "Total Revenue": 2883000.0,
        "Operating Revenue": 2883000.0
    },
    "2022-03-31": {
        "Diluted EPS": -5.59,
        "Total Revenue": 3,
        "Gross Profit": 3,
        "Operating Income": -13,
        "EBIT": -13,
        "Net Income": -14
    },
    "2021-12-31": {
        "Diluted EPS": -7.15,
        "Total Revenue": 2,
        "Gross Profit": 2,
        "Operating Income": -17,
        "EBIT": -17,
        "Net Income": -18
    },
    "2021-09-30": {
        "Diluted EPS": -8.19,
        "Total Revenue": 2,
        "Gross Profit": 2,
        "Operating Income": -20,
        "EBIT": -19,
        "Net Income": -20
    },
    "2021-06-30": {
        "Diluted EPS": -8.45,
        "Total Revenue": 3,
        "Gross Profit": 3,
        "Operating Income": -20,
        "EBIT": -20,
        "Net Income": -20
    },
    "2021-03-31": {
        "Diluted EPS": -7.8,
        "Total Revenue": 3,
        "Gross Profit": 3,
        "Operating Income": -19,
        "EBIT": -18,
        "Net Income": -19
    },
    "2020-12-31": {
        "Diluted EPS": -14.96,
        "Total Revenue": 4,
        "Gross Profit": 4,
        "Operating Income": -14,
        "EBIT": -14,
        "Net Income": -15
    },
    "2020-09-30": {
        "Diluted EPS": -32.12,
        "Total Revenue": 4,
        "Gross Profit": 4,
        "Operating Income": -13,
        "EBIT": -12,
        "Net Income": -13
    },
    "2020-06-30": {
        "Diluted EPS": -33.03,
        "Total Revenue": 2,
        "Gross Profit": 2,
        "Operating Income": -13,
        "EBIT": -13,
        "Net Income": -13
    },
    "2020-03-31": {
        "Diluted EPS": -33.16,
        "Total Revenue": 3,
        "Gross Profit": 3,
        "Operating Income": -13,
        "EBIT": -12,
        "Net Income": -13
    },
    "2019-12-31": {
        "Diluted EPS": 0.0,
        "Total Revenue": NaN,
        "Gross Profit": NaN,
        "Operating Income": NaN,
        "EBIT": NaN,
        "Net Income": NaN
    },
    "2023-06-30": {
        "Tax Effect Of Unusual Items": 0.0,
        "Tax Rate For Calcs": 0.0,
        "Normalized EBITDA": -6611000.0,
        "Total Unusual Items": -275000.0,
        "Total Unusual Items Excluding Goodwill": -275000.0,
        "Net Income From Continuing Operation Net Minority Interest": -7506000.0,
        "Reconciled Depreciation": 310000.0,
        "EBIT": -7196000.0,
        "Net Interest Income": 123000.0,
        "Interest Expense": 310000.0,
        "Interest Income": 433000.0,
        "Normalized Income": -7231000.0,
        "Net Income From Continuing And Discontinued Operation": -7506000.0,
        "Total Expenses": 13335000.0,
        "Total Operating Income As Reported": -7435000.0,
        "Diluted Average Shares": 2501900.0,
        "Basic Average Shares": 2501900.0,
        "Diluted EPS": -3.0,
        "Basic EPS": -3.0,
        "Diluted NI Availto Com Stockholders": -7506000.0,
        "Net Income Common Stockholders": -7506000.0,
        "Net Income": -7506000.0,
        "Net Income Including Noncontrolling Interests": -7506000.0,
        "Net Income Continuous Operations": -7506000.0,
        "Pretax Income": -7506000.0,
        "Other Income Expense": -194000.0,
        "Other Non Operating Income Expenses": 81000.0,
        "Special Income Charges": -275000.0,
        "Other Special Charges": 275000.0,
        "Net Non Operating Interest Income Expense": 123000.0,
        "Interest Expense Non Operating": 310000.0,
        "Interest Income Non Operating": 433000.0,
        "Operating Income": -7435000.0,
        "Operating Expense": 13335000.0,
        "Research And Development": 7451000.0,
        "Selling General And Administration": 5884000.0,
        "General And Administrative Expense": 5884000.0,
        "Other Gand A": 5884000.0,
        "Total Revenue": 5900000.0,
        "Operating Revenue": 5900000.0
    }
}