{
    "2023-03-31": {
        "Tax Effect Of Unusual Items": 0.0,
        "Tax Rate For Calcs": 0.2383,
        "Net Income From Continuing Operation Net Minority Interest": 1387958000000.0,
        "Reconciled Depreciation": 280754000000.0,
        "Net Interest Income": 2573842000000.0,
        "Interest Expense": 3919097000000.0,
        "Interest Income": 6492939000000.0,
        "Normalized Income": 1387958000000.0,
        "Net Income From Continuing And Discontinued Operation": 1387958000000.0,
        "Diluted Average Shares": 525140164.0,
        "Basic Average Shares": 525140164.0,
        "Diluted EPS": 2552.0,
        "Basic EPS": 2552.0,
        "Diluted NI Availto Com Stockholders": 1340034000000.0,
        "Net Income Common Stockholders": 1340034000000.0,
        "Otherunder Preferred Stock Dividend": 47924000000.0,
        "Net Income": 1387958000000.0,
        "Minority Interests": -26385000000.0,
        "Net Income Including Noncontrolling Interests": 1414343000000.0,
        "Net Income Continuous Operations": 1414343000000.0,
        "Tax Provision": 442420000000.0,
        "Pretax Income": 1856763000000.0,
        "Other Non Operating Income Expenses": 55608000000.0,
        "Gain On Sale Of Security": 616586000000.0,
        "Depreciation Amortization Depletion Income Statement": 174147000000.0,
        "Depreciation And Amortization In Income Statement": 174147000000.0,
        "Amortization": 50484000000.0,
        "Amortization Of Intangibles Income Statement": 50484000000.0,
        "Depreciation Income Statement": 123663000000.0,
        "Selling General And Administration": 1413223000000.0,
        "Selling And Marketing Expense": 42378000000.0,
        "General And Administrative Expense": 1370845000000.0,
        "Other Gand A": 206308000000.0,
        "Insurance And Claims": 289623000000.0,
        "Salaries And Wages": 874914000000.0,
        "Total Revenue": 4313463000000.0,
        "Operating Revenue": 4313463000000.0
    },
    "2022-12-31": {
        "Tax Effect Of Unusual Items": NaN,
        "Tax Rate For Calcs": NaN,
        "Net Income From Continuing Operation Net Minority Interest": NaN,
        "Reconciled Depreciation": NaN,
        "Net Interest Income": NaN,
        "Interest Expense": NaN,
        "Interest Income": NaN,
        "Normalized Income": NaN,
        "Net Income From Continuing And Discontinued Operation": NaN,
        "Diluted Average Shares": 508778517.0,
        "Basic Average Shares": 508778517.0,
        "Diluted EPS": 642.558577,
        "Basic EPS": 642.558577,
        "Diluted NI Availto Com Stockholders": NaN,
        "Net Income Common Stockholders": NaN,
        "Otherunder Preferred Stock Dividend": NaN,
        "Net Income": NaN,
        "Minority Interests": NaN,
        "Net Income Including Noncontrolling Interests": NaN,
        "Net Income Continuous Operations": NaN,
        "Tax Provision": NaN,
        "Pretax Income": NaN,
        "Other Non Operating Income Expenses": NaN,
        "Gain On Sale Of Security": NaN,
        "Depreciation Amortization Depletion Income Statement": NaN,
        "Depreciation And Amortization In Income Statement": NaN,
        "Amortization": NaN,
        "Amortization Of Intangibles Income Statement": NaN,
        "Depreciation Income Statement": NaN,
        "Selling General And Administration": NaN,
        "Selling And Marketing Expense": NaN,
        "General And Administrative Expense": NaN,
        "Other Gand A": NaN,
        "Insurance And Claims": NaN,
        "Salaries And Wages": NaN,
        "Total Revenue": NaN,
        "Operating Revenue": NaN
    },
    "2022-09-30": {
        "Tax Effect Of Unusual Items": 0.0,
        "Tax Rate For Calcs": 0.253,
        "Net Income From Continuing Operation Net Minority Interest": 1594559000000.0,
        "Reconciled Depreciation": 264667000000.0,
        "Net Interest Income": 3200829000000.0,
        "Interest Expense": 2005756000000.0,
        "Interest Income": 5206585000000.0,
        "Normalized Income": 1594559000000.0,
        "Net Income From Continuing And Discontinued Operation": 1594559000000.0,
        "Diluted Average Shares": 512927779.0,
        "Basic Average Shares": 512927779.0,
        "Diluted EPS": 3166.942924,
        "Basic EPS": 3166.942924,
        "Diluted NI Availto Com Stockholders": 1549744000000.0,
        "Net Income Common Stockholders": 1549744000000.0,
        "Otherunder Preferred Stock Dividend": 44815000000.0,
        "Net Income": 1594559000000.0,
        "Minority Interests": -23250000000.0,
        "Net Income Including Noncontrolling Interests": 1617809000000.0,
        "Net Income Continuous Operations": 1617809000000.0,
        "Tax Provision": 547938000000.0,
        "Pretax Income": 2165747000000.0,
        "Other Non Operating Income Expenses": 436483000000.0,
        "Gain On Sale Of Security": 51611000000.0,
        "Depreciation Amortization Depletion Income Statement": 173808000000.0,
        "Depreciation And Amortization In Income Statement": 173808000000.0,
        "Amortization": 48234000000.0,
        "Amortization Of Intangibles Income Statement": 48234000000.0,
        "Depreciation Income Statement": 125574000000.0,
        "Selling General And Administration": 2977130000000.0,
        "Selling And Marketing Expense": 80446000000.0,
        "General And Administrative Expense": 2896684000000.0,
        "Other Gand A": 233075000000.0,
        "Insurance And Claims": 1800827000000.0,
        "Salaries And Wages": 862782000000.0,
        "Total Revenue": 5470583000000.0,
        "Operating Revenue": 5470583000000.0
    },
    "2022-06-30": {
        "Tax Effect Of Unusual Items": 0.0,
        "Tax Rate For Calcs": 0.260756,
        "Net Income From Continuing Operation Net Minority Interest": 1320429000000.0,
        "Reconciled Depreciation": 257900000000.0,
        "Net Interest Income": 3107094000000.0,
        "Interest Expense": 1468483000000.0,
        "Interest Income": 4575577000000.0,
        "Normalized Income": 1320429000000.0,
        "Net Income From Continuing And Discontinued Operation": 1320429000000.0,
        "Diluted Average Shares": 530657929.0,
        "Basic Average Shares": 530657929.0,
        "Diluted EPS": 2380.0,
        "Basic EPS": 2380.0,
        "Diluted NI Availto Com Stockholders": 1285577000000.0,
        "Net Income Common Stockholders": 1285577000000.0,
        "Otherunder Preferred Stock Dividend": 34852000000.0,
        "Net Income": 1320429000000.0,
        "Minority Interests": -19481000000.0,
        "Net Income Including Noncontrolling Interests": 1339910000000.0,
        "Net Income Continuous Operations": 1339910000000.0,
        "Tax Provision": 472632000000.0,
        "Pretax Income": 1812542000000.0,
        "Other Non Operating Income Expenses": 47679000000.0,
        "Gain On Sale Of Security": 264839000000.0,
        "Depreciation Amortization Depletion Income Statement": 172434000000.0,
        "Depreciation And Amortization In Income Statement": 172434000000.0,
        "Amortization": 43764000000.0,
        "Amortization Of Intangibles Income Statement": 43764000000.0,
        "Depreciation Income Statement": 128670000000.0,
        "Selling General And Administration": 2920968000000.0,
        "Selling And Marketing Expense": 76387000000.0,
        "General And Administrative Expense": 2844581000000.0,
        "Other Gand A": 220324000000.0,
        "Insurance And Claims": 1775230000000.0,
        "Salaries And Wages": 849027000000.0,
        "Total Revenue": 5566088000000.0,
        "Operating Revenue": 5566088000000.0
    },
    "2022-03-31": {
        "Diluted EPS": 2.04,
        "Total Revenue": NaN,
        "Gross Profit": NaN,
        "Operating Income": NaN,
        "EBIT": NaN,
        "Net Income": NaN
    },
    "2021-12-31": {
        "Diluted EPS": 0.93,
        "Total Revenue": NaN,
        "Gross Profit": 231,
        "Operating Income": 753,
        "EBIT": NaN,
        "Net Income": 468
    },
    "2021-09-30": {
        "Diluted EPS": 1.62,
        "Total Revenue": NaN,
        "Gross Profit": NaN,
        "Operating Income": NaN,
        "EBIT": NaN,
        "Net Income": 863
    },
    "2021-06-30": {
        "Diluted EPS": 2.08,
        "Total Revenue": NaN,
        "Gross Profit": NaN,
        "Operating Income": NaN,
        "EBIT": NaN,
        "Net Income": NaN
    },
    "2021-03-31": {
        "Diluted EPS": 1.96,
        "Total Revenue": NaN,
        "Gross Profit": NaN,
        "Operating Income": NaN,
        "EBIT": NaN,
        "Net Income": NaN
    },
    "2020-12-31": {
        "Diluted EPS": 0.62,
        "Total Revenue": NaN,
        "Gross Profit": NaN,
        "Operating Income": 548,
        "EBIT": NaN,
        "Net Income": 395
    },
    "2020-09-30": {
        "Diluted EPS": 1.82,
        "Total Revenue": NaN,
        "Gross Profit": NaN,
        "Operating Income": NaN,
        "EBIT": NaN,
        "Net Income": 892
    },
    "2020-06-30": {
        "Diluted EPS": 1.41,
        "Total Revenue": NaN,
        "Gross Profit": NaN,
        "Operating Income": 985,
        "EBIT": NaN,
        "Net Income": 698
    },
    "2020-03-31": {
        "Diluted EPS": 1.48,
        "Total Revenue": NaN,
        "Gross Profit": NaN,
        "Operating Income": NaN,
        "EBIT": NaN,
        "Net Income": 746
    },
    "2019-12-31": {
        "Diluted EPS": 0.45,
        "Total Revenue": NaN,
        "Gross Profit": NaN,
        "Operating Income": 333,
        "EBIT": NaN,
        "Net Income": 198
    },
    "2019-09-30": {
        "Diluted EPS": 1.6,
        "Total Revenue": NaN,
        "Gross Profit": NaN,
        "Operating Income": NaN,
        "EBIT": NaN,
        "Net Income": 785
    },
    "2019-06-30": {
        "Diluted EPS": 1.83,
        "Total Revenue": NaN,
        "Gross Profit": NaN,
        "Operating Income": NaN,
        "EBIT": NaN,
        "Net Income": 880
    },
    "2019-03-31": {
        "Diluted EPS": 1.72,
        "Total Revenue": NaN,
        "Gross Profit": NaN,
        "Operating Income": NaN,
        "EBIT": NaN,
        "Net Income": 810
    },
    "2018-12-31": {
        "Diluted EPS": -0.61,
        "Total Revenue": NaN,
        "Gross Profit": NaN,
        "Operating Income": NaN,
        "EBIT": NaN,
        "Net Income": 477
    },
    "2018-09-30": {
        "Diluted EPS": 1.59,
        "Total Revenue": NaN,
        "Gross Profit": NaN,
        "Operating Income": NaN,
        "EBIT": NaN,
        "Net Income": 752
    },
    "2018-06-30": {
        "Diluted EPS": 1.77,
        "Total Revenue": NaN,
        "Gross Profit": NaN,
        "Operating Income": NaN,
        "EBIT": NaN,
        "Net Income": 839
    },
    "2018-03-31": {
        "Diluted EPS": 3.24,
        "Total Revenue": NaN,
        "Gross Profit": NaN,
        "Operating Income": NaN,
        "EBIT": NaN,
        "Net Income": 768
    },
    "2017-12-31": {
        "Diluted EPS": 0.3,
        "Total Revenue": NaN,
        "Gross Profit": NaN,
        "Operating Income": 626,
        "EBIT": NaN,
        "Net Income": 136
    },
    "2017-09-30": {
        "Diluted EPS": 1.55,
        "Total Revenue": NaN,
        "Gross Profit": NaN,
        "Operating Income": NaN,
        "EBIT": NaN,
        "Net Income": 733
    },
    "2017-06-30": {
        "Diluted EPS": 1.68,
        "Total Revenue": NaN,
        "Gross Profit": NaN,
        "Operating Income": NaN,
        "EBIT": NaN,
        "Net Income": 799
    },
    "2017-03-31": {
        "Diluted EPS": 1.88,
        "Total Revenue": NaN,
        "Gross Profit": NaN,
        "Operating Income": NaN,
        "EBIT": NaN,
        "Net Income": 897
    },
    "2016-12-31": {
        "Diluted EPS": -2.98,
        "Total Revenue": NaN,
        "Gross Profit": NaN,
        "Operating Income": 446,
        "EBIT": NaN,
        "Net Income": -116
    },
    "2016-09-30": {
        "Diluted EPS": 1.33,
        "Total Revenue": NaN,
        "Gross Profit": NaN,
        "Operating Income": NaN,
        "EBIT": NaN,
        "Net Income": 628
    },
    "2016-06-30": {
        "Diluted EPS": 1.22,
        "Total Revenue": NaN,
        "Gross Profit": NaN,
        "Operating Income": NaN,
        "EBIT": NaN,
        "Net Income": 588
    },
    "2016-03-31": {
        "Diluted EPS": 5.59,
        "Total Revenue": NaN,
        "Gross Profit": NaN,
        "Operating Income": NaN,
        "EBIT": NaN,
        "Net Income": NaN
    },
    "2015-12-31": {
        "Diluted EPS": 0.77,
        "Total Revenue": NaN,
        "Gross Profit": NaN,
        "Operating Income": NaN,
        "EBIT": NaN,
        "Net Income": 364
    },
    "2015-09-30": {
        "Diluted EPS": 1.24,
        "Total Revenue": NaN,
        "Gross Profit": NaN,
        "Operating Income": NaN,
        "EBIT": NaN,
        "Net Income": 611
    },
    "2015-06-30": {
        "Diluted EPS": 1.27,
        "Total Revenue": NaN,
        "Gross Profit": NaN,
        "Operating Income": 789,
        "EBIT": NaN,
        "Net Income": 623
    },
    "2015-03-31": {
        "Diluted EPS": 1.08,
        "Total Revenue": NaN,
        "Gross Profit": NaN,
        "Operating Income": 583,
        "EBIT": NaN,
        "Net Income": 533
    },
    "2014-12-31": {
        "Diluted EPS": 0.55,
        "Total Revenue": NaN,
        "Gross Profit": NaN,
        "Operating Income": -463,
        "EBIT": NaN,
        "Net Income": 282
    },
    "2014-09-30": {
        "Diluted EPS": 1.17,
        "Total Revenue": NaN,
        "Gross Profit": NaN,
        "Operating Income": 406,
        "EBIT": NaN,
        "Net Income": 575
    },
    "2014-06-30": {
        "Diluted EPS": 1.14,
        "Total Revenue": NaN,
        "Gross Profit": NaN,
        "Operating Income": 657,
        "EBIT": NaN,
        "Net Income": 560
    },
    "2014-03-31": {
        "Diluted EPS": 1.02,
        "Total Revenue": NaN,
        "Gross Profit": NaN,
        "Operating Income": NaN,
        "EBIT": NaN,
        "Net Income": 503
    },
    "2013-12-31": {
        "Diluted EPS": 0.62,
        "Total Revenue": NaN,
        "Gross Profit": NaN,
        "Operating Income": 338,
        "EBIT": NaN,
        "Net Income": 316
    },
    "2013-09-30": {
        "Diluted EPS": 0.95,
        "Total Revenue": NaN,
        "Gross Profit": NaN,
        "Operating Income": 684,
        "EBIT": NaN,
        "Net Income": 471
    },
    "2013-06-30": {
        "Diluted EPS": 1.01,
        "Total Revenue": NaN,
        "Gross Profit": NaN,
        "Operating Income": 702,
        "EBIT": NaN,
        "Net Income": 500
    },
    "2013-03-31": {
        "Diluted EPS": 0.9,
        "Total Revenue": NaN,
        "Gross Profit": NaN,
        "Operating Income": 634,
        "EBIT": NaN,
        "Net Income": 448
    },
    "2012-12-31": {
        "Diluted EPS": 0.0,
        "Total Revenue": NaN,
        "Gross Profit": NaN,
        "Operating Income": 518,
        "EBIT": NaN,
        "Net Income": 392
    },
    "2012-09-30": {
        "Diluted EPS": 0.87,
        "Total Revenue": NaN,
        "Gross Profit": NaN,
        "Operating Income": NaN,
        "EBIT": NaN,
        "Net Income": 469
    },
    "2012-06-30": {
        "Diluted EPS": 1.12,
        "Total Revenue": NaN,
        "Gross Profit": NaN,
        "Operating Income": NaN,
        "EBIT": NaN,
        "Net Income": 549
    },
    "2012-03-31": {
        "Diluted EPS": 1.14,
        "Total Revenue": NaN,
        "Gross Profit": NaN,
        "Operating Income": NaN,
        "EBIT": NaN,
        "Net Income": 568
    },
    "2011-12-31": {
        "Diluted EPS": 0.79,
        "Total Revenue": NaN,
        "Gross Profit": NaN,
        "Operating Income": NaN,
        "EBIT": NaN,
        "Net Income": 383
    },
    "2011-09-30": {
        "Diluted EPS": 1.22,
        "Total Revenue": NaN,
        "Gross Profit": NaN,
        "Operating Income": NaN,
        "EBIT": NaN,
        "Net Income": 655
    },
    "2011-06-30": {
        "Diluted EPS": 1.7,
        "Total Revenue": NaN,
        "Gross Profit": NaN,
        "Operating Income": NaN,
        "EBIT": NaN,
        "Net Income": 925
    },
    "2011-03-31": {
        "Diluted EPS": 1.59,
        "Total Revenue": NaN,
        "Gross Profit": NaN,
        "Operating Income": NaN,
        "EBIT": NaN,
        "Net Income": 823
    },
    "2010-12-31": {
        "Diluted EPS": 4.74,
        "Total Revenue": NaN,
        "Gross Profit": NaN,
        "Operating Income": NaN,
        "EBIT": NaN,
        "Net Income": NaN
    },
    "2010-09-30": {
        "Diluted EPS": -0.19,
        "Total Revenue": 48,
        "Gross Profit": 48,
        "Operating Income": 48,
        "EBIT": NaN,
        "Net Income": -43
    },
    "2010-06-30": {
        "Diluted EPS": -0.07,
        "Total Revenue": 122,
        "Gross Profit": 122,
        "Operating Income": 122,
        "EBIT": NaN,
        "Net Income": 11
    },
    "2010-03-31": {
        "Diluted EPS": 1.18,
        "Total Revenue": 714,
        "Gross Profit": 714,
        "Operating Income": 714,
        "EBIT": NaN,
        "Net Income": 624
    },
    "2009-12-31": {
        "Diluted EPS": 0.0,
        "Total Revenue": NaN,
        "Gross Profit": NaN,
        "Operating Income": NaN,
        "EBIT": NaN,
        "Net Income": NaN
    },
    "2023-06-30": {
        "Tax Effect Of Unusual Items": 0.0,
        "Tax Rate For Calcs": 0.265929,
        "Net Income From Continuing Operation Net Minority Interest": 1238265000000.0,
        "Reconciled Depreciation": 294115000000.0,
        "Net Interest Income": 2694183000000.0,
        "Interest Expense": 4120541000000.0,
        "Interest Income": 6814724000000.0,
        "Normalized Income": 1238265000000.0,
        "Net Income From Continuing And Discontinued Operation": 1238265000000.0,
        "Diluted Average Shares": 520676621.0,
        "Basic Average Shares": 520676621.0,
        "Diluted EPS": 2295.0,
        "Basic EPS": 2295.0,
        "Diluted NI Availto Com Stockholders": 1194235000000.0,
        "Net Income Common Stockholders": 1194235000000.0,
        "Otherunder Preferred Stock Dividend": 44030000000.0,
        "Net Income": 1238265000000.0,
        "Minority Interests": -30515000000.0,
        "Net Income Including Noncontrolling Interests": 1268780000000.0,
        "Net Income Continuous Operations": 1268780000000.0,
        "Tax Provision": 459636000000.0,
        "Pretax Income": 1728416000000.0,
        "Other Non Operating Income Expenses": -29996000000.0,
        "Gain On Sale Of Security": 504769000000.0,
        "Depreciation Amortization Depletion Income Statement": 183882000000.0,
        "Depreciation And Amortization In Income Statement": 183882000000.0,
        "Amortization": 58591000000.0,
        "Amortization Of Intangibles Income Statement": 58591000000.0,
        "Depreciation Income Statement": 125291000000.0,
        "Selling General And Administration": 1728878000000.0,
        "Selling And Marketing Expense": 72091000000.0,
        "General And Administrative Expense": 1656787000000.0,
        "Other Gand A": 240576000000.0,
        "Insurance And Claims": 551908000000.0,
        "Salaries And Wages": 864303000000.0,
        "Total Revenue": 4684803000000.0,
        "Operating Revenue": 4684803000000.0
    },
    "2023-09-30": {
        "Tax Effect Of Unusual Items": 0.0,
        "Tax Rate For Calcs": 0.233628,
        "Net Income From Continuing Operation Net Minority Interest": 1192065000000.0,
        "Reconciled Depreciation": 299297000000.0,
        "Net Interest Income": 2763307000000.0,
        "Interest Expense": 4265192000000.0,
        "Interest Income": 7028499000000.0,
        "Normalized Income": 1192065000000.0,
        "Net Income From Continuing And Discontinued Operation": 1192065000000.0,
        "Diluted Average Shares": 516761098.0,
        "Basic Average Shares": 516761098.0,
        "Diluted EPS": 2210.0,
        "Basic EPS": 2210.0,
        "Diluted NI Availto Com Stockholders": 1141126000000.0,
        "Net Income Common Stockholders": 1141126000000.0,
        "Otherunder Preferred Stock Dividend": 50939000000.0,
        "Net Income": 1192065000000.0,
        "Minority Interests": -26760000000.0,
        "Net Income Including Noncontrolling Interests": 1218825000000.0,
        "Net Income Continuous Operations": 1218825000000.0,
        "Tax Provision": 371557000000.0,
        "Pretax Income": 1590382000000.0,
        "Other Non Operating Income Expenses": -141916000000.0,
        "Gain On Sale Of Security": 85710000000.0,
        "Depreciation Amortization Depletion Income Statement": 187318000000.0,
        "Depreciation And Amortization In Income Statement": 187318000000.0,
        "Amortization": 57567000000.0,
        "Amortization Of Intangibles Income Statement": 57567000000.0,
        "Depreciation Income Statement": 129751000000.0,
        "Selling General And Administration": 1720356000000.0,
        "Selling And Marketing Expense": 69826000000.0,
        "General And Administrative Expense": 1650530000000.0,
        "Other Gand A": 275829000000.0,
        "Insurance And Claims": 470343000000.0,
        "Salaries And Wages": 904358000000.0,
        "Total Revenue": 4532459000000.0,
        "Operating Revenue": 4532459000000.0
    },
    "2023-12-31": {
        "Tax Effect Of Unusual Items": 0.0,
        "Tax Rate For Calcs": 0.270265,
        "Net Income From Continuing Operation Net Minority Interest": 549747000000.0,
        "Reconciled Depreciation": 310840000000.0,
        "Net Interest Income": 2786590000000.0,
        "Interest Expense": 4456459000000.0,
        "Interest Income": 7243049000000.0,
        "Normalized Income": 549747000000.0,
        "Net Income From Continuing And Discontinued Operation": 549747000000.0,
        "Diluted Average Shares": NaN,
        "Basic Average Shares": NaN,
        "Diluted EPS": NaN,
        "Basic EPS": NaN,
        "Diluted NI Availto Com Stockholders": 502968000000.0,
        "Net Income Common Stockholders": 502968000000.0,
        "Otherunder Preferred Stock Dividend": 46779000000.0,
        "Net Income": 549747000000.0,
        "Minority Interests": -26305000000.0,
        "Net Income Including Noncontrolling Interests": 576052000000.0,
        "Net Income Continuous Operations": 576052000000.0,
        "Tax Provision": 213347000000.0,
        "Pretax Income": 789399000000.0,
        "Other Non Operating Income Expenses": -69439000000.0,
        "Gain On Sale Of Security": 584379000000.0,
        "Depreciation Amortization Depletion Income Statement": 654717000000.0,
        "Depreciation And Amortization In Income Statement": 654717000000.0,
        "Amortization": 59258000000.0,
        "Amortization Of Intangibles Income Statement": 59258000000.0,
        "Depreciation Income Statement": 595459000000.0,
        "Selling General And Administration": 2053874000000.0,
        "Selling And Marketing Expense": 101200000000.0,
        "General And Administrative Expense": 1952674000000.0,
        "Other Gand A": 290443000000.0,
        "Insurance And Claims": 716337000000.0,
        "Salaries And Wages": 945894000000.0,
        "Total Revenue": 5522100000000.0,
        "Operating Revenue": 5522100000000.0
    },
    "2024-03-31": {
        "Tax Effect Of Unusual Items": 0.0,
        "Tax Rate For Calcs": 0.2472,
        "Net Income From Continuing Operation Net Minority Interest": 1321532000000.0,
        "Reconciled Depreciation": 306240000000.0,
        "Net Interest Income": 2815870000000.0,
        "Interest Expense": 4374622000000.0,
        "Interest Income": 7190492000000.0,
        "Normalized Income": 1321532000000.0,
        "Net Income From Continuing And Discontinued Operation": 1321532000000.0,
        "Diluted Average Shares": 511578654.0,
        "Basic Average Shares": 511578654.0,
        "Diluted EPS": 2513.0,
        "Basic EPS": 2513.0,
        "Diluted NI Availto Com Stockholders": 1285796000000.0,
        "Net Income Common Stockholders": 1285796000000.0,
        "Otherunder Preferred Stock Dividend": 35736000000.0,
        "Net Income": 1321532000000.0,
        "Minority Interests": -26297000000.0,
        "Net Income Including Noncontrolling Interests": 1347829000000.0,
        "Net Income Continuous Operations": 1347829000000.0,
        "Tax Provision": 442676000000.0,
        "Pretax Income": 1790505000000.0,
        "Other Non Operating Income Expenses": -270132000000.0,
        "Gain On Sale Of Security": 367056000000.0,
        "Depreciation Amortization Depletion Income Statement": 190223000000.0,
        "Depreciation And Amortization In Income Statement": 190223000000.0,
        "Amortization": 60604000000.0,
        "Amortization Of Intangibles Income Statement": 60604000000.0,
        "Depreciation Income Statement": 129619000000.0,
        "Selling General And Administration": 1254772000000.0,
        "Selling And Marketing Expense": 44171000000.0,
        "General And Administrative Expense": 1210601000000.0,
        "Other Gand A": 219762000000.0,
        "Insurance And Claims": 137864000000.0,
        "Salaries And Wages": 852975000000.0,
        "Total Revenue": 4398973000000.0,
        "Operating Revenue": 4398973000000.0
    }
}