{
    "2023-06-30": {
        "Tax Effect Of Unusual Items": 216000.0,
        "Tax Rate For Calcs": 0.216,
        "Normalized EBITDA": 1281500000.0,
        "Total Unusual Items": 1000000.0,
        "Total Unusual Items Excluding Goodwill": 1000000.0,
        "Net Income From Continuing Operation Net Minority Interest": 793700000.0,
        "Reconciled Depreciation": 158700000.0,
        "Reconciled Cost Of Revenue": 3368300000.0,
        "EBITDA": 1282500000.0,
        "EBIT": 1123800000.0,
        "Net Interest Income": -108400000.0,
        "Interest Expense": 111700000.0,
        "Interest Income": 7200000.0,
        "Normalized Income": 792916000.0,
        "Net Income From Continuing And Discontinued Operation": 793700000.0,
        "Total Expenses": 5127000000.0,
        "Diluted Average Shares": 258900000.0,
        "Basic Average Shares": 256000000.0,
        "Diluted EPS": 3.07,
        "Basic EPS": 3.1,
        "Diluted NI Availto Com Stockholders": 793700000.0,
        "Net Income Common Stockholders": 793700000.0,
        "Net Income": 793700000.0,
        "Net Income Including Noncontrolling Interests": 793700000.0,
        "Net Income Continuous Operations": 793700000.0,
        "Tax Provision": 218400000.0,
        "Pretax Income": 1012100000.0,
        "Other Income Expense": 6900000.0,
        "Other Non Operating Income Expenses": 5900000.0,
        "Special Income Charges": 2300000.0,
        "Gain On Sale Of Ppe": 16200000.0,
        "Gain On Sale Of Business": 20100000.0,
        "Write Off": 34000000.0,
        "Impairment Of Capital Assets": 34000000.0,
        "Gain On Sale Of Security": -1300000.0,
        "Net Non Operating Interest Income Expense": -108400000.0,
        "Total Other Finance Cost": 3900000.0,
        "Interest Expense Non Operating": 111700000.0,
        "Interest Income Non Operating": 7200000.0,
        "Operating Income": 1113600000.0,
        "Operating Expense": 1758700000.0,
        "Other Operating Expenses": 600000.0,
        "Depreciation Amortization Depletion Income Statement": NaN,
        "Depreciation And Amortization In Income Statement": NaN,
        "Amortization": NaN,
        "Amortization Of Intangibles Income Statement": NaN,
        "Selling General And Administration": 1758100000.0,
        "General And Administrative Expense": 1758100000.0,
        "Other Gand A": 1763200000.0,
        "Salaries And Wages": -5100000.0,
        "Gross Profit": 2872300000.0,
        "Cost Of Revenue": 3368300000.0,
        "Total Revenue": 6240600000.0,
        "Operating Revenue": 6240600000.0
    },
    "2023-03-31": {
        "Tax Effect Of Unusual Items": 223000.0,
        "Tax Rate For Calcs": 0.223,
        "Normalized EBITDA": 877200000.0,
        "Total Unusual Items": 1000000.0,
        "Total Unusual Items Excluding Goodwill": 1000000.0,
        "Net Income From Continuing Operation Net Minority Interest": 477400000.0,
        "Reconciled Depreciation": 154100000.0,
        "Reconciled Cost Of Revenue": 3021500000.0,
        "EBITDA": 878200000.0,
        "EBIT": 724100000.0,
        "Net Interest Income": -109700000.0,
        "Interest Expense": 109300000.0,
        "Interest Income": 3500000.0,
        "Normalized Income": 476623000.0,
        "Net Income From Continuing And Discontinued Operation": 477400000.0,
        "Total Expenses": 4724500000.0,
        "Diluted Average Shares": 259700000.0,
        "Basic Average Shares": 256700000.0,
        "Diluted EPS": 1.84,
        "Basic EPS": 1.86,
        "Diluted NI Availto Com Stockholders": 477400000.0,
        "Net Income Common Stockholders": 477400000.0,
        "Net Income": 477400000.0,
        "Net Income Including Noncontrolling Interests": 477400000.0,
        "Net Income Continuous Operations": 477400000.0,
        "Tax Provision": 137400000.0,
        "Pretax Income": 614800000.0,
        "Other Income Expense": 6600000.0,
        "Other Non Operating Income Expenses": 5600000.0,
        "Special Income Charges": 4600000.0,
        "Gain On Sale Of Ppe": 4600000.0,
        "Gain On Sale Of Business": NaN,
        "Impairment Of Capital Assets": NaN,
        "Gain On Sale Of Security": -3600000.0,
        "Net Non Operating Interest Income Expense": -109700000.0,
        "Total Other Finance Cost": 3900000.0,
        "Interest Expense Non Operating": 109300000.0,
        "Interest Income Non Operating": 3500000.0,
        "Operating Income": 717900000.0,
        "Operating Expense": 1703000000.0,
        "Other Operating Expenses": 12700000.0,
        "Depreciation Amortization Depletion Income Statement": NaN,
        "Depreciation And Amortization In Income Statement": NaN,
        "Amortization": NaN,
        "Amortization Of Intangibles Income Statement": NaN,
        "Selling General And Administration": 1690300000.0,
        "General And Administrative Expense": 1690300000.0,
        "Other Gand A": 1695400000.0,
        "Salaries And Wages": -5100000.0,
        "Gross Profit": 2420900000.0,
        "Cost Of Revenue": 3021500000.0,
        "Total Revenue": 5442400000.0,
        "Operating Revenue": 5442400000.0
    },
    "2022-12-31": {
        "Tax Effect Of Unusual Items": NaN,
        "Tax Rate For Calcs": NaN,
        "Normalized EBITDA": NaN,
        "Total Unusual Items": NaN,
        "Total Unusual Items Excluding Goodwill": NaN,
        "Net Income From Continuing Operation Net Minority Interest": NaN,
        "Reconciled Depreciation": NaN,
        "Reconciled Cost Of Revenue": NaN,
        "EBITDA": NaN,
        "EBIT": NaN,
        "Net Interest Income": NaN,
        "Interest Expense": NaN,
        "Interest Income": NaN,
        "Normalized Income": NaN,
        "Net Income From Continuing And Discontinued Operation": NaN,
        "Total Expenses": NaN,
        "Diluted Average Shares": NaN,
        "Basic Average Shares": NaN,
        "Diluted EPS": NaN,
        "Basic EPS": NaN,
        "Diluted NI Availto Com Stockholders": NaN,
        "Net Income Common Stockholders": NaN,
        "Net Income": NaN,
        "Net Income Including Noncontrolling Interests": NaN,
        "Net Income Continuous Operations": NaN,
        "Tax Provision": NaN,
        "Pretax Income": NaN,
        "Other Income Expense": NaN,
        "Other Non Operating Income Expenses": NaN,
        "Special Income Charges": NaN,
        "Gain On Sale Of Ppe": NaN,
        "Gain On Sale Of Business": 0.0,
        "Write Off": NaN,
        "Impairment Of Capital Assets": NaN,
        "Gain On Sale Of Security": NaN,
        "Net Non Operating Interest Income Expense": NaN,
        "Total Other Finance Cost": NaN,
        "Interest Expense Non Operating": NaN,
        "Interest Income Non Operating": NaN,
        "Operating Income": NaN,
        "Operating Expense": NaN,
        "Other Operating Expenses": NaN,
        "Depreciation Amortization Depletion Income Statement": 79300000.0,
        "Depreciation And Amortization In Income Statement": 79300000.0,
        "Amortization": 79300000.0,
        "Amortization Of Intangibles Income Statement": 79300000.0,
        "Selling General And Administration": NaN,
        "General And Administrative Expense": NaN,
        "Other Gand A": NaN,
        "Salaries And Wages": NaN,
        "Gross Profit": NaN,
        "Cost Of Revenue": NaN,
        "Total Revenue": NaN,
        "Operating Revenue": NaN
    },
    "2022-09-30": {
        "Tax Effect Of Unusual Items": NaN,
        "Tax Rate For Calcs": NaN,
        "Normalized EBITDA": NaN,
        "Total Unusual Items": NaN,
        "Total Unusual Items Excluding Goodwill": NaN,
        "Net Income From Continuing Operation Net Minority Interest": NaN,
        "Reconciled Depreciation": NaN,
        "Reconciled Cost Of Revenue": NaN,
        "EBITDA": NaN,
        "EBIT": NaN,
        "Net Interest Income": NaN,
        "Interest Expense": NaN,
        "Interest Income": NaN,
        "Normalized Income": NaN,
        "Net Income From Continuing And Discontinued Operation": NaN,
        "Total Expenses": NaN,
        "Diluted Average Shares": NaN,
        "Basic Average Shares": NaN,
        "Diluted EPS": NaN,
        "Basic EPS": NaN,
        "Diluted NI Availto Com Stockholders": NaN,
        "Net Income Common Stockholders": NaN,
        "Net Income": NaN,
        "Net Income Including Noncontrolling Interests": NaN,
        "Net Income Continuous Operations": NaN,
        "Tax Provision": NaN,
        "Pretax Income": NaN,
        "Other Income Expense": NaN,
        "Other Non Operating Income Expenses": NaN,
        "Special Income Charges": NaN,
        "Gain On Sale Of Ppe": NaN,
        "Gain On Sale Of Business": 0.0,
        "Impairment Of Capital Assets": 0.0,
        "Gain On Sale Of Security": NaN,
        "Net Non Operating Interest Income Expense": NaN,
        "Total Other Finance Cost": NaN,
        "Interest Expense Non Operating": NaN,
        "Interest Income Non Operating": NaN,
        "Operating Income": NaN,
        "Operating Expense": NaN,
        "Other Operating Expenses": NaN,
        "Depreciation Amortization Depletion Income Statement": 81300000.0,
        "Depreciation And Amortization In Income Statement": 81300000.0,
        "Amortization": 81300000.0,
        "Amortization Of Intangibles Income Statement": 81300000.0,
        "Selling General And Administration": NaN,
        "General And Administrative Expense": NaN,
        "Other Gand A": NaN,
        "Salaries And Wages": NaN,
        "Gross Profit": NaN,
        "Cost Of Revenue": NaN,
        "Total Revenue": NaN,
        "Operating Revenue": NaN
    },
    "2022-06-30": {
        "Tax Effect Of Unusual Items": -3219300.0,
        "Tax Rate For Calcs": 0.219,
        "Normalized EBITDA": 990800000.0,
        "Total Unusual Items": -14700000.0,
        "Total Unusual Items Excluding Goodwill": -14700000.0,
        "Net Income From Continuing Operation Net Minority Interest": 577900000.0,
        "Reconciled Depreciation": 143300000.0,
        "Reconciled Cost Of Revenue": 3358500000.0,
        "EBITDA": 976100000.0,
        "EBIT": 832800000.0,
        "Net Interest Income": -94600000.0,
        "Interest Expense": 92900000.0,
        "Interest Income": 1300000.0,
        "Normalized Income": 589380700.0,
        "Net Income From Continuing And Discontinued Operation": 577900000.0,
        "Total Expenses": 5025000000.0,
        "Diluted Average Shares": 261800000.0,
        "Basic Average Shares": 258100000.0,
        "Diluted EPS": 2.21,
        "Basic EPS": 2.24,
        "Diluted NI Availto Com Stockholders": 577900000.0,
        "Net Income Common Stockholders": 577900000.0,
        "Net Income": 577900000.0,
        "Net Income Including Noncontrolling Interests": 577900000.0,
        "Net Income Continuous Operations": 577900000.0,
        "Tax Provision": 162000000.0,
        "Pretax Income": 739900000.0,
        "Other Income Expense": -12800000.0,
        "Other Non Operating Income Expenses": 1900000.0,
        "Special Income Charges": -300000.0,
        "Gain On Sale Of Ppe": -300000.0,
        "Gain On Sale Of Business": 0.0,
        "Impairment Of Capital Assets": NaN,
        "Gain On Sale Of Security": -14400000.0,
        "Net Non Operating Interest Income Expense": -94600000.0,
        "Total Other Finance Cost": 3000000.0,
        "Interest Expense Non Operating": 92900000.0,
        "Interest Income Non Operating": 1300000.0,
        "Operating Income": 847300000.0,
        "Operating Expense": 1601700000.0,
        "Other Operating Expenses": 4100000.0,
        "Depreciation Amortization Depletion Income Statement": 78500000.0,
        "Depreciation And Amortization In Income Statement": 78500000.0,
        "Amortization": 78500000.0,
        "Amortization Of Intangibles Income Statement": 78500000.0,
        "Selling General And Administration": 1519100000.0,
        "Gross Profit": 2449000000.0,
        "Cost Of Revenue": 3423300000.0,
        "Total Revenue": 5872300000.0,
        "Operating Revenue": 5872300000.0
    },
    "2022-03-31": {
        "Diluted EPS": 1.41,
        "Total Revenue": NaN,
        "Gross Profit": NaN,
        "Operating Income": 565,
        "EBIT": 721,
        "Net Income": 371
    },
    "2021-12-31": {
        "Diluted EPS": 1.17,
        "Total Revenue": NaN,
        "Gross Profit": NaN,
        "Operating Income": 373,
        "EBIT": 514,
        "Net Income": 304
    },
    "2021-09-30": {
        "Diluted EPS": 1.88,
        "Total Revenue": NaN,
        "Gross Profit": NaN,
        "Operating Income": 696,
        "EBIT": 837,
        "Net Income": 502
    },
    "2021-06-30": {
        "Diluted EPS": 2.42,
        "Total Revenue": NaN,
        "Gross Profit": NaN,
        "Operating Income": 901,
        "EBIT": NaN,
        "Net Income": 649
    },
    "2021-03-31": {
        "Diluted EPS": 1.51,
        "Total Revenue": NaN,
        "Gross Profit": NaN,
        "Operating Income": 589,
        "EBIT": 736,
        "Net Income": 410
    },
    "2020-12-31": {
        "Diluted EPS": 1.5,
        "Total Revenue": NaN,
        "Gross Profit": NaN,
        "Operating Income": 563,
        "EBIT": 714,
        "Net Income": 407
    },
    "2020-09-30": {
        "Diluted EPS": 2.55,
        "Total Revenue": NaN,
        "Gross Profit": NaN,
        "Operating Income": 959,
        "EBIT": NaN,
        "Net Income": 706
    },
    "2020-06-30": {
        "Diluted EPS": 2.16,
        "Total Revenue": NaN,
        "Gross Profit": NaN,
        "Operating Income": 841,
        "EBIT": 987,
        "Net Income": 596
    },
    "2020-03-31": {
        "Diluted EPS": 1.15,
        "Total Revenue": NaN,
        "Gross Profit": NaN,
        "Operating Income": 500,
        "EBIT": 647,
        "Net Income": 322
    },
    "2019-12-31": {
        "Diluted EPS": 0.9,
        "Total Revenue": NaN,
        "Gross Profit": NaN,
        "Operating Income": 441,
        "EBIT": 710,
        "Net Income": 249
    },
    "2019-09-30": {
        "Diluted EPS": 2.05,
        "Total Revenue": NaN,
        "Gross Profit": NaN,
        "Operating Income": 791,
        "EBIT": 937,
        "Net Income": 577
    },
    "2019-06-30": {
        "Diluted EPS": 1.68,
        "Total Revenue": NaN,
        "Gross Profit": NaN,
        "Operating Income": 765,
        "EBIT": 910,
        "Net Income": 471
    },
    "2019-03-31": {
        "Diluted EPS": 0.87,
        "Total Revenue": NaN,
        "Gross Profit": NaN,
        "Operating Income": 413,
        "EBIT": 559,
        "Net Income": 245
    },
    "2018-12-31": {
        "Diluted EPS": 0.36,
        "Total Revenue": NaN,
        "Gross Profit": NaN,
        "Operating Income": 218,
        "EBIT": 366,
        "Net Income": 101
    },
    "2018-09-30": {
        "Diluted EPS": 1.24,
        "Total Revenue": NaN,
        "Gross Profit": NaN,
        "Operating Income": 646,
        "EBIT": 797,
        "Net Income": 354
    },
    "2018-06-30": {
        "Diluted EPS": 1.42,
        "Total Revenue": NaN,
        "Gross Profit": NaN,
        "Operating Income": 630,
        "EBIT": 779,
        "Net Income": 404
    },
    "2018-03-31": {
        "Diluted EPS": 0.87,
        "Total Revenue": NaN,
        "Gross Profit": NaN,
        "Operating Income": 384,
        "EBIT": 544,
        "Net Income": 250
    },
    "2017-12-31": {
        "Diluted EPS": 2.99,
        "Total Revenue": NaN,
        "Gross Profit": NaN,
        "Operating Income": 311,
        "EBIT": 526,
        "Net Income": 853
    },
    "2017-09-30": {
        "Diluted EPS": 1.11,
        "Total Revenue": NaN,
        "Gross Profit": NaN,
        "Operating Income": 507,
        "EBIT": 738,
        "Net Income": 317
    },
    "2017-06-30": {
        "Diluted EPS": 1.12,
        "Total Revenue": NaN,
        "Gross Profit": NaN,
        "Operating Income": 550,
        "EBIT": 668,
        "Net Income": 319
    },
    "2017-03-31": {
        "Diluted EPS": 0.84,
        "Total Revenue": NaN,
        "Gross Profit": NaN,
        "Operating Income": 326,
        "EBIT": 377,
        "Net Income": 239
    },
    "2016-12-31": {
        "Diluted EPS": 0.72,
        "Total Revenue": NaN,
        "Gross Profit": NaN,
        "Operating Income": 345,
        "EBIT": 424,
        "Net Income": 203
    },
    "2016-09-30": {
        "Diluted EPS": 1.36,
        "Total Revenue": NaN,
        "Gross Profit": NaN,
        "Operating Income": 577,
        "EBIT": 646,
        "Net Income": 387
    },
    "2016-06-30": {
        "Diluted EPS": 1.33,
        "Total Revenue": NaN,
        "Gross Profit": NaN,
        "Operating Income": 579,
        "EBIT": 648,
        "Net Income": 378
    },
    "2016-03-31": {
        "Diluted EPS": 0.58,
        "Total Revenue": NaN,
        "Gross Profit": NaN,
        "Operating Income": 242,
        "EBIT": 297,
        "Net Income": 165
    },
    "2015-12-31": {
        "Diluted EPS": 0.7,
        "Total Revenue": NaN,
        "Gross Profit": NaN,
        "Operating Income": 318,
        "EBIT": 370,
        "Net Income": 198
    },
    "2015-09-30": {
        "Diluted EPS": 1.32,
        "Total Revenue": NaN,
        "Gross Profit": NaN,
        "Operating Income": 572,
        "EBIT": 621,
        "Net Income": 374
    },
    "2015-06-30": {
        "Diluted EPS": 1.23,
        "Total Revenue": NaN,
        "Gross Profit": NaN,
        "Operating Income": 521,
        "EBIT": 571,
        "Net Income": 350
    },
    "2015-03-31": {
        "Diluted EPS": 0.46,
        "Total Revenue": NaN,
        "Gross Profit": NaN,
        "Operating Income": 205,
        "EBIT": 255,
        "Net Income": 131
    },
    "2014-12-31": {
        "Diluted EPS": 0.45,
        "Total Revenue": NaN,
        "Gross Profit": NaN,
        "Operating Income": 207,
        "EBIT": 261,
        "Net Income": 137
    },
    "2014-09-30": {
        "Diluted EPS": 1.12,
        "Total Revenue": NaN,
        "Gross Profit": NaN,
        "Operating Income": 475,
        "EBIT": 524,
        "Net Income": 324
    },
    "2014-06-30": {
        "Diluted EPS": 0.98,
        "Total Revenue": NaN,
        "Gross Profit": NaN,
        "Operating Income": 440,
        "EBIT": 489,
        "Net Income": 290
    },
    "2014-03-31": {
        "Diluted EPS": 0.38,
        "Total Revenue": NaN,
        "Gross Profit": NaN,
        "Operating Income": 182,
        "EBIT": 231,
        "Net Income": 115
    },
    "2013-12-31": {
        "Diluted EPS": 0.38,
        "Total Revenue": NaN,
        "Gross Profit": NaN,
        "Operating Income": 165,
        "EBIT": 213,
        "Net Income": 116
    },
    "2013-09-30": {
        "Diluted EPS": 0.85,
        "Total Revenue": NaN,
        "Gross Profit": NaN,
        "Operating Income": 405,
        "EBIT": 452,
        "Net Income": 261
    },
    "2013-06-30": {
        "Diluted EPS": 0.82,
        "Total Revenue": NaN,
        "Gross Profit": NaN,
        "Operating Income": 396,
        "EBIT": 442,
        "Net Income": 256
    },
    "2013-03-31": {
        "Diluted EPS": 0.37,
        "Total Revenue": NaN,
        "Gross Profit": 963,
        "Operating Income": 180,
        "EBIT": 227,
        "Net Income": 116
    },
    "2012-12-31": {
        "Diluted EPS": 0.22,
        "Total Revenue": NaN,
        "Gross Profit": 996,
        "Operating Income": 108,
        "EBIT": 157,
        "Net Income": 68
    },
    "2012-09-30": {
        "Diluted EPS": 0.75,
        "Total Revenue": NaN,
        "Gross Profit": NaN,
        "Operating Income": 349,
        "EBIT": 394,
        "Net Income": 233
    },
    "2012-06-30": {
        "Diluted EPS": 0.72,
        "Total Revenue": NaN,
        "Gross Profit": NaN,
        "Operating Income": 337,
        "EBIT": 381,
        "Net Income": 226
    },
    "2012-03-31": {
        "Diluted EPS": 0.32,
        "Total Revenue": NaN,
        "Gross Profit": 910,
        "Operating Income": 147,
        "EBIT": 192,
        "Net Income": 99
    },
    "2011-12-31": {
        "Diluted EPS": 0.05,
        "Total Revenue": NaN,
        "Gross Profit": 886,
        "Operating Income": 131,
        "EBIT": 176,
        "Net Income": 15
    },
    "2011-09-30": {
        "Diluted EPS": 0.57,
        "Total Revenue": NaN,
        "Gross Profit": NaN,
        "Operating Income": 277,
        "EBIT": 325,
        "Net Income": 178
    },
    "2011-06-30": {
        "Diluted EPS": 0.55,
        "Total Revenue": NaN,
        "Gross Profit": NaN,
        "Operating Income": 268,
        "EBIT": 312,
        "Net Income": 177
    },
    "2011-03-31": {
        "Diluted EPS": 0.21,
        "Total Revenue": NaN,
        "Gross Profit": 797,
        "Operating Income": 105,
        "EBIT": 149,
        "Net Income": 68
    },
    "2010-12-31": {
        "Diluted EPS": 0.22,
        "Total Revenue": NaN,
        "Gross Profit": 846,
        "Operating Income": 128,
        "EBIT": 185,
        "Net Income": 72
    },
    "2010-09-30": {
        "Diluted EPS": 0.53,
        "Total Revenue": NaN,
        "Gross Profit": 972,
        "Operating Income": 269,
        "EBIT": 312,
        "Net Income": 173
    },
    "2010-06-30": {
        "Diluted EPS": 0.55,
        "Total Revenue": NaN,
        "Gross Profit": 972,
        "Operating Income": 276,
        "EBIT": 315,
        "Net Income": 180
    },
    "2010-03-31": {
        "Diluted EPS": 0.1,
        "Total Revenue": NaN,
        "Gross Profit": 692,
        "Operating Income": 77,
        "EBIT": 117,
        "Net Income": 32
    },
    "2009-12-31": {
        "Diluted EPS": 0.2,
        "Total Revenue": NaN,
        "Gross Profit": 758,
        "Operating Income": 126,
        "EBIT": 183,
        "Net Income": 64
    },
    "2009-09-30": {
        "Diluted EPS": 0.5,
        "Total Revenue": NaN,
        "Gross Profit": 929,
        "Operating Income": 268,
        "EBIT": 311,
        "Net Income": 173
    },
    "2009-06-30": {
        "Diluted EPS": 0.45,
        "Total Revenue": NaN,
        "Gross Profit": 895,
        "Operating Income": 239,
        "EBIT": 283,
        "Net Income": 156
    },
    "2009-03-31": {
        "Diluted EPS": 0.11,
        "Total Revenue": NaN,
        "Gross Profit": 681,
        "Operating Income": 61,
        "EBIT": 103,
        "Net Income": 37
    },
    "2023-09-30": {
        "Tax Effect Of Unusual Items": -3258500.0,
        "Tax Rate For Calcs": 0.245,
        "Normalized EBITDA": 1279600000.0,
        "Total Unusual Items": -13300000.0,
        "Total Unusual Items Excluding Goodwill": -13300000.0,
        "Net Income From Continuing Operation Net Minority Interest": 761500000.0,
        "Reconciled Depreciation": 155400000.0,
        "Reconciled Cost Of Revenue": 3200500000.0,
        "EBITDA": 1266300000.0,
        "EBIT": 1110900000.0,
        "Net Interest Income": -99900000.0,
        "Interest Expense": 101900000.0,
        "Interest Income": 5100000.0,
        "Normalized Income": 771541500.0,
        "Net Income From Continuing And Discontinued Operation": 761500000.0,
        "Total Expenses": 5001000000.0,
        "Diluted Average Shares": 258400000.0,
        "Basic Average Shares": 255100000.0,
        "Diluted EPS": 2.95,
        "Basic EPS": 2.98,
        "Diluted NI Availto Com Stockholders": 761500000.0,
        "Net Income Common Stockholders": 761500000.0,
        "Net Income": 761500000.0,
        "Net Income Including Noncontrolling Interests": 761500000.0,
        "Net Income Continuous Operations": 761500000.0,
        "Tax Provision": 247500000.0,
        "Pretax Income": 1009000000.0,
        "Other Income Expense": -6800000.0,
        "Other Non Operating Income Expenses": 6500000.0,
        "Special Income Charges": -12700000.0,
        "Gain On Sale Of Ppe": -12700000.0,
        "Gain On Sale Of Business": NaN,
        "Write Off": NaN,
        "Impairment Of Capital Assets": 0.0,
        "Gain On Sale Of Security": -600000.0,
        "Net Non Operating Interest Income Expense": -99900000.0,
        "Total Other Finance Cost": 3100000.0,
        "Interest Expense Non Operating": 101900000.0,
        "Interest Income Non Operating": 5100000.0,
        "Operating Income": 1115700000.0,
        "Operating Expense": 1800500000.0,
        "Other Operating Expenses": 39400000.0,
        "Depreciation Amortization Depletion Income Statement": NaN,
        "Depreciation And Amortization In Income Statement": NaN,
        "Amortization": NaN,
        "Amortization Of Intangibles Income Statement": NaN,
        "Selling General And Administration": 1761100000.0,
        "General And Administrative Expense": 1761100000.0,
        "Other Gand A": 1766300000.0,
        "Salaries And Wages": -5200000.0,
        "Gross Profit": 2916200000.0,
        "Cost Of Revenue": 3200500000.0,
        "Total Revenue": 6116700000.0,
        "Operating Revenue": 6116700000.0
    },
    "2023-12-31": {
        "Tax Effect Of Unusual Items": -24305569.620253,
        "Tax Rate For Calcs": 0.248523,
        "Normalized EBITDA": 820700000.0,
        "Total Unusual Items": -97800000.0,
        "Total Unusual Items Excluding Goodwill": -97800000.0,
        "Net Income From Continuing Operation Net Minority Interest": 356200000.0,
        "Reconciled Depreciation": 154300000.0,
        "Reconciled Cost Of Revenue": 2703500000.0,
        "EBITDA": 722900000.0,
        "EBIT": 568600000.0,
        "Net Interest Income": -89300000.0,
        "Interest Expense": 94600000.0,
        "Interest Income": 9400000.0,
        "Normalized Income": 429694430.379747,
        "Net Income From Continuing And Discontinued Operation": 356200000.0,
        "Total Expenses": 4571900000.0,
        "Diluted Average Shares": 256900000.0,
        "Basic Average Shares": 254000000.0,
        "Diluted EPS": 1.39,
        "Basic EPS": 1.4,
        "Diluted NI Availto Com Stockholders": 356200000.0,
        "Net Income Common Stockholders": 356200000.0,
        "Net Income": 356200000.0,
        "Net Income Including Noncontrolling Interests": 356200000.0,
        "Net Income Continuous Operations": 356200000.0,
        "Tax Provision": 117800000.0,
        "Pretax Income": 474000000.0,
        "Other Income Expense": -117000000.0,
        "Other Non Operating Income Expenses": -19200000.0,
        "Special Income Charges": -45700000.0,
        "Gain On Sale Of Ppe": -9000000.0,
        "Gain On Sale Of Business": 0.0,
        "Write Off": NaN,
        "Impairment Of Capital Assets": 23900000.0,
        "Gain On Sale Of Security": -52100000.0,
        "Net Non Operating Interest Income Expense": -89300000.0,
        "Total Other Finance Cost": 4100000.0,
        "Interest Expense Non Operating": 94600000.0,
        "Interest Income Non Operating": 9400000.0,
        "Operating Income": 680300000.0,
        "Operating Expense": 1868400000.0,
        "Other Operating Expenses": 28000000.0,
        "Depreciation Amortization Depletion Income Statement": NaN,
        "Depreciation And Amortization In Income Statement": NaN,
        "Amortization": NaN,
        "Amortization Of Intangibles Income Statement": NaN,
        "Selling General And Administration": 1840400000.0,
        "General And Administrative Expense": 1840400000.0,
        "Other Gand A": 1846100000.0,
        "Salaries And Wages": -5700000.0,
        "Gross Profit": 2548700000.0,
        "Cost Of Revenue": 2703500000.0,
        "Total Revenue": 5252200000.0,
        "Operating Revenue": 5252200000.0
    },
    "2024-03-31": {
        "Tax Effect Of Unusual Items": 189900.0,
        "Tax Rate For Calcs": 0.211,
        "Normalized EBITDA": 895300000.0,
        "Total Unusual Items": 900000.0,
        "Total Unusual Items Excluding Goodwill": 900000.0,
        "Net Income From Continuing Operation Net Minority Interest": 505200000.0,
        "Reconciled Depreciation": 153200000.0,
        "Reconciled Cost Of Revenue": 2836300000.0,
        "EBITDA": 896200000.0,
        "EBIT": 743000000.0,
        "Net Interest Income": -100200000.0,
        "Interest Expense": 103000000.0,
        "Interest Income": 6100000.0,
        "Normalized Income": 504489900.0,
        "Net Income From Continuing And Discontinued Operation": 505200000.0,
        "Total Expenses": 4636600000.0,
        "Diluted Average Shares": 255800000.0,
        "Basic Average Shares": 252500000.0,
        "Diluted EPS": 1.97,
        "Basic EPS": 2.0,
        "Diluted NI Availto Com Stockholders": 505200000.0,
        "Net Income Common Stockholders": 505200000.0,
        "Net Income": 505200000.0,
        "Net Income Including Noncontrolling Interests": 505200000.0,
        "Net Income Continuous Operations": 505200000.0,
        "Tax Provision": 134800000.0,
        "Pretax Income": 640000000.0,
        "Other Income Expense": 9500000.0,
        "Other Non Operating Income Expenses": 8600000.0,
        "Special Income Charges": 3400000.0,
        "Gain On Sale Of Ppe": 3400000.0,
        "Gain On Sale Of Business": NaN,
        "Write Off": NaN,
        "Impairment Of Capital Assets": NaN,
        "Gain On Sale Of Security": -2500000.0,
        "Net Non Operating Interest Income Expense": -100200000.0,
        "Total Other Finance Cost": 3300000.0,
        "Interest Expense Non Operating": 103000000.0,
        "Interest Income Non Operating": 6100000.0,
        "Operating Income": 730700000.0,
        "Operating Expense": 1800300000.0,
        "Other Operating Expenses": 3600000.0,
        "Depreciation Amortization Depletion Income Statement": NaN,
        "Depreciation And Amortization In Income Statement": NaN,
        "Amortization": NaN,
        "Amortization Of Intangibles Income Statement": NaN,
        "Selling General And Administration": 1796700000.0,
        "General And Administrative Expense": 1796700000.0,
        "Other Gand A": 1801600000.0,
        "Salaries And Wages": -4900000.0,
        "Gross Profit": 2531000000.0,
        "Cost Of Revenue": 2836300000.0,
        "Total Revenue": 5367300000.0,
        "Operating Revenue": 5367300000.0
    },
    "2024-06-30": {
        "Tax Effect Of Unusual Items": 6824400.0,
        "Tax Rate For Calcs": 0.242,
        "Normalized EBITDA": 1409300000.0,
        "Total Unusual Items": 28200000.0,
        "Total Unusual Items Excluding Goodwill": 28200000.0,
        "Net Income From Continuing Operation Net Minority Interest": 889900000.0,
        "Reconciled Depreciation": 153300000.0,
        "Reconciled Cost Of Revenue": 3208100000.0,
        "EBITDA": 1437500000.0,
        "EBIT": 1284200000.0,
        "Net Interest Income": -114300000.0,
        "Interest Expense": 110800000.0,
        "Interest Income": 900000.0,
        "Normalized Income": 868524400.0,
        "Net Income From Continuing And Discontinued Operation": 889900000.0,
        "Total Expenses": 5035100000.0,
        "Diluted Average Shares": 254200000.0,
        "Basic Average Shares": 251000000.0,
        "Diluted EPS": 3.5,
        "Basic EPS": 3.55,
        "Diluted NI Availto Com Stockholders": 889900000.0,
        "Net Income Common Stockholders": 889900000.0,
        "Net Income": 889900000.0,
        "Net Income Including Noncontrolling Interests": 889900000.0,
        "Net Income Continuous Operations": 889900000.0,
        "Tax Provision": 283500000.0,
        "Pretax Income": 1173400000.0,
        "Other Income Expense": 51300000.0,
        "Other Non Operating Income Expenses": 23100000.0,
        "Special Income Charges": 19800000.0,
        "Gain On Sale Of Ppe": 19800000.0,
        "Gain On Sale Of Business": 0.0,
        "Write Off": 0.0,
        "Impairment Of Capital Assets": NaN,
        "Gain On Sale Of Security": 8400000.0,
        "Net Non Operating Interest Income Expense": -114300000.0,
        "Total Other Finance Cost": 4400000.0,
        "Interest Expense Non Operating": 110800000.0,
        "Interest Income Non Operating": 900000.0,
        "Operating Income": 1236400000.0,
        "Operating Expense": 1827000000.0,
        "Other Operating Expenses": -14100000.0,
        "Depreciation Amortization Depletion Income Statement": NaN,
        "Depreciation And Amortization In Income Statement": NaN,
        "Amortization": NaN,
        "Amortization Of Intangibles Income Statement": NaN,
        "Selling General And Administration": 1841100000.0,
        "General And Administrative Expense": 1841100000.0,
        "Other Gand A": 1846000000.0,
        "Salaries And Wages": -4900000.0,
        "Gross Profit": 3063400000.0,
        "Cost Of Revenue": 3208100000.0,
        "Total Revenue": 6271500000.0,
        "Operating Revenue": 6271500000.0
    }
}