{
    "2023-03-31": {
        "Tax Effect Of Unusual Items": NaN,
        "Tax Rate For Calcs": NaN,
        "Normalized EBITDA": NaN,
        "Total Unusual Items": NaN,
        "Total Unusual Items Excluding Goodwill": NaN,
        "Net Income From Continuing Operation Net Minority Interest": NaN,
        "Reconciled Depreciation": NaN,
        "Reconciled Cost Of Revenue": NaN,
        "EBITDA": NaN,
        "EBIT": NaN,
        "Net Interest Income": NaN,
        "Interest Expense": NaN,
        "Interest Income": NaN,
        "Normalized Income": NaN,
        "Net Income From Continuing And Discontinued Operation": NaN,
        "Total Expenses": NaN,
        "Total Operating Income As Reported": NaN,
        "Diluted Average Shares": NaN,
        "Basic Average Shares": NaN,
        "Diluted EPS": NaN,
        "Basic EPS": NaN,
        "Diluted NI Availto Com Stockholders": NaN,
        "Net Income Common Stockholders": NaN,
        "Net Income": NaN,
        "Minority Interests": NaN,
        "Net Income Including Noncontrolling Interests": NaN,
        "Net Income Continuous Operations": NaN,
        "Tax Provision": NaN,
        "Pretax Income": NaN,
        "Other Income Expense": NaN,
        "Other Non Operating Income Expenses": 3527000.0,
        "Special Income Charges": -479456000.0,
        "Other Special Charges": -3955000.0,
        "Write Off": 485587000.0,
        "Impairment Of Capital Assets": -2176000.0,
        "Earnings From Equity Interest": NaN,
        "Gain On Sale Of Security": NaN,
        "Net Non Operating Interest Income Expense": NaN,
        "Total Other Finance Cost": NaN,
        "Interest Expense Non Operating": NaN,
        "Interest Income Non Operating": NaN,
        "Operating Income": NaN,
        "Operating Expense": NaN,
        "Other Operating Expenses": NaN,
        "Other Taxes": 31399000.0,
        "Depreciation Amortization Depletion Income Statement": NaN,
        "Depreciation And Amortization In Income Statement": NaN,
        "Research And Development": 8940000.0,
        "Selling General And Administration": NaN,
        "Selling And Marketing Expense": NaN,
        "General And Administrative Expense": NaN,
        "Other Gand A": NaN,
        "Salaries And Wages": 26705000.0,
        "Gross Profit": NaN,
        "Cost Of Revenue": NaN,
        "Total Revenue": NaN,
        "Excise Taxes": NaN,
        "Operating Revenue": NaN
    },
    "2022-12-31": {
        "Tax Effect Of Unusual Items": NaN,
        "Tax Rate For Calcs": NaN,
        "Normalized EBITDA": NaN,
        "Total Unusual Items": NaN,
        "Total Unusual Items Excluding Goodwill": NaN,
        "Net Income From Continuing Operation Net Minority Interest": NaN,
        "Reconciled Depreciation": NaN,
        "Reconciled Cost Of Revenue": NaN,
        "EBITDA": NaN,
        "EBIT": NaN,
        "Net Interest Income": NaN,
        "Interest Expense": NaN,
        "Interest Income": NaN,
        "Normalized Income": NaN,
        "Net Income From Continuing And Discontinued Operation": NaN,
        "Total Expenses": NaN,
        "Total Operating Income As Reported": NaN,
        "Diluted Average Shares": NaN,
        "Basic Average Shares": NaN,
        "Diluted EPS": NaN,
        "Basic EPS": NaN,
        "Diluted NI Availto Com Stockholders": NaN,
        "Net Income Common Stockholders": NaN,
        "Net Income": NaN,
        "Minority Interests": NaN,
        "Net Income Including Noncontrolling Interests": NaN,
        "Net Income Continuous Operations": NaN,
        "Tax Provision": NaN,
        "Pretax Income": NaN,
        "Other Income Expense": NaN,
        "Other Non Operating Income Expenses": 8352000.0,
        "Special Income Charges": 86627000.0,
        "Other Special Charges": 351245000.0,
        "Write Off": -402178000.0,
        "Impairment Of Capital Assets": -35694000.0,
        "Earnings From Equity Interest": NaN,
        "Gain On Sale Of Security": NaN,
        "Net Non Operating Interest Income Expense": NaN,
        "Total Other Finance Cost": NaN,
        "Interest Expense Non Operating": NaN,
        "Interest Income Non Operating": NaN,
        "Operating Income": NaN,
        "Operating Expense": NaN,
        "Other Operating Expenses": NaN,
        "Other Taxes": 257383000.0,
        "Depreciation Amortization Depletion Income Statement": NaN,
        "Depreciation And Amortization In Income Statement": NaN,
        "Research And Development": 17715000.0,
        "Selling General And Administration": NaN,
        "Selling And Marketing Expense": NaN,
        "General And Administrative Expense": NaN,
        "Other Gand A": NaN,
        "Salaries And Wages": 19933000.0,
        "Gross Profit": NaN,
        "Cost Of Revenue": NaN,
        "Total Revenue": NaN,
        "Excise Taxes": 1522173000.0,
        "Operating Revenue": NaN
    },
    "2022-09-30": {
        "Tax Effect Of Unusual Items": NaN,
        "Tax Rate For Calcs": NaN,
        "Normalized EBITDA": NaN,
        "Total Unusual Items": NaN,
        "Total Unusual Items Excluding Goodwill": NaN,
        "Net Income From Continuing Operation Net Minority Interest": NaN,
        "Reconciled Depreciation": NaN,
        "Reconciled Cost Of Revenue": NaN,
        "EBITDA": NaN,
        "EBIT": NaN,
        "Net Interest Income": NaN,
        "Interest Expense": NaN,
        "Interest Income": NaN,
        "Normalized Income": NaN,
        "Net Income From Continuing And Discontinued Operation": NaN,
        "Total Expenses": NaN,
        "Total Operating Income As Reported": 1126920000.0,
        "Diluted Average Shares": NaN,
        "Basic Average Shares": NaN,
        "Diluted EPS": NaN,
        "Basic EPS": NaN,
        "Diluted NI Availto Com Stockholders": NaN,
        "Net Income Common Stockholders": NaN,
        "Net Income": NaN,
        "Minority Interests": NaN,
        "Net Income Including Noncontrolling Interests": NaN,
        "Net Income Continuous Operations": NaN,
        "Tax Provision": NaN,
        "Pretax Income": NaN,
        "Other Income Expense": NaN,
        "Other Non Operating Income Expenses": NaN,
        "Special Income Charges": NaN,
        "Other Special Charges": NaN,
        "Write Off": NaN,
        "Impairment Of Capital Assets": NaN,
        "Earnings From Equity Interest": NaN,
        "Gain On Sale Of Security": NaN,
        "Net Non Operating Interest Income Expense": NaN,
        "Total Other Finance Cost": NaN,
        "Interest Expense Non Operating": NaN,
        "Interest Income Non Operating": NaN,
        "Operating Income": NaN,
        "Operating Expense": NaN,
        "Other Operating Expenses": NaN,
        "Other Taxes": NaN,
        "Depreciation Amortization Depletion Income Statement": NaN,
        "Depreciation And Amortization In Income Statement": NaN,
        "Research And Development": 15008000.0,
        "Selling General And Administration": NaN,
        "Selling And Marketing Expense": NaN,
        "General And Administrative Expense": NaN,
        "Other Gand A": NaN,
        "Salaries And Wages": 12759000.0,
        "Gross Profit": NaN,
        "Cost Of Revenue": NaN,
        "Total Revenue": NaN,
        "Excise Taxes": NaN,
        "Operating Revenue": NaN
    },
    "2022-06-30": {
        "Tax Effect Of Unusual Items": -169055200.0,
        "Tax Rate For Calcs": 0.4,
        "Normalized EBITDA": 2693491000.0,
        "Total Unusual Items": -422638000.0,
        "Total Unusual Items Excluding Goodwill": -422638000.0,
        "Net Income From Continuing Operation Net Minority Interest": 197326000.0,
        "Reconciled Depreciation": 662247000.0,
        "Reconciled Cost Of Revenue": 6915763000.0,
        "EBITDA": 2270853000.0,
        "EBIT": 1608606000.0,
        "Net Interest Income": -899096000.0,
        "Interest Expense": 727340000.0,
        "Interest Income": 324135000.0,
        "Normalized Income": 450908800.0,
        "Net Income From Continuing And Discontinued Operation": 197326000.0,
        "Total Expenses": 8420175000.0,
        "Diluted Average Shares": 1387524047.0,
        "Basic Average Shares": 1387524047.0,
        "Diluted EPS": 0.26618,
        "Basic EPS": 0.26618,
        "Diluted NI Availto Com Stockholders": 197326000.0,
        "Net Income Common Stockholders": 197326000.0,
        "Net Income": 197326000.0,
        "Minority Interests": -172005000.0,
        "Net Income Including Noncontrolling Interests": 369331000.0,
        "Net Income Continuous Operations": 369331000.0,
        "Tax Provision": 511935000.0,
        "Pretax Income": 881266000.0,
        "Other Income Expense": -365385000.0,
        "Other Non Operating Income Expenses": 2847000.0,
        "Special Income Charges": -98400000.0,
        "Other Special Charges": -5302000.0,
        "Write Off": 105053000.0,
        "Impairment Of Capital Assets": -1351000.0,
        "Earnings From Equity Interest": 54406000.0,
        "Gain On Sale Of Security": -324238000.0,
        "Net Non Operating Interest Income Expense": -899096000.0,
        "Total Other Finance Cost": 171756000.0,
        "Interest Expense Non Operating": 727340000.0,
        "Interest Income Non Operating": 324135000.0,
        "Operating Income": 2145747000.0,
        "Operating Expense": 859734000.0,
        "Other Operating Expenses": 108501000.0,
        "Other Taxes": 45619000.0,
        "Depreciation Amortization Depletion Income Statement": 17569000.0,
        "Depreciation And Amortization In Income Statement": 17569000.0,
        "Research And Development": 12214000.0,
        "Selling General And Administration": 675831000.0,
        "Selling And Marketing Expense": 503932000.0,
        "General And Administrative Expense": 171899000.0,
        "Other Gand A": 146922000.0,
        "Salaries And Wages": 24977000.0,
        "Gross Profit": 3005481000.0,
        "Cost Of Revenue": 7560441000.0,
        "Total Revenue": 10565922000.0,
        "Excise Taxes": 1547247000.0,
        "Operating Revenue": 12160588000.0
    },
    "2023-06-30": {
        "Tax Effect Of Unusual Items": NaN,
        "Tax Rate For Calcs": NaN,
        "Normalized EBITDA": NaN,
        "Total Unusual Items": -79960000.0,
        "Total Unusual Items Excluding Goodwill": -79960000.0,
        "Net Income From Continuing Operation Net Minority Interest": NaN,
        "Reconciled Depreciation": NaN,
        "Reconciled Cost Of Revenue": NaN,
        "EBITDA": NaN,
        "EBIT": NaN,
        "Net Interest Income": NaN,
        "Interest Expense": 1354964000.0,
        "Interest Income": 249015000.0,
        "Normalized Income": NaN,
        "Net Income From Continuing And Discontinued Operation": NaN,
        "Total Expenses": NaN,
        "Total Operating Income As Reported": 1140964000.0,
        "Diluted Average Shares": NaN,
        "Basic Average Shares": NaN,
        "Diluted EPS": NaN,
        "Basic EPS": NaN,
        "Diluted NI Availto Com Stockholders": NaN,
        "Net Income Common Stockholders": NaN,
        "Net Income": NaN,
        "Minority Interests": -99695000.0,
        "Net Income Including Noncontrolling Interests": NaN,
        "Net Income Continuous Operations": NaN,
        "Tax Provision": NaN,
        "Pretax Income": NaN,
        "Other Income Expense": NaN,
        "Other Non Operating Income Expenses": NaN,
        "Special Income Charges": NaN,
        "Other Special Charges": NaN,
        "Write Off": NaN,
        "Impairment Of Capital Assets": NaN,
        "Earnings From Equity Interest": NaN,
        "Gain On Sale Of Security": -79960000.0,
        "Net Non Operating Interest Income Expense": NaN,
        "Total Other Finance Cost": NaN,
        "Interest Expense Non Operating": 1354964000.0,
        "Interest Income Non Operating": 249015000.0,
        "Operating Income": NaN,
        "Operating Expense": NaN,
        "Other Operating Expenses": NaN,
        "Other Taxes": NaN,
        "Depreciation Amortization Depletion Income Statement": NaN,
        "Depreciation And Amortization In Income Statement": NaN,
        "Research And Development": NaN,
        "Selling General And Administration": NaN,
        "Selling And Marketing Expense": NaN,
        "General And Administrative Expense": NaN,
        "Other Gand A": NaN,
        "Salaries And Wages": NaN,
        "Gross Profit": NaN,
        "Cost Of Revenue": NaN,
        "Total Revenue": NaN,
        "Excise Taxes": 1563679000.0,
        "Operating Revenue": NaN
    },
    "2022-03-31": {
        "Diluted EPS": 0.0,
        "Total Revenue": NaN,
        "Gross Profit": 858,
        "Operating Income": 677,
        "EBIT": 677,
        "Net Income": 261
    },
    "2021-12-31": {
        "Diluted EPS": 0.0,
        "Total Revenue": NaN,
        "Gross Profit": 654,
        "Operating Income": 444,
        "EBIT": 554,
        "Net Income": -65
    },
    "2021-09-30": {
        "Diluted EPS": 0.0,
        "Total Revenue": NaN,
        "Gross Profit": 824,
        "Operating Income": 686,
        "EBIT": 686,
        "Net Income": 254
    },
    "2021-06-30": {
        "Diluted EPS": 0.0,
        "Total Revenue": NaN,
        "Gross Profit": NaN,
        "Operating Income": NaN,
        "EBIT": NaN,
        "Net Income": NaN
    },
    "2021-03-31": {
        "Diluted EPS": 0.0,
        "Total Revenue": NaN,
        "Gross Profit": NaN,
        "Operating Income": NaN,
        "EBIT": NaN,
        "Net Income": NaN
    },
    "2020-12-31": {
        "Diluted EPS": 0.52,
        "Total Revenue": NaN,
        "Gross Profit": 815,
        "Operating Income": 568,
        "EBIT": 967,
        "Net Income": 714
    },
    "2020-09-30": {
        "Diluted EPS": 0.17,
        "Total Revenue": NaN,
        "Gross Profit": 667,
        "Operating Income": 397,
        "EBIT": 403,
        "Net Income": 235
    },
    "2020-06-30": {
        "Diluted EPS": 0.06,
        "Total Revenue": NaN,
        "Gross Profit": 344,
        "Operating Income": 98,
        "EBIT": 83,
        "Net Income": 83
    },
    "2020-03-31": {
        "Diluted EPS": -0.21,
        "Total Revenue": NaN,
        "Gross Profit": 297,
        "Operating Income": 32,
        "EBIT": 131,
        "Net Income": -296
    },
    "2019-12-31": {
        "Diluted EPS": 0.12,
        "Total Revenue": NaN,
        "Gross Profit": 504,
        "Operating Income": 225,
        "EBIT": 514,
        "Net Income": 167
    },
    "2019-09-30": {
        "Diluted EPS": -0.16,
        "Total Revenue": NaN,
        "Gross Profit": 413,
        "Operating Income": 52,
        "EBIT": -27,
        "Net Income": -220
    },
    "2019-06-30": {
        "Diluted EPS": 0.35,
        "Total Revenue": NaN,
        "Gross Profit": 627,
        "Operating Income": 282,
        "EBIT": 369,
        "Net Income": 483
    },
    "2019-03-31": {
        "Diluted EPS": 0.02,
        "Total Revenue": NaN,
        "Gross Profit": 527,
        "Operating Income": 307,
        "EBIT": 394,
        "Net Income": 23
    },
    "2018-12-31": {
        "Diluted EPS": 0.3,
        "Total Revenue": NaN,
        "Gross Profit": 543,
        "Operating Income": 288,
        "EBIT": 555,
        "Net Income": 408
    },
    "2018-09-30": {
        "Diluted EPS": 0.14,
        "Total Revenue": NaN,
        "Gross Profit": 474,
        "Operating Income": 348,
        "EBIT": 339,
        "Net Income": 191
    },
    "2018-06-30": {
        "Diluted EPS": 0.24,
        "Total Revenue": NaN,
        "Gross Profit": 435,
        "Operating Income": 422,
        "EBIT": 415,
        "Net Income": 331
    },
    "2018-03-31": {
        "Diluted EPS": 0.33,
        "Total Revenue": NaN,
        "Gross Profit": 426,
        "Operating Income": 806,
        "EBIT": 903,
        "Net Income": 458
    },
    "2017-12-31": {
        "Diluted EPS": 0.06,
        "Total Revenue": NaN,
        "Gross Profit": 434,
        "Operating Income": 379,
        "EBIT": 722,
        "Net Income": 84
    },
    "2017-09-30": {
        "Diluted EPS": 0.06,
        "Total Revenue": NaN,
        "Gross Profit": 384,
        "Operating Income": 197,
        "EBIT": 196,
        "Net Income": 81
    },
    "2017-06-30": {
        "Diluted EPS": -0.14,
        "Total Revenue": NaN,
        "Gross Profit": 307,
        "Operating Income": 92,
        "EBIT": 78,
        "Net Income": -199
    },
    "2017-03-31": {
        "Diluted EPS": 0.03,
        "Total Revenue": NaN,
        "Gross Profit": 420,
        "Operating Income": 233,
        "EBIT": 360,
        "Net Income": 37
    },
    "2016-12-31": {
        "Diluted EPS": 0.01,
        "Total Revenue": NaN,
        "Gross Profit": 386,
        "Operating Income": 234,
        "EBIT": 515,
        "Net Income": -9
    },
    "2016-09-30": {
        "Diluted EPS": -0.02,
        "Total Revenue": NaN,
        "Gross Profit": 405,
        "Operating Income": 243,
        "EBIT": 251,
        "Net Income": -33
    },
    "2016-06-30": {
        "Diluted EPS": -0.01,
        "Total Revenue": NaN,
        "Gross Profit": 263,
        "Operating Income": 14,
        "EBIT": 21,
        "Net Income": -12
    },
    "2016-03-31": {
        "Diluted EPS": -0.16,
        "Total Revenue": 988,
        "Gross Profit": 238,
        "Operating Income": 49,
        "EBIT": 131,
        "Net Income": -214
    },
    "2015-12-31": {
        "Diluted EPS": 0.44,
        "Total Revenue": 957,
        "Gross Profit": 207,
        "Operating Income": 963,
        "EBIT": NaN,
        "Net Income": 617
    },
    "2015-09-30": {
        "Diluted EPS": -0.11,
        "Total Revenue": NaN,
        "Gross Profit": 268,
        "Operating Income": 92,
        "EBIT": 778,
        "Net Income": -152
    },
    "2015-06-30": {
        "Diluted EPS": -0.15,
        "Total Revenue": 935,
        "Gross Profit": 8,
        "Operating Income": -205,
        "EBIT": -903,
        "Net Income": -200
    },
    "2015-03-31": {
        "Diluted EPS": 0.09,
        "Total Revenue": NaN,
        "Gross Profit": 236,
        "Operating Income": 16,
        "EBIT": 112,
        "Net Income": 127
    },
    "2014-12-31": {
        "Diluted EPS": 0.02,
        "Total Revenue": NaN,
        "Gross Profit": 80,
        "Operating Income": -240,
        "EBIT": -105,
        "Net Income": 21
    },
    "2014-09-30": {
        "Diluted EPS": -0.07,
        "Total Revenue": NaN,
        "Gross Profit": 220,
        "Operating Income": 25,
        "EBIT": 168,
        "Net Income": -97
    },
    "2014-06-30": {
        "Diluted EPS": 0.01,
        "Total Revenue": NaN,
        "Gross Profit": 217,
        "Operating Income": 57,
        "EBIT": 201,
        "Net Income": 10
    },
    "2014-03-31": {
        "Diluted EPS": 0.02,
        "Total Revenue": NaN,
        "Gross Profit": 671,
        "Operating Income": 471,
        "EBIT": 596,
        "Net Income": 23
    },
    "2013-12-31": {
        "Diluted EPS": -0.14,
        "Total Revenue": NaN,
        "Gross Profit": 644,
        "Operating Income": 400,
        "EBIT": 558,
        "Net Income": -208
    },
    "2013-09-30": {
        "Diluted EPS": 0.15,
        "Total Revenue": NaN,
        "Gross Profit": 571,
        "Operating Income": 375,
        "EBIT": 475,
        "Net Income": 216
    },
    "2013-06-30": {
        "Diluted EPS": 0.16,
        "Total Revenue": NaN,
        "Gross Profit": 130,
        "Operating Income": -125,
        "EBIT": 9,
        "Net Income": 240
    },
    "2013-03-31": {
        "Diluted EPS": 0.01,
        "Total Revenue": NaN,
        "Gross Profit": 370,
        "Operating Income": 167,
        "EBIT": 314,
        "Net Income": 14
    },
    "2012-12-31": {
        "Diluted EPS": 0.11,
        "Total Revenue": NaN,
        "Gross Profit": 384,
        "Operating Income": 27,
        "EBIT": 221,
        "Net Income": 164
    },
    "2012-09-30": {
        "Diluted EPS": 0.06,
        "Total Revenue": NaN,
        "Gross Profit": 575,
        "Operating Income": 325,
        "EBIT": 466,
        "Net Income": 84
    },
    "2012-06-30": {
        "Diluted EPS": -0.35,
        "Total Revenue": NaN,
        "Gross Profit": 513,
        "Operating Income": -824,
        "EBIT": -651,
        "Net Income": -509
    },
    "2012-03-31": {
        "Diluted EPS": 0.04,
        "Total Revenue": NaN,
        "Gross Profit": 942,
        "Operating Income": 734,
        "EBIT": 860,
        "Net Income": 63
    },
    "2011-12-31": {
        "Diluted EPS": 0.31,
        "Total Revenue": NaN,
        "Gross Profit": 729,
        "Operating Income": 944,
        "EBIT": NaN,
        "Net Income": 452
    },
    "2011-09-30": {
        "Diluted EPS": 0.44,
        "Total Revenue": NaN,
        "Gross Profit": 890,
        "Operating Income": 653,
        "EBIT": 788,
        "Net Income": 645
    },
    "2011-06-30": {
        "Diluted EPS": 0.48,
        "Total Revenue": NaN,
        "Gross Profit": NaN,
        "Operating Income": 961,
        "EBIT": NaN,
        "Net Income": 714
    },
    "2011-03-31": {
        "Diluted EPS": 0.19,
        "Total Revenue": NaN,
        "Gross Profit": 613,
        "Operating Income": 393,
        "EBIT": 526,
        "Net Income": 276
    },
    "2010-12-31": {
        "Diluted EPS": 0.18,
        "Total Revenue": NaN,
        "Gross Profit": NaN,
        "Operating Income": NaN,
        "EBIT": NaN,
        "Net Income": 272
    },
    "2010-09-30": {
        "Diluted EPS": 0.28,
        "Total Revenue": NaN,
        "Gross Profit": NaN,
        "Operating Income": 891,
        "EBIT": NaN,
        "Net Income": 421
    },
    "2010-06-30": {
        "Diluted EPS": 0.33,
        "Total Revenue": NaN,
        "Gross Profit": NaN,
        "Operating Income": 812,
        "EBIT": 940,
        "Net Income": 496
    },
    "2010-03-31": {
        "Diluted EPS": 0.18,
        "Total Revenue": NaN,
        "Gross Profit": NaN,
        "Operating Income": NaN,
        "EBIT": NaN,
        "Net Income": 271
    },
    "2009-12-31": {
        "Diluted EPS": 0.54,
        "Total Revenue": NaN,
        "Gross Profit": NaN,
        "Operating Income": NaN,
        "EBIT": NaN,
        "Net Income": 408
    },
    "2009-09-30": {
        "Diluted EPS": 0.88,
        "Total Revenue": NaN,
        "Gross Profit": NaN,
        "Operating Income": 966,
        "EBIT": NaN,
        "Net Income": 663
    },
    "2009-06-30": {
        "Diluted EPS": 0.23,
        "Total Revenue": NaN,
        "Gross Profit": 999,
        "Operating Income": 791,
        "EBIT": 905,
        "Net Income": 183
    },
    "2009-03-31": {
        "Diluted EPS": 0.2,
        "Total Revenue": NaN,
        "Gross Profit": 666,
        "Operating Income": 532,
        "EBIT": 604,
        "Net Income": 159
    },
    "2023-09-30": {
        "Tax Effect Of Unusual Items": 0.0,
        "Tax Rate For Calcs": 0.34,
        "Normalized EBITDA": 2383761000.0,
        "Total Unusual Items": 156444000.0,
        "Total Unusual Items Excluding Goodwill": 156444000.0,
        "Net Income From Continuing Operation Net Minority Interest": 90794000.0,
        "Reconciled Depreciation": 867014000.0,
        "Reconciled Cost Of Revenue": 7468004000.0,
        "EBITDA": 2383761000.0,
        "EBIT": 1516747000.0,
        "Net Interest Income": -1223475000.0,
        "Interest Expense": 1083368000.0,
        "Interest Income": 18193000.0,
        "Normalized Income": 90794000.0,
        "Net Income From Continuing And Discontinued Operation": 90794000.0,
        "Total Expenses": 9608281000.0,
        "Total Operating Income As Reported": 1647518000.0,
        "Diluted Average Shares": 1326093947.0,
        "Basic Average Shares": 1326093947.0,
        "Diluted EPS": 0.068467,
        "Basic EPS": 0.068467,
        "Diluted NI Availto Com Stockholders": 90794000.0,
        "Net Income Common Stockholders": 90794000.0,
        "Net Income": 90794000.0,
        "Minority Interests": -245274000.0,
        "Net Income Including Noncontrolling Interests": 90794000.0,
        "Net Income Continuous Operations": 90794000.0,
        "Tax Provision": 333249000.0,
        "Pretax Income": 424043000.0,
        "Other Income Expense": 130771000.0,
        "Other Non Operating Income Expenses": 4416000.0,
        "Special Income Charges": -38377000.0,
        "Other Special Charges": -2349000.0,
        "Write Off": 14086000.0,
        "Impairment Of Capital Assets": 26640000.0,
        "Earnings From Equity Interest": 130771000.0,
        "Gain On Sale Of Security": 194821000.0,
        "Net Non Operating Interest Income Expense": -1223475000.0,
        "Total Other Finance Cost": 1223475000.0,
        "Interest Expense Non Operating": 1083368000.0,
        "Interest Income Non Operating": 18193000.0,
        "Operating Income": 1516747000.0,
        "Operating Expense": 1288558000.0,
        "Other Operating Expenses": 113319000.0,
        "Other Taxes": 9833000.0,
        "Depreciation Amortization Depletion Income Statement": 15295000.0,
        "Depreciation And Amortization In Income Statement": 15295000.0,
        "Research And Development": 14090000.0,
        "Selling General And Administration": 1159944000.0,
        "Selling And Marketing Expense": 977637000.0,
        "General And Administrative Expense": 182307000.0,
        "Other Gand A": 182307000.0,
        "Salaries And Wages": 16256000.0,
        "Gross Profit": 2805305000.0,
        "Cost Of Revenue": 8319723000.0,
        "Total Revenue": 11125028000.0,
        "Excise Taxes": 1463570000.0,
        "Operating Revenue": 11125028000.0
    },
    "2023-12-31": {
        "Tax Effect Of Unusual Items": -302261672.018176,
        "Tax Rate For Calcs": 0.327389,
        "Normalized EBITDA": 4099117000.0,
        "Total Unusual Items": -923249000.0,
        "Total Unusual Items Excluding Goodwill": -923249000.0,
        "Net Income From Continuing Operation Net Minority Interest": 579067000.0,
        "Reconciled Depreciation": 897264000.0,
        "Reconciled Cost Of Revenue": 7455711000.0,
        "EBITDA": 3175868000.0,
        "EBIT": 2278604000.0,
        "Net Interest Income": -338073000.0,
        "Interest Expense": 1013229000.0,
        "Interest Income": 838508000.0,
        "Normalized Income": 1200054327.981824,
        "Net Income From Continuing And Discontinued Operation": 579067000.0,
        "Total Expenses": 9574938000.0,
        "Total Operating Income As Reported": NaN,
        "Diluted Average Shares": 1326093947.0,
        "Basic Average Shares": 1326093947.0,
        "Diluted EPS": 0.641814,
        "Basic EPS": 0.641814,
        "Diluted NI Availto Com Stockholders": 579067000.0,
        "Net Income Common Stockholders": 579067000.0,
        "Net Income": 579067000.0,
        "Minority Interests": -272038000.0,
        "Net Income Including Noncontrolling Interests": 851105000.0,
        "Net Income Continuous Operations": 851105000.0,
        "Tax Provision": 414270000.0,
        "Pretax Income": 1265375000.0,
        "Other Income Expense": -826735000.0,
        "Other Non Operating Income Expenses": 4965000.0,
        "Special Income Charges": -376795000.0,
        "Other Special Charges": 9763000.0,
        "Write Off": 156740000.0,
        "Impairment Of Capital Assets": 95529000.0,
        "Earnings From Equity Interest": 91549000.0,
        "Gain On Sale Of Security": -546454000.0,
        "Net Non Operating Interest Income Expense": -338073000.0,
        "Total Other Finance Cost": 163352000.0,
        "Interest Expense Non Operating": 1013229000.0,
        "Interest Income Non Operating": 838508000.0,
        "Operating Income": 2430183000.0,
        "Operating Expense": 1238608000.0,
        "Other Operating Expenses": 145894000.0,
        "Other Taxes": -215065000.0,
        "Depreciation Amortization Depletion Income Statement": 16645000.0,
        "Depreciation And Amortization In Income Statement": 16645000.0,
        "Research And Development": 19104000.0,
        "Selling General And Administration": 1272030000.0,
        "Selling And Marketing Expense": 1003945000.0,
        "General And Administrative Expense": 268085000.0,
        "Other Gand A": 208674000.0,
        "Salaries And Wages": NaN,
        "Gross Profit": 3668791000.0,
        "Cost Of Revenue": 8336330000.0,
        "Total Revenue": 12005121000.0,
        "Excise Taxes": 1398416000.0,
        "Operating Revenue": 13624420000.0
    },
    "2024-03-31": {
        "Tax Effect Of Unusual Items": 10054550.0,
        "Tax Rate For Calcs": 0.11,
        "Normalized EBITDA": 1336432000.0,
        "Total Unusual Items": 91405000.0,
        "Total Unusual Items Excluding Goodwill": 91405000.0,
        "Net Income From Continuing Operation Net Minority Interest": -589701000.0,
        "Reconciled Depreciation": 896760000.0,
        "Reconciled Cost Of Revenue": 6663038000.0,
        "EBITDA": 1427837000.0,
        "EBIT": 531077000.0,
        "Net Interest Income": -1253156000.0,
        "Interest Expense": 1072669000.0,
        "Interest Income": 13594000.0,
        "Normalized Income": -671051450.0,
        "Net Income From Continuing And Discontinued Operation": -589701000.0,
        "Total Expenses": 9193162000.0,
        "Total Operating Income As Reported": NaN,
        "Diluted Average Shares": 1326093947.0,
        "Basic Average Shares": 1326093947.0,
        "Diluted EPS": -0.44469,
        "Basic EPS": -0.44469,
        "Diluted NI Availto Com Stockholders": -589701000.0,
        "Net Income Common Stockholders": -589701000.0,
        "Net Income": -589701000.0,
        "Minority Interests": -110039000.0,
        "Net Income Including Noncontrolling Interests": -479662000.0,
        "Net Income Continuous Operations": -479662000.0,
        "Tax Provision": -61930000.0,
        "Pretax Income": -541592000.0,
        "Other Income Expense": 191733000.0,
        "Other Non Operating Income Expenses": 7008000.0,
        "Special Income Charges": -55477000.0,
        "Other Special Charges": -38825000.0,
        "Write Off": 84432000.0,
        "Impairment Of Capital Assets": 9870000.0,
        "Earnings From Equity Interest": 93320000.0,
        "Gain On Sale Of Security": 146882000.0,
        "Net Non Operating Interest Income Expense": -1253156000.0,
        "Total Other Finance Cost": 194081000.0,
        "Interest Expense Non Operating": 1072669000.0,
        "Interest Income Non Operating": 13594000.0,
        "Operating Income": 519830000.0,
        "Operating Expense": 1671194000.0,
        "Other Operating Expenses": 196389000.0,
        "Other Taxes": 37113000.0,
        "Depreciation Amortization Depletion Income Statement": 37830000.0,
        "Depreciation And Amortization In Income Statement": 37830000.0,
        "Research And Development": NaN,
        "Selling General And Administration": 1399862000.0,
        "Selling And Marketing Expense": 1186697000.0,
        "General And Administrative Expense": 213165000.0,
        "Other Gand A": 201728000.0,
        "Salaries And Wages": 11437000.0,
        "Gross Profit": 2191024000.0,
        "Cost Of Revenue": 7521968000.0,
        "Total Revenue": 9712992000.0,
        "Excise Taxes": 1345694000.0,
        "Operating Revenue": 11289631000.0
    },
    "2024-06-30": {
        "Tax Effect Of Unusual Items": 12154320.0,
        "Tax Rate For Calcs": 0.34,
        "Normalized EBITDA": 2197856000.0,
        "Total Unusual Items": 35748000.0,
        "Total Unusual Items Excluding Goodwill": 35748000.0,
        "Net Income From Continuing Operation Net Minority Interest": -528779000.0,
        "Reconciled Depreciation": 937790000.0,
        "Reconciled Cost Of Revenue": 6977683000.0,
        "EBITDA": 2233604000.0,
        "EBIT": 1295814000.0,
        "Net Interest Income": -1162794000.0,
        "Interest Expense": 1177696000.0,
        "Interest Income": 244615000.0,
        "Normalized Income": -552372680.0,
        "Net Income From Continuing And Discontinued Operation": -528779000.0,
        "Total Expenses": 9736464000.0,
        "Total Operating Income As Reported": 1613509000.0,
        "Diluted Average Shares": 1326093947.0,
        "Basic Average Shares": 1326093947.0,
        "Diluted EPS": -0.39875,
        "Basic EPS": -0.39875,
        "Diluted NI Availto Com Stockholders": -528779000.0,
        "Net Income Common Stockholders": -528779000.0,
        "Net Income": -528779000.0,
        "Minority Interests": -306167000.0,
        "Net Income Including Noncontrolling Interests": -222612000.0,
        "Net Income Continuous Operations": -222612000.0,
        "Tax Provision": 340730000.0,
        "Pretax Income": 118118000.0,
        "Other Income Expense": 135636000.0,
        "Other Non Operating Income Expenses": 1609000.0,
        "Special Income Charges": -70314000.0,
        "Other Special Charges": 16985000.0,
        "Write Off": 53594000.0,
        "Impairment Of Capital Assets": -265000.0,
        "Earnings From Equity Interest": 98279000.0,
        "Gain On Sale Of Security": 106062000.0,
        "Net Non Operating Interest Income Expense": -1162794000.0,
        "Total Other Finance Cost": 229713000.0,
        "Interest Expense Non Operating": 1177696000.0,
        "Interest Income Non Operating": 244615000.0,
        "Operating Income": 1145276000.0,
        "Operating Expense": 1843763000.0,
        "Other Operating Expenses": 188267000.0,
        "Other Taxes": 17652000.0,
        "Depreciation Amortization Depletion Income Statement": 22772000.0,
        "Depreciation And Amortization In Income Statement": 22772000.0,
        "Research And Development": 16219000.0,
        "Selling General And Administration": 1598853000.0,
        "Selling And Marketing Expense": 1363352000.0,
        "General And Administrative Expense": 235501000.0,
        "Other Gand A": 224064000.0,
        "Salaries And Wages": 11437000.0,
        "Gross Profit": 2989039000.0,
        "Cost Of Revenue": 7892701000.0,
        "Total Revenue": 10881740000.0,
        "Excise Taxes": 1507178000.0,
        "Operating Revenue": 12571230000.0
    },
    "2024-09-30": {
        "Tax Effect Of Unusual Items": 0.0,
        "Tax Rate For Calcs": 0.34713,
        "Normalized EBITDA": 1622150000.0,
        "Total Unusual Items": NaN,
        "Total Unusual Items Excluding Goodwill": NaN,
        "Net Income From Continuing Operation Net Minority Interest": -750870000.0,
        "Reconciled Depreciation": 963374000.0,
        "Reconciled Cost Of Revenue": 7391507000.0,
        "EBITDA": 1622150000.0,
        "EBIT": 658776000.0,
        "Net Interest Income": -1931588000.0,
        "Interest Expense": NaN,
        "Interest Income": NaN,
        "Normalized Income": -750870000.0,
        "Net Income From Continuing And Discontinued Operation": -750870000.0,
        "Total Expenses": 10407813000.0,
        "Total Operating Income As Reported": 781481000.0,
        "Diluted Average Shares": 1326093947.0,
        "Basic Average Shares": 1326093947.0,
        "Diluted EPS": -0.566227,
        "Basic EPS": -0.566227,
        "Diluted NI Availto Com Stockholders": -750870000.0,
        "Net Income Common Stockholders": -750870000.0,
        "Net Income": -750870000.0,
        "Minority Interests": NaN,
        "Net Income Including Noncontrolling Interests": -750870000.0,
        "Net Income Continuous Operations": -750870000.0,
        "Tax Provision": -399237000.0,
        "Pretax Income": -1150107000.0,
        "Other Income Expense": 122705000.0,
        "Other Non Operating Income Expenses": NaN,
        "Special Income Charges": NaN,
        "Other Special Charges": NaN,
        "Write Off": NaN,
        "Impairment Of Capital Assets": NaN,
        "Earnings From Equity Interest": 122705000.0,
        "Gain On Sale Of Security": NaN,
        "Net Non Operating Interest Income Expense": -1931588000.0,
        "Total Other Finance Cost": 1931588000.0,
        "Interest Expense Non Operating": NaN,
        "Interest Income Non Operating": NaN,
        "Operating Income": 658776000.0,
        "Operating Expense": 2074897000.0,
        "Other Operating Expenses": 366244000.0,
        "Other Taxes": NaN,
        "Depreciation Amortization Depletion Income Statement": 21965000.0,
        "Depreciation And Amortization In Income Statement": 21965000.0,
        "Research And Development": NaN,
        "Selling General And Administration": 1686688000.0,
        "Selling And Marketing Expense": 1479910000.0,
        "General And Administrative Expense": 206778000.0,
        "Other Gand A": 206778000.0,
        "Salaries And Wages": NaN,
        "Gross Profit": 2733673000.0,
        "Cost Of Revenue": 8332916000.0,
        "Total Revenue": 11066589000.0,
        "Excise Taxes": NaN,
        "Operating Revenue": 11066589000.0
    }
}