{
    "2023-03-31": {
        "Tax Effect Of Unusual Items": NaN,
        "Tax Rate For Calcs": NaN,
        "Normalized EBITDA": NaN,
        "Net Income From Continuing Operation Net Minority Interest": NaN,
        "Reconciled Depreciation": NaN,
        "Reconciled Cost Of Revenue": NaN,
        "EBITDA": NaN,
        "EBIT": NaN,
        "Net Interest Income": NaN,
        "Interest Expense": NaN,
        "Interest Income": NaN,
        "Normalized Income": NaN,
        "Net Income From Continuing And Discontinued Operation": NaN,
        "Total Expenses": NaN,
        "Rent Expense Supplemental": 86387.0,
        "Total Operating Income As Reported": NaN,
        "Diluted Average Shares": 297144.0,
        "Basic Average Shares": 297144.0,
        "Diluted EPS": -11.58,
        "Basic EPS": -11.58,
        "Diluted NI Availto Com Stockholders": NaN,
        "Net Income Common Stockholders": NaN,
        "Preferred Stock Dividends": NaN,
        "Net Income": NaN,
        "Net Income Including Noncontrolling Interests": NaN,
        "Net Income Continuous Operations": NaN,
        "Tax Provision": NaN,
        "Pretax Income": NaN,
        "Other Income Expense": NaN,
        "Other Non Operating Income Expenses": NaN,
        "Net Non Operating Interest Income Expense": NaN,
        "Total Other Finance Cost": 566229.0,
        "Interest Expense Non Operating": NaN,
        "Interest Income Non Operating": NaN,
        "Operating Income": NaN,
        "Operating Expense": NaN,
        "Selling General And Administration": NaN,
        "Selling And Marketing Expense": 188597.0,
        "General And Administrative Expense": 3353572.0,
        "Other Gand A": 1550642.0,
        "Rent And Landing Fees": 86387.0,
        "Salaries And Wages": 1716543.0,
        "Gross Profit": NaN,
        "Cost Of Revenue": NaN,
        "Total Revenue": NaN,
        "Operating Revenue": NaN
    },
    "2022-12-31": {
        "Tax Effect Of Unusual Items": NaN,
        "Tax Rate For Calcs": NaN,
        "Normalized EBITDA": NaN,
        "Total Unusual Items": 0.0,
        "Total Unusual Items Excluding Goodwill": 0.0,
        "Net Income From Continuing Operation Net Minority Interest": NaN,
        "Reconciled Depreciation": NaN,
        "Reconciled Cost Of Revenue": NaN,
        "EBITDA": NaN,
        "EBIT": NaN,
        "Net Interest Income": NaN,
        "Interest Expense": NaN,
        "Interest Income": NaN,
        "Normalized Income": NaN,
        "Net Income From Continuing And Discontinued Operation": NaN,
        "Total Expenses": NaN,
        "Rent Expense Supplemental": 87019.0,
        "Total Operating Income As Reported": NaN,
        "Diluted Average Shares": NaN,
        "Basic Average Shares": NaN,
        "Diluted EPS": NaN,
        "Basic EPS": NaN,
        "Diluted NI Availto Com Stockholders": NaN,
        "Net Income Common Stockholders": NaN,
        "Preferred Stock Dividends": NaN,
        "Net Income": NaN,
        "Net Income Including Noncontrolling Interests": NaN,
        "Net Income Continuous Operations": NaN,
        "Tax Provision": NaN,
        "Pretax Income": NaN,
        "Other Income Expense": NaN,
        "Other Non Operating Income Expenses": NaN,
        "Special Income Charges": 0.0,
        "Net Non Operating Interest Income Expense": NaN,
        "Total Other Finance Cost": NaN,
        "Interest Expense Non Operating": NaN,
        "Interest Income Non Operating": NaN,
        "Operating Income": NaN,
        "Operating Expense": NaN,
        "Depreciation Amortization Depletion Income Statement": 42319.0,
        "Depreciation And Amortization In Income Statement": 42319.0,
        "Depreciation Income Statement": 42319.0,
        "Selling General And Administration": NaN,
        "Selling And Marketing Expense": 164177.0,
        "General And Administrative Expense": 3497179.0,
        "Other Gand A": 1627025.0,
        "Rent And Landing Fees": 87019.0,
        "Salaries And Wages": 1783135.0,
        "Gross Profit": NaN,
        "Cost Of Revenue": NaN,
        "Total Revenue": NaN,
        "Operating Revenue": NaN
    },
    "2022-09-30": {
        "Tax Effect Of Unusual Items": NaN,
        "Tax Rate For Calcs": NaN,
        "Normalized EBITDA": NaN,
        "Total Unusual Items": 0.0,
        "Total Unusual Items Excluding Goodwill": 0.0,
        "Net Income From Continuing Operation Net Minority Interest": NaN,
        "Reconciled Depreciation": NaN,
        "Reconciled Cost Of Revenue": NaN,
        "EBITDA": NaN,
        "EBIT": NaN,
        "Net Interest Income": NaN,
        "Interest Expense": NaN,
        "Normalized Income": NaN,
        "Net Income From Continuing And Discontinued Operation": NaN,
        "Total Expenses": NaN,
        "Rent Expense Supplemental": 80019.0,
        "Total Operating Income As Reported": NaN,
        "Diluted Average Shares": 171786.0,
        "Basic Average Shares": 171786.0,
        "Diluted EPS": -23.0,
        "Basic EPS": -23.0,
        "Diluted NI Availto Com Stockholders": NaN,
        "Net Income Common Stockholders": NaN,
        "Preferred Stock Dividends": NaN,
        "Net Income": NaN,
        "Net Income Including Noncontrolling Interests": NaN,
        "Net Income Continuous Operations": NaN,
        "Tax Provision": NaN,
        "Pretax Income": NaN,
        "Other Income Expense": NaN,
        "Other Non Operating Income Expenses": NaN,
        "Special Income Charges": 0.0,
        "Net Non Operating Interest Income Expense": NaN,
        "Total Other Finance Cost": NaN,
        "Interest Expense Non Operating": NaN,
        "Operating Income": NaN,
        "Operating Expense": NaN,
        "Depreciation Amortization Depletion Income Statement": 28015.0,
        "Depreciation And Amortization In Income Statement": 28015.0,
        "Depreciation Income Statement": 28015.0,
        "Selling General And Administration": NaN,
        "Selling And Marketing Expense": 192305.0,
        "General And Administrative Expense": 3569475.0,
        "Other Gand A": 1862215.0,
        "Rent And Landing Fees": 80019.0,
        "Salaries And Wages": 1627241.0,
        "Gross Profit": NaN,
        "Cost Of Revenue": NaN,
        "Total Revenue": NaN,
        "Operating Revenue": NaN
    },
    "2022-06-30": {
        "Tax Effect Of Unusual Items": 0.0,
        "Tax Rate For Calcs": 0.0,
        "Normalized EBITDA": -2332291.0,
        "Total Unusual Items": 0.0,
        "Total Unusual Items Excluding Goodwill": 0.0,
        "Net Income From Continuing Operation Net Minority Interest": -2457835.0,
        "Reconciled Depreciation": 67124.0,
        "Reconciled Cost Of Revenue": 1480980.0,
        "EBITDA": -2332291.0,
        "EBIT": -2399415.0,
        "Net Interest Income": -58420.0,
        "Interest Expense": 58420.0,
        "Normalized Income": -2457835.0,
        "Net Income From Continuing And Discontinued Operation": -2457835.0,
        "Total Expenses": 4246778.0,
        "Rent Expense Supplemental": 86352.0,
        "Total Operating Income As Reported": -2399415.0,
        "Diluted Average Shares": 10836332.0,
        "Basic Average Shares": 10836332.0,
        "Diluted EPS": -0.23,
        "Basic EPS": -0.23,
        "Diluted NI Availto Com Stockholders": -2457835.0,
        "Net Income Common Stockholders": -2457835.0,
        "Net Income": -2457835.0,
        "Net Income Including Noncontrolling Interests": -2457835.0,
        "Net Income Continuous Operations": -2457835.0,
        "Tax Provision": 0.0,
        "Pretax Income": -2457835.0,
        "Other Income Expense": NaN,
        "Other Non Operating Income Expenses": NaN,
        "Special Income Charges": 0.0,
        "Net Non Operating Interest Income Expense": -58420.0,
        "Total Other Finance Cost": NaN,
        "Interest Expense Non Operating": 58420.0,
        "Operating Income": -2399415.0,
        "Operating Expense": 2746179.0,
        "Depreciation Amortization Depletion Income Statement": 47505.0,
        "Depreciation And Amortization In Income Statement": 47505.0,
        "Depreciation Income Statement": 47505.0,
        "Selling General And Administration": 2698674.0,
        "Selling And Marketing Expense": 112153.0,
        "General And Administrative Expense": 2586521.0,
        "Other Gand A": 1108718.0,
        "Rent And Landing Fees": 86352.0,
        "Salaries And Wages": 1391451.0,
        "Gross Profit": 346764.0,
        "Cost Of Revenue": 1500599.0,
        "Total Revenue": 1847363.0,
        "Operating Revenue": 1847363.0
    },
    "2022-03-31": {
        "Diluted EPS": -0.14,
        "Total Revenue": 2,
        "Gross Profit": 1,
        "Operating Income": -2,
        "EBIT": -2,
        "Net Income": -2
    },
    "2021-12-31": {
        "Diluted EPS": -0.21,
        "Total Revenue": 1,
        "Gross Profit": 0,
        "Operating Income": -2,
        "EBIT": -2,
        "Net Income": -2
    },
    "2021-09-30": {
        "Diluted EPS": -0.06,
        "Total Revenue": 1,
        "Gross Profit": 0,
        "Operating Income": -1,
        "EBIT": -1,
        "Net Income": -1
    },
    "2021-06-30": {
        "Diluted EPS": -0.05,
        "Total Revenue": 0,
        "Gross Profit": 0,
        "Operating Income": 0,
        "EBIT": 0,
        "Net Income": 0
    },
    "2021-03-31": {
        "Diluted EPS": -0.02,
        "Total Revenue": 0,
        "Gross Profit": 0,
        "Operating Income": -1,
        "EBIT": 0,
        "Net Income": 0
    },
    "2020-12-31": {
        "Diluted EPS": 0.0,
        "Total Revenue": NaN,
        "Gross Profit": NaN,
        "Operating Income": NaN,
        "EBIT": NaN,
        "Net Income": NaN
    },
    "2023-06-30": {
        "Tax Effect Of Unusual Items": 0.0,
        "Tax Rate For Calcs": 0.0,
        "Normalized EBITDA": -3237890.0,
        "Net Income From Continuing Operation Net Minority Interest": -3501581.0,
        "Reconciled Depreciation": 76024.0,
        "Reconciled Cost Of Revenue": 862632.0,
        "EBITDA": -3237890.0,
        "EBIT": -3313914.0,
        "Net Interest Income": -428192.0,
        "Interest Expense": 187667.0,
        "Interest Income": 0.0,
        "Normalized Income": -3501581.0,
        "Net Income From Continuing And Discontinued Operation": -3501581.0,
        "Total Expenses": 4423114.0,
        "Rent Expense Supplemental": 88668.0,
        "Total Operating Income As Reported": -3052705.0,
        "Diluted Average Shares": 511315.0,
        "Basic Average Shares": 511315.0,
        "Diluted EPS": -6.85,
        "Basic EPS": -6.85,
        "Diluted NI Availto Com Stockholders": -3501581.0,
        "Net Income Common Stockholders": -3501581.0,
        "Preferred Stock Dividends": NaN,
        "Net Income": -3501581.0,
        "Net Income Including Noncontrolling Interests": -3501581.0,
        "Net Income Continuous Operations": -3501581.0,
        "Tax Provision": 0.0,
        "Pretax Income": -3501581.0,
        "Other Income Expense": -20684.0,
        "Other Non Operating Income Expenses": -20684.0,
        "Net Non Operating Interest Income Expense": -428192.0,
        "Total Other Finance Cost": 240525.0,
        "Interest Expense Non Operating": 187667.0,
        "Interest Income Non Operating": 0.0,
        "Operating Income": -3052705.0,
        "Operating Expense": 3560482.0,
        "Selling General And Administration": 3560482.0,
        "Selling And Marketing Expense": 165928.0,
        "General And Administrative Expense": 3394554.0,
        "Other Gand A": 1444870.0,
        "Rent And Landing Fees": 88668.0,
        "Salaries And Wages": 1861016.0,
        "Gross Profit": 507777.0,
        "Cost Of Revenue": 862632.0,
        "Total Revenue": 1370409.0,
        "Operating Revenue": 1370409.0
    },
    "2023-09-30": {
        "Tax Effect Of Unusual Items": 0.0,
        "Tax Rate For Calcs": 0.0,
        "Normalized EBITDA": -3827022.0,
        "Net Income From Continuing Operation Net Minority Interest": -4082085.0,
        "Reconciled Depreciation": 68781.0,
        "Reconciled Cost Of Revenue": 1081801.0,
        "EBITDA": -3827022.0,
        "EBIT": -3895803.0,
        "Net Interest Income": -186282.0,
        "Interest Expense": 186282.0,
        "Interest Income": NaN,
        "Normalized Income": -4082085.0,
        "Net Income From Continuing And Discontinued Operation": -4082085.0,
        "Total Expenses": 4860261.0,
        "Rent Expense Supplemental": NaN,
        "Total Operating Income As Reported": -3874741.0,
        "Diluted Average Shares": 743049.0,
        "Basic Average Shares": 743049.0,
        "Diluted EPS": -5.0,
        "Basic EPS": -5.0,
        "Diluted NI Availto Com Stockholders": -4082085.0,
        "Net Income Common Stockholders": -4082085.0,
        "Preferred Stock Dividends": NaN,
        "Net Income": -4082085.0,
        "Net Income Including Noncontrolling Interests": -4082085.0,
        "Net Income Continuous Operations": -4082085.0,
        "Tax Provision": 0.0,
        "Pretax Income": -4082085.0,
        "Other Income Expense": -21062.0,
        "Other Non Operating Income Expenses": -21062.0,
        "Net Non Operating Interest Income Expense": -186282.0,
        "Total Other Finance Cost": NaN,
        "Interest Expense Non Operating": 186282.0,
        "Interest Income Non Operating": NaN,
        "Operating Income": -3874741.0,
        "Operating Expense": 3778460.0,
        "Selling General And Administration": 3778460.0,
        "Selling And Marketing Expense": NaN,
        "General And Administrative Expense": NaN,
        "Other Gand A": NaN,
        "Rent And Landing Fees": NaN,
        "Salaries And Wages": NaN,
        "Gross Profit": -96281.0,
        "Cost Of Revenue": 1081801.0,
        "Total Revenue": 985520.0,
        "Operating Revenue": 985520.0
    },
    "2023-12-31": {
        "Tax Effect Of Unusual Items": 0.0,
        "Tax Rate For Calcs": 0.0,
        "Normalized EBITDA": -3048738.0,
        "Net Income From Continuing Operation Net Minority Interest": -3303623.0,
        "Reconciled Depreciation": 68941.0,
        "Reconciled Cost Of Revenue": 1009221.0,
        "EBITDA": -3048738.0,
        "EBIT": -3117679.0,
        "Net Interest Income": -297038.0,
        "Interest Expense": 185944.0,
        "Interest Income": NaN,
        "Normalized Income": -3303623.0,
        "Net Income From Continuing And Discontinued Operation": -3303623.0,
        "Total Expenses": 4294727.0,
        "Rent Expense Supplemental": NaN,
        "Total Operating Income As Reported": -2951498.0,
        "Diluted Average Shares": NaN,
        "Basic Average Shares": NaN,
        "Diluted EPS": NaN,
        "Basic EPS": NaN,
        "Diluted NI Availto Com Stockholders": -3506222.0,
        "Net Income Common Stockholders": -3506222.0,
        "Preferred Stock Dividends": NaN,
        "Net Income": -3303623.0,
        "Net Income Including Noncontrolling Interests": -3303623.0,
        "Net Income Continuous Operations": -3303623.0,
        "Tax Provision": 0.0,
        "Pretax Income": -3303623.0,
        "Other Income Expense": -55087.0,
        "Other Non Operating Income Expenses": -55087.0,
        "Net Non Operating Interest Income Expense": -297038.0,
        "Total Other Finance Cost": 111094.0,
        "Interest Expense Non Operating": 185944.0,
        "Interest Income Non Operating": NaN,
        "Operating Income": -2951498.0,
        "Operating Expense": 3285506.0,
        "Selling General And Administration": 3285506.0,
        "Selling And Marketing Expense": NaN,
        "General And Administrative Expense": NaN,
        "Other Gand A": NaN,
        "Rent And Landing Fees": NaN,
        "Salaries And Wages": NaN,
        "Gross Profit": 334008.0,
        "Cost Of Revenue": 1009221.0,
        "Total Revenue": 1343229.0,
        "Operating Revenue": 1343229.0
    },
    "2024-03-31": {
        "Tax Effect Of Unusual Items": 0.0,
        "Tax Rate For Calcs": 0.0,
        "Normalized EBITDA": -3403944.0,
        "Net Income From Continuing Operation Net Minority Interest": -3810500.0,
        "Reconciled Depreciation": 253030.0,
        "Reconciled Cost Of Revenue": 966091.0,
        "EBITDA": -3403944.0,
        "EBIT": -3656974.0,
        "Net Interest Income": -153526.0,
        "Interest Expense": 153526.0,
        "Interest Income": NaN,
        "Normalized Income": -3810500.0,
        "Net Income From Continuing And Discontinued Operation": -3810500.0,
        "Total Expenses": 4611674.0,
        "Rent Expense Supplemental": NaN,
        "Total Operating Income As Reported": -3561519.0,
        "Diluted Average Shares": 2719812.0,
        "Basic Average Shares": 2719812.0,
        "Diluted EPS": -1.4,
        "Basic EPS": -1.4,
        "Diluted NI Availto Com Stockholders": -3852875.0,
        "Net Income Common Stockholders": -3852875.0,
        "Preferred Stock Dividends": 42375.0,
        "Net Income": -3810500.0,
        "Net Income Including Noncontrolling Interests": -3810500.0,
        "Net Income Continuous Operations": -3810500.0,
        "Tax Provision": 0.0,
        "Pretax Income": -3810500.0,
        "Other Income Expense": -95455.0,
        "Other Non Operating Income Expenses": -95455.0,
        "Net Non Operating Interest Income Expense": -153526.0,
        "Total Other Finance Cost": NaN,
        "Interest Expense Non Operating": 153526.0,
        "Interest Income Non Operating": NaN,
        "Operating Income": -3561519.0,
        "Operating Expense": 3645583.0,
        "Selling General And Administration": 3645583.0,
        "Selling And Marketing Expense": NaN,
        "General And Administrative Expense": NaN,
        "Other Gand A": NaN,
        "Rent And Landing Fees": NaN,
        "Salaries And Wages": NaN,
        "Gross Profit": 84064.0,
        "Cost Of Revenue": 966091.0,
        "Total Revenue": 1050155.0,
        "Operating Revenue": 1050155.0
    },
    "2024-06-30": {
        "Tax Effect Of Unusual Items": 0.0,
        "Tax Rate For Calcs": 0.0,
        "Normalized EBITDA": -3344906.0,
        "Net Income From Continuing Operation Net Minority Interest": -4136084.0,
        "Reconciled Depreciation": 605003.0,
        "Reconciled Cost Of Revenue": 1768671.0,
        "EBITDA": -3344906.0,
        "EBIT": -3949909.0,
        "Net Interest Income": -173862.0,
        "Interest Expense": 186175.0,
        "Interest Income": 12313.0,
        "Normalized Income": -4136084.0,
        "Net Income From Continuing And Discontinued Operation": -4136084.0,
        "Total Expenses": 4825485.0,
        "Rent Expense Supplemental": NaN,
        "Total Operating Income As Reported": -3897915.0,
        "Diluted Average Shares": 4181344.0,
        "Basic Average Shares": 4181344.0,
        "Diluted EPS": -0.99,
        "Basic EPS": -0.99,
        "Diluted NI Availto Com Stockholders": -4136084.0,
        "Net Income Common Stockholders": -4136084.0,
        "Preferred Stock Dividends": NaN,
        "Net Income": -4136084.0,
        "Net Income Including Noncontrolling Interests": -4136084.0,
        "Net Income Continuous Operations": -4136084.0,
        "Tax Provision": 0.0,
        "Pretax Income": -4136084.0,
        "Other Income Expense": -64307.0,
        "Other Non Operating Income Expenses": -64307.0,
        "Net Non Operating Interest Income Expense": -173862.0,
        "Total Other Finance Cost": NaN,
        "Interest Expense Non Operating": 186175.0,
        "Interest Income Non Operating": 12313.0,
        "Operating Income": -3897915.0,
        "Operating Expense": 3056814.0,
        "Selling General And Administration": 3056814.0,
        "Selling And Marketing Expense": NaN,
        "General And Administrative Expense": NaN,
        "Other Gand A": NaN,
        "Rent And Landing Fees": NaN,
        "Salaries And Wages": NaN,
        "Gross Profit": -841101.0,
        "Cost Of Revenue": 1768671.0,
        "Total Revenue": 927570.0,
        "Operating Revenue": 927570.0
    }
}