{
    "2023-03-31": {
        "Tax Effect Of Unusual Items": 0.0,
        "Tax Rate For Calcs": 0.246,
        "Normalized EBITDA": -1977185.0,
        "Net Income From Continuing Operation Net Minority Interest": -918255.0,
        "Reconciled Depreciation": 131121.0,
        "Reconciled Cost Of Revenue": 6196223.0,
        "EBITDA": -1977185.0,
        "EBIT": -2108306.0,
        "Normalized Income": -918255.0,
        "Net Income From Continuing And Discontinued Operation": -918255.0,
        "Total Expenses": 10431331.0,
        "Total Operating Income As Reported": -2108306.0,
        "Diluted Average Shares": 72197038.0,
        "Basic Average Shares": 72197038.0,
        "Diluted EPS": -0.01,
        "Basic EPS": -0.01,
        "Diluted NI Availto Com Stockholders": -918255.0,
        "Average Dilution Earnings": 0.0,
        "Net Income Common Stockholders": -918255.0,
        "Net Income": -918255.0,
        "Net Income Including Noncontrolling Interests": -918255.0,
        "Net Income Continuous Operations": -918255.0,
        "Tax Provision": -299422.0,
        "Pretax Income": -1217677.0,
        "Other Income Expense": 890629.0,
        "Other Non Operating Income Expenses": 890629.0,
        "Operating Income": -2108306.0,
        "Operating Expense": 4235108.0,
        "Selling General And Administration": 4235108.0,
        "Gross Profit": 2126802.0,
        "Cost Of Revenue": 6196223.0,
        "Total Revenue": 8323025.0,
        "Operating Revenue": 8323025.0
    },
    "2022-12-31": {
        "Tax Effect Of Unusual Items": 0.0,
        "Tax Rate For Calcs": 0.279982,
        "Normalized EBITDA": -240927.0,
        "Total Unusual Items": 0.0,
        "Total Unusual Items Excluding Goodwill": 0.0,
        "Net Income From Continuing Operation Net Minority Interest": -811794.0,
        "Reconciled Depreciation": 131203.0,
        "Reconciled Cost Of Revenue": 7287159.0,
        "EBITDA": -240927.0,
        "EBIT": -372130.0,
        "Normalized Income": -811794.0,
        "Net Income From Continuing And Discontinued Operation": -811794.0,
        "Total Expenses": 13162835.0,
        "Total Operating Income As Reported": -1804696.0,
        "Diluted Average Shares": NaN,
        "Basic Average Shares": NaN,
        "Diluted EPS": NaN,
        "Basic EPS": NaN,
        "Diluted NI Availto Com Stockholders": -811794.0,
        "Average Dilution Earnings": 0.0,
        "Net Income Common Stockholders": -811794.0,
        "Net Income": -811794.0,
        "Net Income Including Noncontrolling Interests": -811794.0,
        "Net Income Continuous Operations": -811794.0,
        "Tax Provision": -315669.0,
        "Pretax Income": -1127463.0,
        "Other Income Expense": 677233.0,
        "Other Non Operating Income Expenses": 677233.0,
        "Gain On Sale Of Security": 0.0,
        "Operating Income": -1804696.0,
        "Operating Expense": 5875676.0,
        "Selling General And Administration": 5875676.0,
        "Gross Profit": 4070980.0,
        "Cost Of Revenue": 7287159.0,
        "Total Revenue": 11358139.0,
        "Operating Revenue": 11358139.0
    },
    "2022-09-30": {
        "Tax Effect Of Unusual Items": 0.0,
        "Tax Rate For Calcs": 0.234,
        "Normalized EBITDA": 43003236.0,
        "Total Unusual Items": NaN,
        "Total Unusual Items Excluding Goodwill": NaN,
        "Net Income From Continuing Operation Net Minority Interest": 33040588.0,
        "Reconciled Depreciation": 130203.0,
        "Reconciled Cost Of Revenue": 9681956.0,
        "EBITDA": 43003236.0,
        "EBIT": 42873033.0,
        "Normalized Income": 33040588.0,
        "Net Income From Continuing And Discontinued Operation": 33040588.0,
        "Total Expenses": 29338094.0,
        "Total Operating Income As Reported": 42873033.0,
        "Diluted Average Shares": 73259272.0,
        "Basic Average Shares": 73024147.0,
        "Diluted EPS": 0.45,
        "Basic EPS": 0.45,
        "Diluted NI Availto Com Stockholders": 33040588.0,
        "Average Dilution Earnings": 0.0,
        "Net Income Common Stockholders": 33040588.0,
        "Net Income": 33040588.0,
        "Net Income Including Noncontrolling Interests": 33040588.0,
        "Net Income Continuous Operations": 33040588.0,
        "Tax Provision": 10091420.0,
        "Pretax Income": 43132008.0,
        "Other Income Expense": 258975.0,
        "Other Non Operating Income Expenses": 258975.0,
        "Gain On Sale Of Security": NaN,
        "Operating Income": 42873033.0,
        "Operating Expense": 19656138.0,
        "Selling General And Administration": 19656138.0,
        "Gross Profit": 62529171.0,
        "Cost Of Revenue": 9681956.0,
        "Total Revenue": 72211127.0,
        "Operating Revenue": 72211127.0
    },
    "2022-06-30": {
        "Tax Effect Of Unusual Items": 17940.358,
        "Tax Rate For Calcs": 0.362,
        "Normalized EBITDA": 3149863.0,
        "Total Unusual Items": 49559.0,
        "Total Unusual Items Excluding Goodwill": 49559.0,
        "Net Income From Continuing Operation Net Minority Interest": 2037062.0,
        "Reconciled Depreciation": 128711.0,
        "Reconciled Cost Of Revenue": 7722195.0,
        "EBITDA": 3199422.0,
        "EBIT": 3070711.0,
        "Normalized Income": 2005443.358,
        "Net Income From Continuing And Discontinued Operation": 2037062.0,
        "Total Expenses": 13596334.0,
        "Total Operating Income As Reported": 3070711.0,
        "Diluted Average Shares": 73332888.0,
        "Basic Average Shares": 72678333.0,
        "Diluted EPS": 0.03,
        "Basic EPS": 0.03,
        "Diluted NI Availto Com Stockholders": 1987503.0,
        "Average Dilution Earnings": -49559.0,
        "Net Income Common Stockholders": 2037062.0,
        "Net Income": 2037062.0,
        "Net Income Including Noncontrolling Interests": 2037062.0,
        "Net Income Continuous Operations": 2037062.0,
        "Tax Provision": 1155581.0,
        "Pretax Income": 3192643.0,
        "Other Income Expense": 121932.0,
        "Other Non Operating Income Expenses": 72373.0,
        "Gain On Sale Of Security": 49559.0,
        "Operating Income": 3070711.0,
        "Operating Expense": 5874139.0,
        "Selling General And Administration": 5874139.0,
        "Gross Profit": 8944850.0,
        "Cost Of Revenue": 7722195.0,
        "Total Revenue": 16667045.0,
        "Operating Revenue": 16667045.0
    },
    "2022-03-31": {
        "Diluted EPS": -0.01,
        "Total Revenue": 11,
        "Gross Profit": 6,
        "Operating Income": -1,
        "EBIT": -1,
        "Net Income": 0
    },
    "2021-12-31": {
        "Diluted EPS": 0.97,
        "Total Revenue": 115,
        "Gross Profit": 100,
        "Operating Income": 94,
        "EBIT": 94,
        "Net Income": 73
    },
    "2021-09-30": {
        "Diluted EPS": -0.04,
        "Total Revenue": 5,
        "Gross Profit": 5,
        "Operating Income": -3,
        "EBIT": -3,
        "Net Income": -3
    },
    "2021-06-30": {
        "Diluted EPS": 0.0,
        "Total Revenue": 9,
        "Gross Profit": 8,
        "Operating Income": 0,
        "EBIT": 0,
        "Net Income": 0
    },
    "2021-03-31": {
        "Diluted EPS": -0.02,
        "Total Revenue": 5,
        "Gross Profit": 5,
        "Operating Income": -2,
        "EBIT": -2,
        "Net Income": -1
    },
    "2020-12-31": {
        "Diluted EPS": 0.25,
        "Total Revenue": 38,
        "Gross Profit": 33,
        "Operating Income": 27,
        "EBIT": 27,
        "Net Income": 20
    },
    "2020-09-30": {
        "Diluted EPS": 0.31,
        "Total Revenue": 44,
        "Gross Profit": 39,
        "Operating Income": 33,
        "EBIT": 33,
        "Net Income": 24
    },
    "2020-06-30": {
        "Diluted EPS": 0.26,
        "Total Revenue": 40,
        "Gross Profit": 36,
        "Operating Income": 29,
        "EBIT": 29,
        "Net Income": 21
    },
    "2020-03-31": {
        "Diluted EPS": -0.11,
        "Total Revenue": 3,
        "Gross Profit": 3,
        "Operating Income": -4,
        "EBIT": -4,
        "Net Income": -9
    },
    "2019-12-31": {
        "Diluted EPS": -0.05,
        "Total Revenue": 4,
        "Gross Profit": 4,
        "Operating Income": -3,
        "EBIT": -3,
        "Net Income": -5
    },
    "2019-09-30": {
        "Diluted EPS": -0.03,
        "Total Revenue": 8,
        "Gross Profit": 7,
        "Operating Income": 1,
        "EBIT": 1,
        "Net Income": -1
    },
    "2019-06-30": {
        "Diluted EPS": -0.05,
        "Total Revenue": 4,
        "Gross Profit": 4,
        "Operating Income": -2,
        "EBIT": -2,
        "Net Income": -3
    },
    "2019-03-31": {
        "Diluted EPS": -0.02,
        "Total Revenue": 10,
        "Gross Profit": 10,
        "Operating Income": 2,
        "EBIT": 2,
        "Net Income": 2
    },
    "2018-12-31": {
        "Diluted EPS": 0.71,
        "Total Revenue": 2,
        "Gross Profit": 1,
        "Operating Income": -6,
        "EBIT": -6,
        "Net Income": 52
    },
    "2018-09-30": {
        "Diluted EPS": 4.71,
        "Total Revenue": 471,
        "Gross Profit": 376,
        "Operating Income": 369,
        "EBIT": 369,
        "Net Income": 388
    },
    "2018-06-30": {
        "Diluted EPS": -0.09,
        "Total Revenue": 3,
        "Gross Profit": 3,
        "Operating Income": -4,
        "EBIT": -4,
        "Net Income": -7
    },
    "2018-03-31": {
        "Diluted EPS": -0.15,
        "Total Revenue": 2,
        "Gross Profit": 2,
        "Operating Income": -5,
        "EBIT": -5,
        "Net Income": -12
    },
    "2017-12-31": {
        "Diluted EPS": -0.13,
        "Total Revenue": 1,
        "Gross Profit": 1,
        "Operating Income": -5,
        "EBIT": -5,
        "Net Income": -10
    },
    "2017-09-30": {
        "Diluted EPS": -0.12,
        "Total Revenue": 1,
        "Gross Profit": 1,
        "Operating Income": -6,
        "EBIT": -6,
        "Net Income": -10
    },
    "2017-06-30": {
        "Diluted EPS": -0.1,
        "Total Revenue": 4,
        "Gross Profit": 4,
        "Operating Income": -4,
        "EBIT": -4,
        "Net Income": -8
    },
    "2017-03-31": {
        "Diluted EPS": -0.11,
        "Total Revenue": 5,
        "Gross Profit": 5,
        "Operating Income": -4,
        "EBIT": -4,
        "Net Income": -9
    },
    "2016-12-31": {
        "Diluted EPS": -0.15,
        "Total Revenue": 7,
        "Gross Profit": 7,
        "Operating Income": -7,
        "EBIT": -7,
        "Net Income": -10
    },
    "2016-09-30": {
        "Diluted EPS": -0.17,
        "Total Revenue": 5,
        "Gross Profit": 5,
        "Operating Income": -8,
        "EBIT": -8,
        "Net Income": -9
    },
    "2016-06-30": {
        "Diluted EPS": -0.18,
        "Total Revenue": 2,
        "Gross Profit": 2,
        "Operating Income": -9,
        "EBIT": -9,
        "Net Income": -10
    },
    "2016-03-31": {
        "Diluted EPS": -0.19,
        "Total Revenue": 1,
        "Gross Profit": 1,
        "Operating Income": -7,
        "EBIT": -7,
        "Net Income": -10
    },
    "2015-12-31": {
        "Diluted EPS": -0.38,
        "Total Revenue": 4,
        "Gross Profit": 4,
        "Operating Income": -18,
        "EBIT": -18,
        "Net Income": -20
    },
    "2015-09-30": {
        "Diluted EPS": -0.1,
        "Total Revenue": 1,
        "Gross Profit": 1,
        "Operating Income": -4,
        "EBIT": -4,
        "Net Income": -6
    },
    "2015-06-30": {
        "Diluted EPS": -0.12,
        "Total Revenue": 1,
        "Gross Profit": 1,
        "Operating Income": -4,
        "EBIT": -4,
        "Net Income": -7
    },
    "2015-03-31": {
        "Diluted EPS": -0.13,
        "Total Revenue": 1,
        "Gross Profit": 1,
        "Operating Income": -5,
        "EBIT": -5,
        "Net Income": -7
    },
    "2014-12-31": {
        "Diluted EPS": -0.36,
        "Total Revenue": 1,
        "Gross Profit": 1,
        "Operating Income": -18,
        "EBIT": -17,
        "Net Income": -19
    },
    "2014-09-30": {
        "Diluted EPS": -4.49,
        "Total Revenue": 1,
        "Gross Profit": 1,
        "Operating Income": -182,
        "EBIT": -182,
        "Net Income": -240
    },
    "2014-06-30": {
        "Diluted EPS": -0.06,
        "Total Revenue": 1,
        "Gross Profit": 1,
        "Operating Income": -5,
        "EBIT": -5,
        "Net Income": -3
    },
    "2014-03-31": {
        "Diluted EPS": -0.06,
        "Total Revenue": 1,
        "Gross Profit": 1,
        "Operating Income": -6,
        "EBIT": -6,
        "Net Income": -3
    },
    "2013-12-31": {
        "Diluted EPS": -0.09,
        "Total Revenue": 1,
        "Gross Profit": 1,
        "Operating Income": -7,
        "EBIT": -6,
        "Net Income": -4
    },
    "2013-09-30": {
        "Diluted EPS": -0.09,
        "Total Revenue": 2,
        "Gross Profit": 2,
        "Operating Income": -6,
        "EBIT": -5,
        "Net Income": -5
    },
    "2013-06-30": {
        "Diluted EPS": -0.06,
        "Total Revenue": 1,
        "Gross Profit": 1,
        "Operating Income": -6,
        "EBIT": -6,
        "Net Income": -3
    },
    "2013-03-31": {
        "Diluted EPS": -0.09,
        "Total Revenue": 1,
        "Gross Profit": 1,
        "Operating Income": -6,
        "EBIT": -6,
        "Net Income": -5
    },
    "2012-12-31": {
        "Diluted EPS": -0.05,
        "Total Revenue": 3,
        "Gross Profit": 3,
        "Operating Income": -5,
        "EBIT": -5,
        "Net Income": -3
    },
    "2012-09-30": {
        "Diluted EPS": -0.06,
        "Total Revenue": 2,
        "Gross Profit": 2,
        "Operating Income": -5,
        "EBIT": -5,
        "Net Income": -3
    },
    "2012-06-30": {
        "Diluted EPS": -0.07,
        "Total Revenue": 3,
        "Gross Profit": 3,
        "Operating Income": -6,
        "EBIT": -6,
        "Net Income": -4
    },
    "2012-03-31": {
        "Diluted EPS": -0.09,
        "Total Revenue": 1,
        "Gross Profit": 1,
        "Operating Income": -6,
        "EBIT": -5,
        "Net Income": -5
    },
    "2011-12-31": {
        "Diluted EPS": -0.22,
        "Total Revenue": 5,
        "Gross Profit": 5,
        "Operating Income": -8,
        "EBIT": -8,
        "Net Income": 10
    },
    "2011-09-30": {
        "Diluted EPS": 0.0,
        "Total Revenue": 4,
        "Gross Profit": 4,
        "Operating Income": -6,
        "EBIT": -6,
        "Net Income": 0
    },
    "2011-06-30": {
        "Diluted EPS": 0.4,
        "Total Revenue": 2,
        "Gross Profit": 2,
        "Operating Income": -11,
        "EBIT": -11,
        "Net Income": 24
    },
    "2011-03-31": {
        "Diluted EPS": -0.09,
        "Total Revenue": 2,
        "Gross Profit": 2,
        "Operating Income": -6,
        "EBIT": -6,
        "Net Income": -5
    },
    "2010-12-31": {
        "Diluted EPS": -0.79,
        "Total Revenue": 3,
        "Gross Profit": 3,
        "Operating Income": -4,
        "EBIT": -4,
        "Net Income": -36
    },
    "2010-09-30": {
        "Diluted EPS": -0.1,
        "Total Revenue": 7,
        "Gross Profit": 7,
        "Operating Income": -2,
        "EBIT": -2,
        "Net Income": -4
    },
    "2010-06-30": {
        "Diluted EPS": -0.12,
        "Total Revenue": 4,
        "Gross Profit": 4,
        "Operating Income": -3,
        "EBIT": -3,
        "Net Income": -5
    },
    "2010-03-31": {
        "Diluted EPS": -0.11,
        "Total Revenue": 5,
        "Gross Profit": 5,
        "Operating Income": -3,
        "EBIT": -3,
        "Net Income": -5
    },
    "2009-12-31": {
        "Diluted EPS": -0.02,
        "Total Revenue": 4,
        "Gross Profit": 4,
        "Operating Income": -4,
        "EBIT": -4,
        "Net Income": -1
    },
    "2009-09-30": {
        "Diluted EPS": -0.03,
        "Total Revenue": 4,
        "Gross Profit": 4,
        "Operating Income": -3,
        "EBIT": -2,
        "Net Income": -1
    },
    "2009-06-30": {
        "Diluted EPS": -0.28,
        "Total Revenue": 4,
        "Gross Profit": 4,
        "Operating Income": -3,
        "EBIT": -2,
        "Net Income": -10
    },
    "2009-03-31": {
        "Diluted EPS": -0.19,
        "Total Revenue": 2,
        "Gross Profit": 2,
        "Operating Income": -3,
        "EBIT": -3,
        "Net Income": -7
    },
    "2023-06-30": {
        "Tax Effect Of Unusual Items": 0.0,
        "Tax Rate For Calcs": 0.166,
        "Normalized EBITDA": -4504710.0,
        "Net Income From Continuing Operation Net Minority Interest": -2875476.0,
        "Reconciled Depreciation": 133657.0,
        "Reconciled Cost Of Revenue": 6090574.0,
        "EBITDA": -4504710.0,
        "EBIT": -4638367.0,
        "Normalized Income": -2875476.0,
        "Net Income From Continuing And Discontinued Operation": -2875476.0,
        "Total Expenses": 10516533.0,
        "Total Operating Income As Reported": -4638367.0,
        "Diluted Average Shares": 71090642.0,
        "Basic Average Shares": 71090642.0,
        "Diluted EPS": -0.04,
        "Basic EPS": -0.04,
        "Diluted NI Availto Com Stockholders": -2875476.0,
        "Average Dilution Earnings": 0.0,
        "Net Income Common Stockholders": -2875476.0,
        "Net Income": -2875476.0,
        "Net Income Including Noncontrolling Interests": -2875476.0,
        "Net Income Continuous Operations": -2875476.0,
        "Tax Provision": -572186.0,
        "Pretax Income": -3447662.0,
        "Other Income Expense": 1190705.0,
        "Other Non Operating Income Expenses": 1190705.0,
        "Operating Income": -4638367.0,
        "Operating Expense": 4425959.0,
        "Selling General And Administration": 4425959.0,
        "Gross Profit": -212408.0,
        "Cost Of Revenue": 6090574.0,
        "Total Revenue": 5878166.0,
        "Operating Revenue": 5878166.0
    },
    "2023-09-30": {
        "Tax Effect Of Unusual Items": 0.0,
        "Tax Rate For Calcs": 0.078,
        "Normalized EBITDA": -1173320.0,
        "Net Income From Continuing Operation Net Minority Interest": -393066.0,
        "Reconciled Depreciation": 135924.0,
        "Reconciled Cost Of Revenue": 4544654.0,
        "EBITDA": -1173320.0,
        "EBIT": -1309244.0,
        "Normalized Income": -393066.0,
        "Net Income From Continuing And Discontinued Operation": -393066.0,
        "Total Expenses": 10544415.0,
        "Total Operating Income As Reported": -1309244.0,
        "Diluted Average Shares": 71084735.0,
        "Basic Average Shares": 71084735.0,
        "Diluted EPS": -0.01,
        "Basic EPS": -0.01,
        "Diluted NI Availto Com Stockholders": -393066.0,
        "Average Dilution Earnings": NaN,
        "Net Income Common Stockholders": -393066.0,
        "Net Income": -393066.0,
        "Net Income Including Noncontrolling Interests": -393066.0,
        "Net Income Continuous Operations": -393066.0,
        "Tax Provision": -33030.0,
        "Pretax Income": -426096.0,
        "Other Income Expense": 883148.0,
        "Other Non Operating Income Expenses": 883148.0,
        "Operating Income": -1309244.0,
        "Operating Expense": 5999761.0,
        "Selling General And Administration": 5999761.0,
        "Gross Profit": 4690517.0,
        "Cost Of Revenue": 4544654.0,
        "Total Revenue": 9235171.0,
        "Operating Revenue": 9235171.0
    },
    "2023-12-31": {
        "Tax Effect Of Unusual Items": 0.0,
        "Tax Rate For Calcs": 0.221954,
        "Normalized EBITDA": 91814675.0,
        "Net Income From Continuing Operation Net Minority Interest": 72255625.0,
        "Reconciled Depreciation": 137591.0,
        "Reconciled Cost Of Revenue": 17421580.0,
        "EBITDA": 91814675.0,
        "EBIT": 91677084.0,
        "Normalized Income": 72255625.0,
        "Net Income From Continuing And Discontinued Operation": 72255625.0,
        "Total Expenses": 24803775.0,
        "Total Operating Income As Reported": 91677084.0,
        "Diluted Average Shares": NaN,
        "Basic Average Shares": NaN,
        "Diluted EPS": NaN,
        "Basic EPS": NaN,
        "Diluted NI Availto Com Stockholders": 72255625.0,
        "Average Dilution Earnings": NaN,
        "Net Income Common Stockholders": 72255625.0,
        "Net Income": 72255625.0,
        "Net Income Including Noncontrolling Interests": 72255625.0,
        "Net Income Continuous Operations": 72255625.0,
        "Tax Provision": 20612485.0,
        "Pretax Income": 92868110.0,
        "Other Income Expense": 1191026.0,
        "Other Non Operating Income Expenses": 1191026.0,
        "Operating Income": 91677084.0,
        "Operating Expense": 7382195.0,
        "Selling General And Administration": 7382195.0,
        "Gross Profit": 99059279.0,
        "Cost Of Revenue": 17421580.0,
        "Total Revenue": 116480859.0,
        "Operating Revenue": 116480859.0
    }
}