{
    "2023-03-31": {
        "Tax Effect Of Unusual Items": 0.0,
        "Tax Rate For Calcs": 0.0,
        "Normalized EBITDA": -3173000.0,
        "Total Unusual Items": 3220000.0,
        "Total Unusual Items Excluding Goodwill": 3220000.0,
        "Net Income From Continuing Operation Net Minority Interest": -293000.0,
        "Reconciled Depreciation": 338000.0,
        "Reconciled Cost Of Revenue": 118000.0,
        "EBITDA": 47000.0,
        "EBIT": -291000.0,
        "Net Interest Income": 36000.0,
        "Interest Expense": 2000.0,
        "Interest Income": 38000.0,
        "Normalized Income": -3513000.0,
        "Net Income From Continuing And Discontinued Operation": -293000.0,
        "Total Expenses": 3797000.0,
        "Total Operating Income As Reported": -3557000.0,
        "Diluted Average Shares": 2558059.0,
        "Basic Average Shares": 2272992.0,
        "Diluted EPS": -1.74,
        "Basic EPS": -0.13,
        "Diluted NI Availto Com Stockholders": -4442000.0,
        "Average Dilution Earnings": -4149000.0,
        "Net Income Common Stockholders": -293000.0,
        "Otherunder Preferred Stock Dividend": NaN,
        "Preferred Stock Dividends": NaN,
        "Net Income": -293000.0,
        "Net Income Including Noncontrolling Interests": -293000.0,
        "Net Income Continuous Operations": -293000.0,
        "Tax Provision": 0.0,
        "Pretax Income": -293000.0,
        "Other Income Expense": 3228000.0,
        "Other Non Operating Income Expenses": 8000.0,
        "Special Income Charges": NaN,
        "Gain On Sale Of Ppe": NaN,
        "Gain On Sale Of Security": 3220000.0,
        "Net Non Operating Interest Income Expense": 36000.0,
        "Interest Expense Non Operating": 2000.0,
        "Interest Income Non Operating": 38000.0,
        "Operating Income": -3557000.0,
        "Operating Expense": 3679000.0,
        "Other Operating Expenses": NaN,
        "Research And Development": 2200000.0,
        "Selling General And Administration": 1479000.0,
        "Selling And Marketing Expense": 310000.0,
        "General And Administrative Expense": 1169000.0,
        "Other Gand A": 1169000.0,
        "Gross Profit": 122000.0,
        "Cost Of Revenue": 118000.0,
        "Total Revenue": 240000.0,
        "Operating Revenue": 240000.0
    },
    "2022-12-31": {
        "Tax Effect Of Unusual Items": NaN,
        "Tax Rate For Calcs": NaN,
        "Normalized EBITDA": NaN,
        "Total Unusual Items": NaN,
        "Total Unusual Items Excluding Goodwill": NaN,
        "Net Income From Continuing Operation Net Minority Interest": NaN,
        "Reconciled Depreciation": NaN,
        "Reconciled Cost Of Revenue": NaN,
        "EBITDA": NaN,
        "EBIT": NaN,
        "Net Interest Income": NaN,
        "Interest Expense": NaN,
        "Interest Income": NaN,
        "Normalized Income": NaN,
        "Net Income From Continuing And Discontinued Operation": NaN,
        "Total Expenses": NaN,
        "Total Operating Income As Reported": NaN,
        "Diluted Average Shares": NaN,
        "Basic Average Shares": NaN,
        "Diluted EPS": NaN,
        "Basic EPS": NaN,
        "Diluted NI Availto Com Stockholders": NaN,
        "Average Dilution Earnings": -2599000.0,
        "Net Income Common Stockholders": NaN,
        "Otherunder Preferred Stock Dividend": 4450000.0,
        "Preferred Stock Dividends": NaN,
        "Net Income": NaN,
        "Net Income Including Noncontrolling Interests": NaN,
        "Net Income Continuous Operations": NaN,
        "Tax Provision": NaN,
        "Pretax Income": NaN,
        "Other Income Expense": NaN,
        "Other Non Operating Income Expenses": 212000.0,
        "Special Income Charges": 0.0,
        "Gain On Sale Of Ppe": 0.0,
        "Gain On Sale Of Security": NaN,
        "Net Non Operating Interest Income Expense": NaN,
        "Interest Expense Non Operating": NaN,
        "Interest Income Non Operating": NaN,
        "Operating Income": NaN,
        "Operating Expense": NaN,
        "Other Operating Expenses": -86000.0,
        "Research And Development": NaN,
        "Selling General And Administration": NaN,
        "Selling And Marketing Expense": NaN,
        "General And Administrative Expense": NaN,
        "Other Gand A": NaN,
        "Gross Profit": NaN,
        "Cost Of Revenue": NaN,
        "Total Revenue": NaN,
        "Operating Revenue": NaN
    },
    "2022-09-30": {
        "Tax Effect Of Unusual Items": NaN,
        "Tax Rate For Calcs": NaN,
        "Normalized EBITDA": NaN,
        "Total Unusual Items": NaN,
        "Total Unusual Items Excluding Goodwill": NaN,
        "Net Income From Continuing Operation Net Minority Interest": NaN,
        "Reconciled Depreciation": NaN,
        "Reconciled Cost Of Revenue": NaN,
        "EBITDA": NaN,
        "EBIT": NaN,
        "Net Interest Income": NaN,
        "Interest Expense": NaN,
        "Interest Income": NaN,
        "Normalized Income": NaN,
        "Net Income From Continuing And Discontinued Operation": NaN,
        "Total Expenses": NaN,
        "Total Operating Income As Reported": NaN,
        "Diluted Average Shares": 250870.0,
        "Basic Average Shares": 247248.0,
        "Diluted EPS": -11.1,
        "Basic EPS": -11.02,
        "Diluted NI Availto Com Stockholders": NaN,
        "Average Dilution Earnings": NaN,
        "Net Income Common Stockholders": NaN,
        "Otherunder Preferred Stock Dividend": 0.0,
        "Preferred Stock Dividends": NaN,
        "Net Income": NaN,
        "Net Income Including Noncontrolling Interests": NaN,
        "Net Income Continuous Operations": NaN,
        "Tax Provision": NaN,
        "Pretax Income": NaN,
        "Other Income Expense": NaN,
        "Other Non Operating Income Expenses": NaN,
        "Special Income Charges": 0.0,
        "Gain On Sale Of Ppe": 0.0,
        "Gain On Sale Of Security": NaN,
        "Net Non Operating Interest Income Expense": NaN,
        "Interest Expense Non Operating": NaN,
        "Interest Income Non Operating": NaN,
        "Operating Income": NaN,
        "Operating Expense": NaN,
        "Other Operating Expenses": NaN,
        "Research And Development": NaN,
        "Selling General And Administration": NaN,
        "Selling And Marketing Expense": NaN,
        "General And Administrative Expense": NaN,
        "Other Gand A": NaN,
        "Gross Profit": NaN,
        "Cost Of Revenue": NaN,
        "Total Revenue": NaN,
        "Operating Revenue": NaN
    },
    "2022-06-30": {
        "Tax Effect Of Unusual Items": 0.0,
        "Tax Rate For Calcs": 0.0,
        "Normalized EBITDA": -2416000.0,
        "Total Unusual Items": 107000.0,
        "Total Unusual Items Excluding Goodwill": 107000.0,
        "Net Income From Continuing Operation Net Minority Interest": -2512000.0,
        "Reconciled Depreciation": 203000.0,
        "Reconciled Cost Of Revenue": 66000.0,
        "EBITDA": -2309000.0,
        "EBIT": -2512000.0,
        "Net Interest Income": 2000.0,
        "Interest Expense": 0.0,
        "Interest Income": 2000.0,
        "Normalized Income": -2619000.0,
        "Net Income From Continuing And Discontinued Operation": -2512000.0,
        "Total Expenses": 2863000.0,
        "Total Operating Income As Reported": -2783000.0,
        "Diluted Average Shares": 250787.0,
        "Basic Average Shares": 247166.0,
        "Diluted EPS": -10.45,
        "Basic EPS": -10.16,
        "Diluted NI Availto Com Stockholders": -2512000.0,
        "Average Dilution Earnings": NaN,
        "Net Income Common Stockholders": -2512000.0,
        "Otherunder Preferred Stock Dividend": 0.0,
        "Net Income": -2512000.0,
        "Net Income Including Noncontrolling Interests": -2512000.0,
        "Net Income Continuous Operations": -2512000.0,
        "Tax Provision": 0.0,
        "Pretax Income": -2512000.0,
        "Other Income Expense": 269000.0,
        "Other Non Operating Income Expenses": 162000.0,
        "Special Income Charges": -1000.0,
        "Gain On Sale Of Ppe": -1000.0,
        "Gain On Sale Of Security": 108000.0,
        "Net Non Operating Interest Income Expense": 2000.0,
        "Interest Expense Non Operating": 0.0,
        "Interest Income Non Operating": 2000.0,
        "Operating Income": -2783000.0,
        "Operating Expense": 2797000.0,
        "Other Operating Expenses": -10000.0,
        "Research And Development": 1476000.0,
        "Selling General And Administration": 1331000.0,
        "Selling And Marketing Expense": 338000.0,
        "General And Administrative Expense": 993000.0,
        "Other Gand A": 993000.0,
        "Gross Profit": 14000.0,
        "Cost Of Revenue": 66000.0,
        "Total Revenue": 80000.0,
        "Operating Revenue": 80000.0
    },
    "2022-03-31": {
        "Diluted EPS": -11.51,
        "Total Revenue": 0,
        "Gross Profit": 0,
        "Operating Income": -3,
        "EBIT": -3,
        "Net Income": -3
    },
    "2021-12-31": {
        "Diluted EPS": -8.91,
        "Total Revenue": 0,
        "Gross Profit": 0,
        "Operating Income": -3,
        "EBIT": -2,
        "Net Income": -2
    },
    "2021-09-30": {
        "Diluted EPS": -11.0,
        "Total Revenue": 0,
        "Gross Profit": 0,
        "Operating Income": -3,
        "EBIT": -3,
        "Net Income": -2
    },
    "2021-06-30": {
        "Diluted EPS": -9.0,
        "Total Revenue": 0,
        "Gross Profit": 0,
        "Operating Income": -2,
        "EBIT": -2,
        "Net Income": -2
    },
    "2021-03-31": {
        "Diluted EPS": -11.0,
        "Total Revenue": 0,
        "Gross Profit": 0,
        "Operating Income": -3,
        "EBIT": -3,
        "Net Income": -3
    },
    "2020-12-31": {
        "Diluted EPS": 91.0,
        "Total Revenue": 0,
        "Gross Profit": 0,
        "Operating Income": -2,
        "EBIT": -2,
        "Net Income": -2
    },
    "2020-09-30": {
        "Diluted EPS": -11.0,
        "Total Revenue": 0,
        "Gross Profit": 0,
        "Operating Income": -2,
        "EBIT": -2,
        "Net Income": -3
    },
    "2020-06-30": {
        "Diluted EPS": -35.0,
        "Total Revenue": 0,
        "Gross Profit": 0,
        "Operating Income": -2,
        "EBIT": -2,
        "Net Income": -4
    },
    "2020-03-31": {
        "Diluted EPS": -153.0,
        "Total Revenue": 0,
        "Gross Profit": 0,
        "Operating Income": -2,
        "EBIT": -2,
        "Net Income": -8
    },
    "2019-12-31": {
        "Diluted EPS": 145.0,
        "Total Revenue": 0,
        "Gross Profit": 0,
        "Operating Income": -2,
        "EBIT": -2,
        "Net Income": -1
    },
    "2019-09-30": {
        "Diluted EPS": -91.0,
        "Total Revenue": 0,
        "Gross Profit": 0,
        "Operating Income": -2,
        "EBIT": -2,
        "Net Income": -2
    },
    "2019-06-30": {
        "Diluted EPS": -399.0,
        "Total Revenue": 0,
        "Gross Profit": 0,
        "Operating Income": -2,
        "EBIT": -1,
        "Net Income": -3
    },
    "2019-03-31": {
        "Diluted EPS": -224.0,
        "Total Revenue": 0,
        "Gross Profit": 0,
        "Operating Income": -2,
        "EBIT": -2,
        "Net Income": -2
    },
    "2018-12-31": {
        "Diluted EPS": NaN,
        "Total Revenue": NaN,
        "Gross Profit": NaN,
        "Operating Income": -2,
        "EBIT": -2,
        "Net Income": 0
    },
    "2018-09-30": {
        "Diluted EPS": NaN,
        "Total Revenue": NaN,
        "Gross Profit": NaN,
        "Operating Income": -7,
        "EBIT": -7,
        "Net Income": -10
    },
    "2018-06-30": {
        "Diluted EPS": NaN,
        "Total Revenue": NaN,
        "Gross Profit": NaN,
        "Operating Income": -2,
        "EBIT": -2,
        "Net Income": -10
    },
    "2018-03-31": {
        "Diluted EPS": NaN,
        "Total Revenue": NaN,
        "Gross Profit": NaN,
        "Operating Income": -2,
        "EBIT": -2,
        "Net Income": -3
    },
    "2017-12-31": {
        "Diluted EPS": 0.0,
        "Total Revenue": NaN,
        "Gross Profit": NaN,
        "Operating Income": 4,
        "EBIT": 4,
        "Net Income": -5
    },
    "2017-09-30": {
        "Diluted EPS": NaN,
        "Total Revenue": NaN,
        "Gross Profit": NaN,
        "Operating Income": -2,
        "EBIT": -3,
        "Net Income": -2
    },
    "2017-06-30": {
        "Diluted EPS": NaN,
        "Total Revenue": 3,
        "Gross Profit": 2,
        "Operating Income": -2,
        "EBIT": -1,
        "Net Income": -2
    },
    "2017-03-31": {
        "Diluted EPS": -540.54,
        "Total Revenue": 3,
        "Gross Profit": 2,
        "Operating Income": -2,
        "EBIT": -2,
        "Net Income": -1
    },
    "2016-12-31": {
        "Diluted EPS": NaN,
        "Total Revenue": 4,
        "Gross Profit": 3,
        "Operating Income": -3,
        "EBIT": -3,
        "Net Income": -1
    },
    "2016-09-30": {
        "Diluted EPS": NaN,
        "Total Revenue": 3,
        "Gross Profit": 3,
        "Operating Income": -3,
        "EBIT": -3,
        "Net Income": -11
    },
    "2016-06-30": {
        "Diluted EPS": NaN,
        "Total Revenue": 4,
        "Gross Profit": 3,
        "Operating Income": -3,
        "EBIT": -2,
        "Net Income": -5
    },
    "2016-03-31": {
        "Diluted EPS": NaN,
        "Total Revenue": 4,
        "Gross Profit": 3,
        "Operating Income": -2,
        "EBIT": -2,
        "Net Income": -3
    },
    "2015-12-31": {
        "Diluted EPS": NaN,
        "Total Revenue": 5,
        "Gross Profit": 3,
        "Operating Income": -3,
        "EBIT": -2,
        "Net Income": -2
    },
    "2015-09-30": {
        "Diluted EPS": NaN,
        "Total Revenue": 5,
        "Gross Profit": 3,
        "Operating Income": -3,
        "EBIT": -2,
        "Net Income": -10
    },
    "2015-06-30": {
        "Diluted EPS": NaN,
        "Total Revenue": 5,
        "Gross Profit": 3,
        "Operating Income": -3,
        "EBIT": -2,
        "Net Income": -6
    },
    "2015-03-31": {
        "Diluted EPS": NaN,
        "Total Revenue": 5,
        "Gross Profit": 3,
        "Operating Income": -4,
        "EBIT": -3,
        "Net Income": -5
    },
    "2014-12-31": {
        "Diluted EPS": NaN,
        "Total Revenue": 5,
        "Gross Profit": 2,
        "Operating Income": -4,
        "EBIT": -3,
        "Net Income": -10
    },
    "2014-09-30": {
        "Diluted EPS": -0.39,
        "Total Revenue": 6,
        "Gross Profit": 4,
        "Operating Income": -6,
        "EBIT": -5,
        "Net Income": -5
    },
    "2014-06-30": {
        "Diluted EPS": -1.07,
        "Total Revenue": 6,
        "Gross Profit": 4,
        "Operating Income": -11,
        "EBIT": -10,
        "Net Income": -13
    },
    "2014-03-31": {
        "Diluted EPS": -0.79,
        "Total Revenue": 6,
        "Gross Profit": 4,
        "Operating Income": -4,
        "EBIT": -3,
        "Net Income": -5
    },
    "2013-12-31": {
        "Diluted EPS": NaN,
        "Total Revenue": 6,
        "Gross Profit": 4,
        "Operating Income": -3,
        "EBIT": -2,
        "Net Income": 1
    },
    "2013-09-30": {
        "Diluted EPS": -4.11,
        "Total Revenue": 5,
        "Gross Profit": 4,
        "Operating Income": -2,
        "EBIT": -1,
        "Net Income": -2
    },
    "2013-06-30": {
        "Diluted EPS": -5.75,
        "Total Revenue": 6,
        "Gross Profit": 5,
        "Operating Income": -3,
        "EBIT": -2,
        "Net Income": -3
    },
    "2013-03-31": {
        "Diluted EPS": -8.45,
        "Total Revenue": 5,
        "Gross Profit": 3,
        "Operating Income": -3,
        "EBIT": -2,
        "Net Income": -4
    },
    "2012-12-31": {
        "Diluted EPS": 0.0,
        "Total Revenue": NaN,
        "Gross Profit": NaN,
        "Operating Income": NaN,
        "EBIT": NaN,
        "Net Income": NaN
    },
    "2011-12-31": {
        "Diluted EPS": 0.0,
        "Total Revenue": NaN,
        "Gross Profit": NaN,
        "Operating Income": NaN,
        "EBIT": NaN,
        "Net Income": NaN
    },
    "2023-06-30": {
        "Tax Effect Of Unusual Items": 0.0,
        "Tax Rate For Calcs": 0.0,
        "Normalized EBITDA": -3012000.0,
        "Total Unusual Items": 965000.0,
        "Total Unusual Items Excluding Goodwill": 965000.0,
        "Net Income From Continuing Operation Net Minority Interest": -2455000.0,
        "Reconciled Depreciation": 408000.0,
        "Reconciled Cost Of Revenue": 104000.0,
        "EBITDA": -2047000.0,
        "EBIT": -2455000.0,
        "Net Interest Income": 47000.0,
        "Interest Expense": 0.0,
        "Interest Income": 47000.0,
        "Normalized Income": -3420000.0,
        "Net Income From Continuing And Discontinued Operation": -2455000.0,
        "Total Expenses": 3699000.0,
        "Total Operating Income As Reported": -3464000.0,
        "Diluted Average Shares": 4436613.0,
        "Basic Average Shares": 4070195.0,
        "Diluted EPS": -0.78,
        "Basic EPS": -0.61,
        "Diluted NI Availto Com Stockholders": -2481000.0,
        "Average Dilution Earnings": NaN,
        "Net Income Common Stockholders": -2481000.0,
        "Otherunder Preferred Stock Dividend": 26000.0,
        "Preferred Stock Dividends": NaN,
        "Net Income": -2455000.0,
        "Net Income Including Noncontrolling Interests": -2455000.0,
        "Net Income Continuous Operations": -2455000.0,
        "Tax Provision": 0.0,
        "Pretax Income": -2455000.0,
        "Other Income Expense": 962000.0,
        "Other Non Operating Income Expenses": -3000.0,
        "Special Income Charges": 0.0,
        "Gain On Sale Of Ppe": 0.0,
        "Gain On Sale Of Security": 965000.0,
        "Net Non Operating Interest Income Expense": 47000.0,
        "Interest Expense Non Operating": 0.0,
        "Interest Income Non Operating": 47000.0,
        "Operating Income": -3464000.0,
        "Operating Expense": 3595000.0,
        "Other Operating Expenses": -29000.0,
        "Research And Development": 2148000.0,
        "Selling General And Administration": 1476000.0,
        "Selling And Marketing Expense": 308000.0,
        "General And Administrative Expense": 1168000.0,
        "Other Gand A": 1168000.0,
        "Gross Profit": 131000.0,
        "Cost Of Revenue": 104000.0,
        "Total Revenue": 235000.0,
        "Operating Revenue": 235000.0
    },
    "2023-09-30": {
        "Tax Effect Of Unusual Items": 0.0,
        "Tax Rate For Calcs": 0.0,
        "Normalized EBITDA": -3118000.0,
        "Total Unusual Items": 391000.0,
        "Total Unusual Items Excluding Goodwill": 391000.0,
        "Net Income From Continuing Operation Net Minority Interest": -3190000.0,
        "Reconciled Depreciation": 463000.0,
        "Reconciled Cost Of Revenue": 117000.0,
        "EBITDA": -2727000.0,
        "EBIT": -3190000.0,
        "Net Interest Income": 33000.0,
        "Interest Expense": 0.0,
        "Interest Income": 33000.0,
        "Normalized Income": -3581000.0,
        "Net Income From Continuing And Discontinued Operation": -3190000.0,
        "Total Expenses": 3782000.0,
        "Total Operating Income As Reported": -3614000.0,
        "Diluted Average Shares": 4399269.0,
        "Basic Average Shares": 4208069.0,
        "Diluted EPS": -0.81,
        "Basic EPS": -0.76,
        "Diluted NI Availto Com Stockholders": -3546000.0,
        "Average Dilution Earnings": -356000.0,
        "Net Income Common Stockholders": -3190000.0,
        "Otherunder Preferred Stock Dividend": NaN,
        "Preferred Stock Dividends": NaN,
        "Net Income": -3190000.0,
        "Net Income Including Noncontrolling Interests": -3190000.0,
        "Net Income Continuous Operations": -3190000.0,
        "Tax Provision": 0.0,
        "Pretax Income": -3190000.0,
        "Other Income Expense": 391000.0,
        "Other Non Operating Income Expenses": NaN,
        "Special Income Charges": 17000.0,
        "Gain On Sale Of Ppe": 17000.0,
        "Gain On Sale Of Security": 374000.0,
        "Net Non Operating Interest Income Expense": 33000.0,
        "Interest Expense Non Operating": 0.0,
        "Interest Income Non Operating": 33000.0,
        "Operating Income": -3614000.0,
        "Operating Expense": 3665000.0,
        "Other Operating Expenses": -109000.0,
        "Research And Development": 2525000.0,
        "Selling General And Administration": 1249000.0,
        "Selling And Marketing Expense": 259000.0,
        "General And Administrative Expense": 990000.0,
        "Other Gand A": 990000.0,
        "Gross Profit": 51000.0,
        "Cost Of Revenue": 117000.0,
        "Total Revenue": 168000.0,
        "Operating Revenue": 168000.0
    },
    "2023-12-31": {
        "Tax Effect Of Unusual Items": 0.0,
        "Tax Rate For Calcs": 0.0,
        "Normalized EBITDA": -2247000.0,
        "Total Unusual Items": 374000.0,
        "Total Unusual Items Excluding Goodwill": 374000.0,
        "Net Income From Continuing Operation Net Minority Interest": -2321000.0,
        "Reconciled Depreciation": 448000.0,
        "Reconciled Cost Of Revenue": 445000.0,
        "EBITDA": -1873000.0,
        "EBIT": -2321000.0,
        "Net Interest Income": 18000.0,
        "Interest Expense": 0.0,
        "Interest Income": 18000.0,
        "Normalized Income": -2695000.0,
        "Net Income From Continuing And Discontinued Operation": -2321000.0,
        "Total Expenses": 3306000.0,
        "Total Operating Income As Reported": -2723000.0,
        "Diluted Average Shares": NaN,
        "Basic Average Shares": NaN,
        "Diluted EPS": NaN,
        "Basic EPS": NaN,
        "Diluted NI Availto Com Stockholders": -2890000.0,
        "Average Dilution Earnings": -569000.0,
        "Net Income Common Stockholders": -2321000.0,
        "Otherunder Preferred Stock Dividend": NaN,
        "Preferred Stock Dividends": 0.0,
        "Net Income": -2321000.0,
        "Net Income Including Noncontrolling Interests": -2321000.0,
        "Net Income Continuous Operations": -2321000.0,
        "Tax Provision": 0.0,
        "Pretax Income": -2321000.0,
        "Other Income Expense": 384000.0,
        "Other Non Operating Income Expenses": 10000.0,
        "Special Income Charges": 0.0,
        "Gain On Sale Of Ppe": 0.0,
        "Gain On Sale Of Security": 374000.0,
        "Net Non Operating Interest Income Expense": 18000.0,
        "Interest Expense Non Operating": 0.0,
        "Interest Income Non Operating": 18000.0,
        "Operating Income": -2723000.0,
        "Operating Expense": 2861000.0,
        "Other Operating Expenses": -132000.0,
        "Research And Development": 1824000.0,
        "Selling General And Administration": 1169000.0,
        "Selling And Marketing Expense": 260000.0,
        "General And Administrative Expense": 909000.0,
        "Other Gand A": 909000.0,
        "Gross Profit": 138000.0,
        "Cost Of Revenue": 445000.0,
        "Total Revenue": 583000.0,
        "Operating Revenue": 583000.0
    },
    "2024-03-31": {
        "Tax Effect Of Unusual Items": 0.0,
        "Tax Rate For Calcs": 0.0,
        "Normalized EBITDA": -2752000.0,
        "Total Unusual Items": 2288000.0,
        "Total Unusual Items Excluding Goodwill": 2288000.0,
        "Net Income From Continuing Operation Net Minority Interest": -886000.0,
        "Reconciled Depreciation": 420000.0,
        "Reconciled Cost Of Revenue": 223000.0,
        "EBITDA": -464000.0,
        "EBIT": -884000.0,
        "Net Interest Income": 17000.0,
        "Interest Expense": 2000.0,
        "Interest Income": 19000.0,
        "Normalized Income": -3174000.0,
        "Net Income From Continuing And Discontinued Operation": -886000.0,
        "Total Expenses": 3506000.0,
        "Total Operating Income As Reported": -3197000.0,
        "Diluted Average Shares": 34460877.0,
        "Basic Average Shares": 17262895.0,
        "Diluted EPS": -0.11,
        "Basic EPS": -0.05,
        "Diluted NI Availto Com Stockholders": -3732000.0,
        "Average Dilution Earnings": -2846000.0,
        "Net Income Common Stockholders": -886000.0,
        "Otherunder Preferred Stock Dividend": NaN,
        "Preferred Stock Dividends": NaN,
        "Net Income": -886000.0,
        "Net Income Including Noncontrolling Interests": -886000.0,
        "Net Income Continuous Operations": -886000.0,
        "Tax Provision": 0.0,
        "Pretax Income": -886000.0,
        "Other Income Expense": 2294000.0,
        "Other Non Operating Income Expenses": 6000.0,
        "Special Income Charges": NaN,
        "Gain On Sale Of Ppe": NaN,
        "Gain On Sale Of Security": 2288000.0,
        "Net Non Operating Interest Income Expense": 17000.0,
        "Interest Expense Non Operating": 2000.0,
        "Interest Income Non Operating": 19000.0,
        "Operating Income": -3197000.0,
        "Operating Expense": 3283000.0,
        "Other Operating Expenses": -105000.0,
        "Research And Development": 2019000.0,
        "Selling General And Administration": 1369000.0,
        "Selling And Marketing Expense": 246000.0,
        "General And Administrative Expense": 1123000.0,
        "Other Gand A": 1123000.0,
        "Gross Profit": 86000.0,
        "Cost Of Revenue": 223000.0,
        "Total Revenue": 309000.0,
        "Operating Revenue": 309000.0
    }
}