{
    "2023-04-30": {
        "Tax Effect Of Unusual Items": -117541500.0,
        "Tax Rate For Calcs": 0.115,
        "Normalized EBITDA": 476500000.0,
        "Total Unusual Items": -1022100000.0,
        "Total Unusual Items Excluding Goodwill": -1022100000.0,
        "Net Income From Continuing Operation Net Minority Interest": -600700000.0,
        "Reconciled Depreciation": 97700000.0,
        "Reconciled Cost Of Revenue": 1384800000.0,
        "EBIT": -643300000.0,
        "Net Interest Income": -35300000.0,
        "Interest Expense": 35300000.0,
        "Normalized Income": 303858500.0,
        "Net Income From Continuing And Discontinued Operation": -600700000.0,
        "Total Expenses": 1846200000.0,
        "Total Operating Income As Reported": -633500000.0,
        "Diluted Average Shares": 105400000.0,
        "Basic Average Shares": 105400000.0,
        "Diluted EPS": -5.69,
        "Basic EPS": -5.69,
        "Diluted NI Availto Com Stockholders": -600700000.0,
        "Net Income Common Stockholders": -600700000.0,
        "Otherunder Preferred Stock Dividend": -800000.0,
        "Net Income": -600700000.0,
        "Net Income Including Noncontrolling Interests": -600700000.0,
        "Net Income Continuous Operations": -600700000.0,
        "Tax Provision": -77900000.0,
        "Pretax Income": -678600000.0,
        "Other Income Expense": -1031900000.0,
        "Other Non Operating Income Expenses": -9800000.0,
        "Special Income Charges": -1022100000.0,
        "Gain On Sale Of Business": -1020100000.0,
        "Impairment Of Capital Assets": 0.0,
        "Restructuring And Mergern Acquisition": 2000000.0,
        "Net Non Operating Interest Income Expense": -35300000.0,
        "Interest Expense Non Operating": 35300000.0,
        "Operating Income": 388600000.0,
        "Operating Expense": 403800000.0,
        "Other Operating Expenses": -12300000.0,
        "Depreciation Amortization Depletion Income Statement": 40100000.0,
        "Depreciation And Amortization In Income Statement": 40100000.0,
        "Amortization": 40100000.0,
        "Amortization Of Intangibles Income Statement": 40100000.0,
        "Selling General And Administration": 376000000.0,
        "Selling And Marketing Expense": 244600000.0,
        "General And Administrative Expense": 131400000.0,
        "Other Gand A": 131400000.0,
        "Gross Profit": 792400000.0,
        "Cost Of Revenue": 1442400000.0,
        "Total Revenue": 2234800000.0,
        "Operating Revenue": 2234800000.0
    },
    "2023-01-31": {
        "Tax Effect Of Unusual Items": -145800.0,
        "Tax Rate For Calcs": 0.243,
        "Normalized EBITDA": 429300000.0,
        "Total Unusual Items": -600000.0,
        "Total Unusual Items Excluding Goodwill": -600000.0,
        "Net Income From Continuing Operation Net Minority Interest": 208500000.0,
        "Reconciled Depreciation": 115400000.0,
        "Reconciled Cost Of Revenue": 1400700000.0,
        "EBIT": 313300000.0,
        "Net Interest Income": -37900000.0,
        "Interest Expense": 37900000.0,
        "Normalized Income": 208954200.0,
        "Net Income From Continuing And Discontinued Operation": 208500000.0,
        "Total Expenses": 1897800000.0,
        "Total Operating Income As Reported": 317900000.0,
        "Diluted Average Shares": 106600000.0,
        "Basic Average Shares": 106500000.0,
        "Diluted EPS": 1.95,
        "Basic EPS": 1.96,
        "Diluted NI Availto Com Stockholders": 208500000.0,
        "Net Income Common Stockholders": 208500000.0,
        "Otherunder Preferred Stock Dividend": 200000.0,
        "Net Income": 208500000.0,
        "Net Income Including Noncontrolling Interests": 208500000.0,
        "Net Income Continuous Operations": 208500000.0,
        "Tax Provision": 66900000.0,
        "Pretax Income": 275400000.0,
        "Other Income Expense": -5200000.0,
        "Other Non Operating Income Expenses": -4600000.0,
        "Special Income Charges": -600000.0,
        "Gain On Sale Of Business": NaN,
        "Impairment Of Capital Assets": 0.0,
        "Restructuring And Mergern Acquisition": 600000.0,
        "Net Non Operating Interest Income Expense": -37900000.0,
        "Interest Expense Non Operating": 37900000.0,
        "Operating Income": 318500000.0,
        "Operating Expense": 437300000.0,
        "Other Operating Expenses": 800000.0,
        "Depreciation Amortization Depletion Income Statement": 55600000.0,
        "Depreciation And Amortization In Income Statement": 55600000.0,
        "Amortization": 55600000.0,
        "Amortization Of Intangibles Income Statement": 55600000.0,
        "Selling General And Administration": 380900000.0,
        "Selling And Marketing Expense": 255400000.0,
        "General And Administrative Expense": 125500000.0,
        "Other Gand A": 125500000.0,
        "Gross Profit": 755800000.0,
        "Cost Of Revenue": 1460500000.0,
        "Total Revenue": 2216300000.0,
        "Operating Revenue": 2216300000.0
    },
    "2022-10-31": {
        "Tax Effect Of Unusual Items": -170800.0,
        "Tax Rate For Calcs": 0.244,
        "Normalized EBITDA": 406000000.0,
        "Total Unusual Items": -700000.0,
        "Total Unusual Items Excluding Goodwill": -700000.0,
        "Net Income From Continuing Operation Net Minority Interest": 191100000.0,
        "Reconciled Depreciation": 112700000.0,
        "Reconciled Cost Of Revenue": 1446900000.0,
        "EBIT": 292600000.0,
        "Net Interest Income": -39700000.0,
        "Interest Expense": 39700000.0,
        "Normalized Income": 191629200.0,
        "Net Income From Continuing And Discontinued Operation": 191100000.0,
        "Total Expenses": 1911000000.0,
        "Total Operating Income As Reported": 293400000.0,
        "Diluted Average Shares": 106500000.0,
        "Basic Average Shares": 106500000.0,
        "Diluted EPS": 1.79,
        "Basic EPS": 1.79,
        "Diluted NI Availto Com Stockholders": 191100000.0,
        "Net Income Common Stockholders": 191100000.0,
        "Otherunder Preferred Stock Dividend": 300000.0,
        "Net Income": 191100000.0,
        "Net Income Including Noncontrolling Interests": 191100000.0,
        "Net Income Continuous Operations": 191100000.0,
        "Tax Provision": 61800000.0,
        "Pretax Income": 252900000.0,
        "Other Income Expense": -1500000.0,
        "Other Non Operating Income Expenses": -800000.0,
        "Special Income Charges": -700000.0,
        "Gain On Sale Of Business": NaN,
        "Impairment Of Capital Assets": NaN,
        "Restructuring And Mergern Acquisition": 700000.0,
        "Net Non Operating Interest Income Expense": -39700000.0,
        "Interest Expense Non Operating": 39700000.0,
        "Operating Income": 294100000.0,
        "Operating Expense": 407000000.0,
        "Other Operating Expenses": -2900000.0,
        "Depreciation Amortization Depletion Income Statement": 55600000.0,
        "Depreciation And Amortization In Income Statement": 55600000.0,
        "Amortization": 55600000.0,
        "Amortization Of Intangibles Income Statement": 55600000.0,
        "Selling General And Administration": 354300000.0,
        "Selling And Marketing Expense": 245400000.0,
        "General And Administrative Expense": 108900000.0,
        "Other Gand A": 108900000.0,
        "Gross Profit": 701100000.0,
        "Cost Of Revenue": 1504000000.0,
        "Total Revenue": 2205100000.0,
        "Operating Revenue": 2205100000.0
    },
    "2022-07-31": {
        "Tax Effect Of Unusual Items": -310800.0,
        "Tax Rate For Calcs": 0.222,
        "Normalized EBITDA": 292300000.0,
        "Total Unusual Items": -1400000.0,
        "Total Unusual Items Excluding Goodwill": -1400000.0,
        "Net Income From Continuing Operation Net Minority Interest": 109800000.0,
        "Reconciled Depreciation": 110700000.0,
        "Reconciled Cost Of Revenue": 1265400000.0,
        "EBIT": 180200000.0,
        "Net Interest Income": -39100000.0,
        "Interest Expense": 39100000.0,
        "Normalized Income": 110889200.0,
        "Net Income From Continuing And Discontinued Operation": 109800000.0,
        "Total Expenses": 1691900000.0,
        "Total Operating Income As Reported": 179700000.0,
        "Diluted Average Shares": 106400000.0,
        "Basic Average Shares": 106300000.0,
        "Diluted EPS": 1.03,
        "Basic EPS": 1.03,
        "Diluted NI Availto Com Stockholders": 109600000.0,
        "Net Income Common Stockholders": 109600000.0,
        "Otherunder Preferred Stock Dividend": 200000.0,
        "Net Income": 109800000.0,
        "Net Income Including Noncontrolling Interests": 109800000.0,
        "Net Income Continuous Operations": 109800000.0,
        "Tax Provision": 31300000.0,
        "Pretax Income": 141100000.0,
        "Other Income Expense": -900000.0,
        "Other Non Operating Income Expenses": 500000.0,
        "Special Income Charges": -1400000.0,
        "Gain On Sale Of Business": NaN,
        "Impairment Of Capital Assets": NaN,
        "Restructuring And Mergern Acquisition": 1400000.0,
        "Net Non Operating Interest Income Expense": -39100000.0,
        "Interest Expense Non Operating": 39100000.0,
        "Operating Income": 181100000.0,
        "Operating Expense": 371400000.0,
        "Other Operating Expenses": -28000000.0,
        "Depreciation Amortization Depletion Income Statement": 55600000.0,
        "Depreciation And Amortization In Income Statement": 55600000.0,
        "Amortization": 55600000.0,
        "Amortization Of Intangibles Income Statement": 55600000.0,
        "Selling General And Administration": 343800000.0,
        "Selling And Marketing Expense": NaN,
        "General And Administrative Expense": NaN,
        "Other Gand A": NaN,
        "Gross Profit": 552500000.0,
        "Cost Of Revenue": 1320500000.0,
        "Total Revenue": 1873000000.0,
        "Operating Revenue": 1873000000.0
    },
    "2022-04-30": {
        "Diluted EPS": 1.87,
        "Total Revenue": NaN,
        "Gross Profit": 667,
        "Operating Income": 302,
        "EBIT": 416,
        "Net Income": 201
    },
    "2022-01-31": {
        "Diluted EPS": 0.64,
        "Total Revenue": NaN,
        "Gross Profit": 683,
        "Operating Income": 151,
        "EBIT": 266,
        "Net Income": 70
    },
    "2021-10-31": {
        "Diluted EPS": 1.9,
        "Total Revenue": NaN,
        "Gross Profit": 712,
        "Operating Income": 312,
        "EBIT": 428,
        "Net Income": 205
    },
    "2021-07-31": {
        "Diluted EPS": 1.42,
        "Total Revenue": NaN,
        "Gross Profit": 639,
        "Operating Income": 259,
        "EBIT": 373,
        "Net Income": 153
    },
    "2021-04-30": {
        "Diluted EPS": 1.37,
        "Total Revenue": NaN,
        "Gross Profit": 736,
        "Operating Income": 239,
        "EBIT": 353,
        "Net Income": 144
    },
    "2021-01-31": {
        "Diluted EPS": 2.32,
        "Total Revenue": NaN,
        "Gross Profit": 809,
        "Operating Income": 406,
        "EBIT": 517,
        "Net Income": 262
    },
    "2020-10-31": {
        "Diluted EPS": 2.02,
        "Total Revenue": NaN,
        "Gross Profit": 818,
        "Operating Income": 381,
        "EBIT": 494,
        "Net Income": 231
    },
    "2020-07-31": {
        "Diluted EPS": 2.08,
        "Total Revenue": NaN,
        "Gross Profit": 775,
        "Operating Income": 361,
        "EBIT": 475,
        "Net Income": 236
    },
    "2020-04-30": {
        "Diluted EPS": 1.99,
        "Total Revenue": NaN,
        "Gross Profit": 788,
        "Operating Income": 347,
        "EBIT": 460,
        "Net Income": 225
    },
    "2020-01-31": {
        "Diluted EPS": 1.64,
        "Total Revenue": NaN,
        "Gross Profit": 760,
        "Operating Income": 289,
        "EBIT": 401,
        "Net Income": 186
    },
    "2019-10-31": {
        "Diluted EPS": 1.85,
        "Total Revenue": NaN,
        "Gross Profit": 754,
        "Operating Income": 330,
        "EBIT": 441,
        "Net Income": 210
    },
    "2019-07-31": {
        "Diluted EPS": 1.36,
        "Total Revenue": NaN,
        "Gross Profit": 700,
        "Operating Income": 258,
        "EBIT": 367,
        "Net Income": 154
    },
    "2019-04-30": {
        "Diluted EPS": 0.62,
        "Total Revenue": NaN,
        "Gross Profit": 692,
        "Operating Income": 154,
        "EBIT": 364,
        "Net Income": 70
    },
    "2019-01-31": {
        "Diluted EPS": 1.07,
        "Total Revenue": NaN,
        "Gross Profit": 774,
        "Operating Income": 218,
        "EBIT": 329,
        "Net Income": 121
    },
    "2018-10-31": {
        "Diluted EPS": 1.66,
        "Total Revenue": NaN,
        "Gross Profit": 771,
        "Operating Income": 331,
        "EBIT": 442,
        "Net Income": 189
    },
    "2018-07-31": {
        "Diluted EPS": 1.17,
        "Total Revenue": NaN,
        "Gross Profit": 678,
        "Operating Income": 227,
        "EBIT": 339,
        "Net Income": 132
    },
    "2018-04-30": {
        "Diluted EPS": 1.63,
        "Total Revenue": NaN,
        "Gross Profit": 691,
        "Operating Income": 313,
        "EBIT": 414,
        "Net Income": 185
    },
    "2018-01-31": {
        "Diluted EPS": 7.32,
        "Total Revenue": NaN,
        "Gross Profit": 729,
        "Operating Income": 164,
        "EBIT": 413,
        "Net Income": 827
    },
    "2017-10-31": {
        "Diluted EPS": 1.71,
        "Total Revenue": NaN,
        "Gross Profit": 755,
        "Operating Income": 332,
        "EBIT": 434,
        "Net Income": 194
    },
    "2017-07-31": {
        "Diluted EPS": 1.12,
        "Total Revenue": NaN,
        "Gross Profit": 662,
        "Operating Income": 235,
        "EBIT": 341,
        "Net Income": 126
    },
    "2017-04-30": {
        "Diluted EPS": 0.96,
        "Total Revenue": NaN,
        "Gross Profit": 647,
        "Operating Income": 208,
        "EBIT": 312,
        "Net Income": 110
    },
    "2017-01-31": {
        "Diluted EPS": 1.16,
        "Total Revenue": NaN,
        "Gross Profit": 723,
        "Operating Income": 238,
        "EBIT": 342,
        "Net Income": 134
    },
    "2016-10-31": {
        "Diluted EPS": 1.52,
        "Total Revenue": NaN,
        "Gross Profit": 743,
        "Operating Income": 303,
        "EBIT": 408,
        "Net Income": 177
    },
    "2016-07-31": {
        "Diluted EPS": 1.46,
        "Total Revenue": NaN,
        "Gross Profit": 723,
        "Operating Income": 294,
        "EBIT": 400,
        "Net Income": 169
    },
    "2016-04-30": {
        "Diluted EPS": 1.6,
        "Total Revenue": NaN,
        "Gross Profit": 688,
        "Operating Income": 246,
        "EBIT": 353,
        "Net Income": 190
    },
    "2016-01-31": {
        "Diluted EPS": 1.55,
        "Total Revenue": NaN,
        "Gross Profit": 764,
        "Operating Income": 318,
        "EBIT": 426,
        "Net Income": 185
    },
    "2015-10-31": {
        "Diluted EPS": 1.47,
        "Total Revenue": NaN,
        "Gross Profit": 787,
        "Operating Income": 314,
        "EBIT": 422,
        "Net Income": 175
    },
    "2015-07-31": {
        "Diluted EPS": 1.14,
        "Total Revenue": NaN,
        "Gross Profit": 729,
        "Operating Income": 267,
        "EBIT": 376,
        "Net Income": 136
    },
    "2015-04-30": {
        "Diluted EPS": -0.94,
        "Total Revenue": NaN,
        "Gross Profit": 431,
        "Operating Income": 71,
        "EBIT": 148,
        "Net Income": -90
    },
    "2015-01-31": {
        "Diluted EPS": 1.58,
        "Total Revenue": NaN,
        "Gross Profit": 523,
        "Operating Income": 255,
        "EBIT": 318,
        "Net Income": 160
    },
    "2014-10-31": {
        "Diluted EPS": 1.55,
        "Total Revenue": NaN,
        "Gross Profit": 537,
        "Operating Income": 255,
        "EBIT": 318,
        "Net Income": 157
    },
    "2014-07-31": {
        "Diluted EPS": 1.14,
        "Total Revenue": NaN,
        "Gross Profit": 479,
        "Operating Income": 192,
        "EBIT": 255,
        "Net Income": 115
    },
    "2014-04-30": {
        "Diluted EPS": 1.18,
        "Total Revenue": NaN,
        "Gross Profit": 440,
        "Operating Income": 191,
        "EBIT": 257,
        "Net Income": 118
    },
    "2014-01-31": {
        "Diluted EPS": 1.59,
        "Total Revenue": NaN,
        "Gross Profit": 545,
        "Operating Income": 264,
        "EBIT": 329,
        "Net Income": 166
    },
    "2013-10-31": {
        "Diluted EPS": 1.46,
        "Total Revenue": NaN,
        "Gross Profit": 553,
        "Operating Income": 251,
        "EBIT": 315,
        "Net Income": 152
    },
    "2013-07-31": {
        "Diluted EPS": 1.19,
        "Total Revenue": NaN,
        "Gross Profit": 493,
        "Operating Income": 213,
        "EBIT": 275,
        "Net Income": 126
    },
    "2013-04-30": {
        "Diluted EPS": 1.22,
        "Total Revenue": NaN,
        "Gross Profit": 480,
        "Operating Income": 214,
        "EBIT": 277,
        "Net Income": 129
    },
    "2013-01-31": {
        "Diluted EPS": 1.42,
        "Total Revenue": NaN,
        "Gross Profit": 536,
        "Operating Income": 258,
        "EBIT": 320,
        "Net Income": 153
    },
    "2012-10-31": {
        "Diluted EPS": 1.36,
        "Total Revenue": NaN,
        "Gross Profit": 542,
        "Operating Income": 248,
        "EBIT": 310,
        "Net Income": 148
    },
    "2012-07-31": {
        "Diluted EPS": 1.0,
        "Total Revenue": NaN,
        "Gross Profit": 470,
        "Operating Income": 191,
        "EBIT": 254,
        "Net Income": 110
    },
    "2012-04-30": {
        "Diluted EPS": 0.93,
        "Total Revenue": NaN,
        "Gross Profit": 450,
        "Operating Income": 186,
        "EBIT": 254,
        "Net Income": 103
    },
    "2012-01-31": {
        "Diluted EPS": 1.03,
        "Total Revenue": NaN,
        "Gross Profit": 466,
        "Operating Income": 200,
        "EBIT": 259,
        "Net Income": 116
    },
    "2011-10-31": {
        "Diluted EPS": 1.12,
        "Total Revenue": NaN,
        "Gross Profit": 499,
        "Operating Income": 212,
        "EBIT": 273,
        "Net Income": 126
    },
    "2011-07-31": {
        "Diluted EPS": 0.98,
        "Total Revenue": NaN,
        "Gross Profit": 431,
        "Operating Income": 181,
        "EBIT": 239,
        "Net Income": 110
    },
    "2011-04-30": {
        "Diluted EPS": 0.83,
        "Total Revenue": NaN,
        "Gross Profit": 421,
        "Operating Income": 166,
        "EBIT": 228,
        "Net Income": 94
    },
    "2011-01-31": {
        "Diluted EPS": 1.11,
        "Total Revenue": NaN,
        "Gross Profit": 474,
        "Operating Income": 213,
        "EBIT": 275,
        "Net Income": 131
    },
    "2010-10-31": {
        "Diluted EPS": 1.25,
        "Total Revenue": NaN,
        "Gross Profit": 495,
        "Operating Income": 240,
        "EBIT": 298,
        "Net Income": 148
    },
    "2010-07-31": {
        "Diluted EPS": 0.86,
        "Total Revenue": NaN,
        "Gross Profit": 408,
        "Operating Income": 165,
        "EBIT": 222,
        "Net Income": 102
    },
    "2010-04-30": {
        "Diluted EPS": 1.0,
        "Total Revenue": NaN,
        "Gross Profit": 430,
        "Operating Income": 181,
        "EBIT": 233,
        "Net Income": 120
    },
    "2010-01-31": {
        "Diluted EPS": 1.14,
        "Total Revenue": NaN,
        "Gross Profit": 458,
        "Operating Income": 210,
        "EBIT": 256,
        "Net Income": 134
    },
    "2009-10-31": {
        "Diluted EPS": 1.18,
        "Total Revenue": NaN,
        "Gross Profit": 492,
        "Operating Income": 231,
        "EBIT": 275,
        "Net Income": 139
    },
    "2009-07-31": {
        "Diluted EPS": 0.83,
        "Total Revenue": NaN,
        "Gross Profit": 406,
        "Operating Income": 169,
        "EBIT": 212,
        "Net Income": 97
    },
    "2009-04-30": {
        "Diluted EPS": 0.72,
        "Total Revenue": NaN,
        "Gross Profit": 399,
        "Operating Income": 159,
        "EBIT": 200,
        "Net Income": 94
    },
    "2009-01-31": {
        "Diluted EPS": 0.68,
        "Total Revenue": NaN,
        "Gross Profit": 401,
        "Operating Income": 135,
        "EBIT": 179,
        "Net Income": 77
    }
}