{
    "2022-10-31": {
        "Tax Effect Of Unusual Items": NaN,
        "Tax Rate For Calcs": NaN,
        "Normalized EBITDA": NaN,
        "Total Unusual Items": NaN,
        "Total Unusual Items Excluding Goodwill": NaN,
        "Net Income From Continuing Operation Net Minority Interest": NaN,
        "Reconciled Depreciation": NaN,
        "Reconciled Cost Of Revenue": NaN,
        "EBITDA": NaN,
        "EBIT": NaN,
        "Net Interest Income": NaN,
        "Interest Expense": NaN,
        "Interest Income": NaN,
        "Normalized Income": NaN,
        "Net Income From Continuing And Discontinued Operation": NaN,
        "Total Expenses": NaN,
        "Total Operating Income As Reported": NaN,
        "Diluted Average Shares": NaN,
        "Basic Average Shares": NaN,
        "Diluted EPS": NaN,
        "Basic EPS": NaN,
        "Diluted NI Availto Com Stockholders": NaN,
        "Net Income Common Stockholders": NaN,
        "Net Income": NaN,
        "Net Income Including Noncontrolling Interests": NaN,
        "Net Income From Tax Loss Carryforward": NaN,
        "Net Income Discontinuous Operations": NaN,
        "Net Income Continuous Operations": NaN,
        "Earnings From Equity Interest Net Of Tax": NaN,
        "Tax Provision": NaN,
        "Pretax Income": NaN,
        "Other Income Expense": NaN,
        "Other Non Operating Income Expenses": NaN,
        "Special Income Charges": NaN,
        "Impairment Of Capital Assets": 570887000.0,
        "Restructuring And Mergern Acquisition": NaN,
        "Gain On Sale Of Security": NaN,
        "Net Non Operating Interest Income Expense": NaN,
        "Interest Expense Non Operating": NaN,
        "Interest Income Non Operating": NaN,
        "Operating Income": NaN,
        "Operating Expense": NaN,
        "Other Operating Expenses": NaN,
        "Other Taxes": NaN,
        "Depreciation Amortization Depletion Income Statement": NaN,
        "Depreciation And Amortization In Income Statement": NaN,
        "Amortization": NaN,
        "Amortization Of Intangibles Income Statement": NaN,
        "Research And Development": NaN,
        "Selling General And Administration": NaN,
        "Selling And Marketing Expense": NaN,
        "General And Administrative Expense": NaN,
        "Other Gand A": NaN,
        "Insurance And Claims": NaN,
        "Salaries And Wages": NaN,
        "Gross Profit": NaN,
        "Cost Of Revenue": NaN,
        "Total Revenue": NaN,
        "Operating Revenue": NaN
    },
    "2022-07-31": {
        "Tax Effect Of Unusual Items": -2150255.673756,
        "Tax Rate For Calcs": 0.023508,
        "Normalized EBITDA": 21171000.0,
        "Total Unusual Items": -91469000.0,
        "Total Unusual Items Excluding Goodwill": -91469000.0,
        "Net Income From Continuing Operation Net Minority Interest": -127316000.0,
        "Reconciled Depreciation": 48613000.0,
        "Reconciled Cost Of Revenue": 31585000.0,
        "EBITDA": -70298000.0,
        "EBIT": -118911000.0,
        "Net Interest Income": -11460000.0,
        "Interest Expense": 11470000.0,
        "Interest Income": 10000.0,
        "Normalized Income": -37997255.673756,
        "Net Income From Continuing And Discontinued Operation": -121499000.0,
        "Total Expenses": 168106000.0,
        "Total Operating Income As Reported": -110782000.0,
        "Diluted Average Shares": 164089000.0,
        "Basic Average Shares": 164089000.0,
        "Diluted EPS": -0.74,
        "Basic EPS": -0.74,
        "Diluted NI Availto Com Stockholders": -121499000.0,
        "Net Income Common Stockholders": -121499000.0,
        "Net Income": -121499000.0,
        "Net Income Including Noncontrolling Interests": -121499000.0,
        "Net Income Discontinuous Operations": 5817000.0,
        "Net Income Continuous Operations": -127316000.0,
        "Tax Provision": -3065000.0,
        "Pretax Income": -130381000.0,
        "Other Income Expense": -91389000.0,
        "Other Non Operating Income Expenses": 80000.0,
        "Special Income Charges": -83250000.0,
        "Impairment Of Capital Assets": 70475000.0,
        "Restructuring And Mergern Acquisition": 12775000.0,
        "Gain On Sale Of Security": -8219000.0,
        "Net Non Operating Interest Income Expense": -11460000.0,
        "Interest Expense Non Operating": 11470000.0,
        "Interest Income Non Operating": 10000.0,
        "Operating Income": -27532000.0,
        "Operating Expense": 133108000.0,
        "Other Operating Expenses": 400000.0,
        "Other Taxes": 427000.0,
        "Depreciation Amortization Depletion Income Statement": 45200000.0,
        "Depreciation And Amortization In Income Statement": 45200000.0,
        "Amortization": 45200000.0,
        "Amortization Of Intangibles Income Statement": 45200000.0,
        "Research And Development": 19693000.0,
        "Selling General And Administration": 68215000.0,
        "Selling And Marketing Expense": 41848000.0,
        "General And Administrative Expense": 26367000.0,
        "Other Gand A": 26367000.0,
        "Insurance And Claims": 1473000.0,
        "Salaries And Wages": 14858000.0,
        "Gross Profit": 105576000.0,
        "Cost Of Revenue": 34998000.0,
        "Total Revenue": 140574000.0,
        "Operating Revenue": 140574000.0
    },
    "2023-04-30": {
        "Tax Effect Of Unusual Items": NaN,
        "Tax Rate For Calcs": NaN,
        "Normalized EBITDA": NaN,
        "Total Unusual Items": NaN,
        "Total Unusual Items Excluding Goodwill": NaN,
        "Net Income From Continuing Operation Net Minority Interest": NaN,
        "Reconciled Depreciation": NaN,
        "Reconciled Cost Of Revenue": NaN,
        "EBITDA": NaN,
        "EBIT": NaN,
        "Net Interest Income": NaN,
        "Interest Expense": NaN,
        "Interest Income": NaN,
        "Normalized Income": NaN,
        "Net Income From Continuing And Discontinued Operation": NaN,
        "Total Expenses": NaN,
        "Total Operating Income As Reported": NaN,
        "Diluted Average Shares": 8158000.0,
        "Basic Average Shares": 8158000.0,
        "Diluted EPS": -5.42,
        "Basic EPS": -5.42,
        "Diluted NI Availto Com Stockholders": NaN,
        "Net Income Common Stockholders": NaN,
        "Net Income": NaN,
        "Net Income Including Noncontrolling Interests": NaN,
        "Net Income From Tax Loss Carryforward": -682000.0,
        "Net Income Extraordinary": -682000.0,
        "Net Income Discontinuous Operations": 0.0,
        "Net Income Continuous Operations": NaN,
        "Earnings From Equity Interest Net Of Tax": -682000.0,
        "Tax Provision": NaN,
        "Pretax Income": NaN,
        "Other Income Expense": NaN,
        "Other Non Operating Income Expenses": NaN,
        "Special Income Charges": NaN,
        "Impairment Of Capital Assets": NaN,
        "Restructuring And Mergern Acquisition": NaN,
        "Gain On Sale Of Security": NaN,
        "Net Non Operating Interest Income Expense": NaN,
        "Interest Expense Non Operating": NaN,
        "Interest Income Non Operating": NaN,
        "Operating Income": NaN,
        "Operating Expense": NaN,
        "Other Operating Expenses": NaN,
        "Other Taxes": NaN,
        "Depreciation Amortization Depletion Income Statement": NaN,
        "Depreciation And Amortization In Income Statement": NaN,
        "Amortization": NaN,
        "Amortization Of Intangibles Income Statement": NaN,
        "Research And Development": NaN,
        "Selling General And Administration": NaN,
        "Selling And Marketing Expense": NaN,
        "General And Administrative Expense": NaN,
        "Other Gand A": NaN,
        "Insurance And Claims": NaN,
        "Salaries And Wages": NaN,
        "Gross Profit": NaN,
        "Cost Of Revenue": NaN,
        "Total Revenue": NaN,
        "Operating Revenue": NaN
    },
    "2023-01-31": {
        "Tax Effect Of Unusual Items": NaN,
        "Tax Rate For Calcs": NaN,
        "Normalized EBITDA": NaN,
        "Total Unusual Items": NaN,
        "Total Unusual Items Excluding Goodwill": NaN,
        "Net Income From Continuing Operation Net Minority Interest": NaN,
        "Reconciled Depreciation": NaN,
        "Reconciled Cost Of Revenue": NaN,
        "EBITDA": NaN,
        "EBIT": NaN,
        "Net Interest Income": NaN,
        "Interest Expense": NaN,
        "Interest Income": NaN,
        "Normalized Income": NaN,
        "Net Income From Continuing And Discontinued Operation": NaN,
        "Total Expenses": NaN,
        "Total Operating Income As Reported": NaN,
        "Diluted Average Shares": NaN,
        "Basic Average Shares": NaN,
        "Diluted EPS": NaN,
        "Basic EPS": NaN,
        "Diluted NI Availto Com Stockholders": NaN,
        "Net Income Common Stockholders": NaN,
        "Net Income": NaN,
        "Net Income Including Noncontrolling Interests": NaN,
        "Net Income From Tax Loss Carryforward": 2863000.0,
        "Net Income Extraordinary": NaN,
        "Net Income Discontinuous Operations": NaN,
        "Net Income Continuous Operations": NaN,
        "Earnings From Equity Interest Net Of Tax": NaN,
        "Tax Provision": NaN,
        "Pretax Income": NaN,
        "Other Income Expense": NaN,
        "Other Non Operating Income Expenses": NaN,
        "Special Income Charges": NaN,
        "Impairment Of Capital Assets": 0.0,
        "Restructuring And Mergern Acquisition": NaN,
        "Gain On Sale Of Security": NaN,
        "Net Non Operating Interest Income Expense": NaN,
        "Interest Expense Non Operating": NaN,
        "Interest Income Non Operating": NaN,
        "Operating Income": NaN,
        "Operating Expense": NaN,
        "Other Operating Expenses": NaN,
        "Other Taxes": NaN,
        "Depreciation Amortization Depletion Income Statement": NaN,
        "Depreciation And Amortization In Income Statement": NaN,
        "Amortization": NaN,
        "Amortization Of Intangibles Income Statement": NaN,
        "Research And Development": NaN,
        "Selling General And Administration": NaN,
        "Selling And Marketing Expense": NaN,
        "General And Administrative Expense": NaN,
        "Other Gand A": NaN,
        "Insurance And Claims": NaN,
        "Salaries And Wages": NaN,
        "Gross Profit": NaN,
        "Cost Of Revenue": NaN,
        "Total Revenue": NaN,
        "Operating Revenue": NaN
    },
    "2022-04-30": {
        "Diluted EPS": -0.15,
        "Total Revenue": 135,
        "Gross Profit": 97,
        "Operating Income": -45,
        "EBIT": 1,
        "Net Income": -22
    },
    "2022-01-31": {
        "Diluted EPS": 9.15,
        "Total Revenue": 112,
        "Gross Profit": 82,
        "Operating Income": -144,
        "EBIT": -103,
        "Net Income": 8
    },
    "2021-10-31": {
        "Diluted EPS": -0.32,
        "Total Revenue": 140,
        "Gross Profit": 101,
        "Operating Income": -10,
        "EBIT": 29,
        "Net Income": -43
    },
    "2021-07-31": {
        "Diluted EPS": -0.18,
        "Total Revenue": 110,
        "Gross Profit": 81,
        "Operating Income": -29,
        "EBIT": 10,
        "Net Income": -24
    },
    "2021-04-30": {
        "Diluted EPS": -9.35,
        "Total Revenue": 92,
        "Gross Profit": 67,
        "Operating Income": -28,
        "EBIT": 10,
        "Net Income": -37
    },
    "2021-03-31": {
        "Diluted EPS": 0.48,
        "Total Revenue": NaN,
        "Gross Profit": NaN,
        "Operating Income": -2,
        "EBIT": -2,
        "Net Income": 42
    },
    "2021-01-31": {
        "Diluted EPS": 651.4,
        "Total Revenue": 78,
        "Gross Profit": 72,
        "Operating Income": -483,
        "EBIT": -457,
        "Net Income": NaN
    },
    "2020-12-31": {
        "Diluted EPS": 0.0,
        "Total Revenue": NaN,
        "Gross Profit": NaN,
        "Operating Income": -1,
        "EBIT": -1,
        "Net Income": -74
    },
    "2020-10-31": {
        "Diluted EPS": 807.55,
        "Total Revenue": 76,
        "Gross Profit": 53,
        "Operating Income": -33,
        "EBIT": -11,
        "Net Income": NaN
    },
    "2020-09-30": {
        "Diluted EPS": 0.0,
        "Total Revenue": NaN,
        "Gross Profit": NaN,
        "Operating Income": 0,
        "EBIT": 0,
        "Net Income": 0
    },
    "2020-07-31": {
        "Diluted EPS": -0.71,
        "Total Revenue": 117,
        "Gross Profit": 95,
        "Operating Income": -1,
        "EBIT": -1,
        "Net Income": -71
    },
    "2020-06-30": {
        "Diluted EPS": -0.01,
        "Total Revenue": NaN,
        "Gross Profit": NaN,
        "Operating Income": 0,
        "EBIT": 0,
        "Net Income": 0
    },
    "2020-03-31": {
        "Diluted EPS": -0.1,
        "Total Revenue": NaN,
        "Gross Profit": NaN,
        "Operating Income": 0,
        "EBIT": 0,
        "Net Income": -9
    },
    "2020-01-31": {
        "Diluted EPS": 0.0,
        "Total Revenue": NaN,
        "Gross Profit": NaN,
        "Operating Income": -917,
        "EBIT": -917,
        "Net Income": -849
    },
    "2019-12-31": {
        "Diluted EPS": 0.0,
        "Total Revenue": NaN,
        "Gross Profit": NaN,
        "Operating Income": NaN,
        "EBIT": NaN,
        "Net Income": NaN
    },
    "2019-09-30": {
        "Diluted EPS": 0.0,
        "Total Revenue": NaN,
        "Gross Profit": NaN,
        "Operating Income": 0,
        "EBIT": 0,
        "Net Income": 0
    },
    "2019-06-30": {
        "Diluted EPS": 0.0,
        "Total Revenue": NaN,
        "Gross Profit": NaN,
        "Operating Income": 0,
        "EBIT": 0,
        "Net Income": 0
    },
    "2019-04-30": {
        "Diluted EPS": 0.0,
        "Total Revenue": NaN,
        "Gross Profit": NaN,
        "Operating Income": 0,
        "EBIT": 0,
        "Net Income": 0
    },
    "2024-01-31": {
        "Tax Effect Of Unusual Items": -6500035.988863,
        "Tax Rate For Calcs": 0.02978,
        "Normalized EBITDA": 19192000.0,
        "Total Unusual Items": -218270000.0,
        "Total Unusual Items Excluding Goodwill": -218270000.0,
        "Net Income From Continuing Operation Net Minority Interest": -245326000.0,
        "Reconciled Depreciation": 37126000.0,
        "Reconciled Cost Of Revenue": 37758000.0,
        "EBITDA": -199078000.0,
        "EBIT": -236204000.0,
        "Net Interest Income": -15671000.0,
        "Interest Expense": 16652000.0,
        "Interest Income": 981000.0,
        "Normalized Income": -33556035.988863,
        "Net Income From Continuing And Discontinued Operation": -245326000.0,
        "Total Expenses": 155759000.0,
        "Total Operating Income As Reported": -228063000.0,
        "Diluted Average Shares": NaN,
        "Basic Average Shares": NaN,
        "Diluted EPS": NaN,
        "Basic EPS": NaN,
        "Diluted NI Availto Com Stockholders": -245326000.0,
        "Net Income Common Stockholders": -245326000.0,
        "Net Income": -245326000.0,
        "Net Income Including Noncontrolling Interests": -245326000.0,
        "Net Income From Tax Loss Carryforward": 0.0,
        "Net Income Extraordinary": 0.0,
        "Net Income Discontinuous Operations": 0.0,
        "Net Income Continuous Operations": -245326000.0,
        "Earnings From Equity Interest Net Of Tax": 0.0,
        "Tax Provision": -7530000.0,
        "Pretax Income": -252856000.0,
        "Other Income Expense": -218966000.0,
        "Other Non Operating Income Expenses": -696000.0,
        "Special Income Charges": -209844000.0,
        "Impairment Of Capital Assets": 202233000.0,
        "Restructuring And Mergern Acquisition": 7611000.0,
        "Gain On Sale Of Security": -8426000.0,
        "Net Non Operating Interest Income Expense": -15671000.0,
        "Interest Expense Non Operating": 16652000.0,
        "Interest Income Non Operating": 981000.0,
        "Operating Income": -18219000.0,
        "Operating Expense": 117300000.0,
        "Other Operating Expenses": 4795000.0,
        "Other Taxes": -638000.0,
        "Depreciation Amortization Depletion Income Statement": 36425000.0,
        "Depreciation And Amortization In Income Statement": 36425000.0,
        "Amortization": 36425000.0,
        "Amortization Of Intangibles Income Statement": 36425000.0,
        "Research And Development": 17007000.0,
        "Selling General And Administration": 59711000.0,
        "Selling And Marketing Expense": 5955000.0,
        "General And Administrative Expense": 53756000.0,
        "Other Gand A": 7172000.0,
        "Insurance And Claims": 727000.0,
        "Salaries And Wages": 45857000.0,
        "Gross Profit": 99081000.0,
        "Cost Of Revenue": 38459000.0,
        "Total Revenue": 137540000.0,
        "Operating Revenue": 137540000.0
    },
    "2023-10-31": {
        "Tax Effect Of Unusual Items": 303646.0,
        "Tax Rate For Calcs": 0.082,
        "Normalized EBITDA": 21211000.0,
        "Total Unusual Items": 3703000.0,
        "Total Unusual Items Excluding Goodwill": 3703000.0,
        "Net Income From Continuing Operation Net Minority Interest": -27736000.0,
        "Reconciled Depreciation": 38488000.0,
        "Reconciled Cost Of Revenue": 36539000.0,
        "EBITDA": 24914000.0,
        "EBIT": -13706000.0,
        "Net Interest Income": -15432000.0,
        "Interest Expense": 16492000.0,
        "Interest Income": 1060000.0,
        "Normalized Income": -31135354.0,
        "Net Income From Continuing And Discontinued Operation": -27736000.0,
        "Total Expenses": 157444000.0,
        "Total Operating Income As Reported": -19871000.0,
        "Diluted Average Shares": 8047000.0,
        "Basic Average Shares": 8047000.0,
        "Diluted EPS": -3.45,
        "Basic EPS": -3.45,
        "Diluted NI Availto Com Stockholders": -27736000.0,
        "Net Income Common Stockholders": -27736000.0,
        "Net Income": -27736000.0,
        "Net Income Including Noncontrolling Interests": -27736000.0,
        "Net Income From Tax Loss Carryforward": 0.0,
        "Net Income Extraordinary": 0.0,
        "Net Income Discontinuous Operations": 0.0,
        "Net Income Continuous Operations": -27736000.0,
        "Earnings From Equity Interest Net Of Tax": 0.0,
        "Tax Provision": -2462000.0,
        "Pretax Income": -30198000.0,
        "Other Income Expense": 3722000.0,
        "Other Non Operating Income Expenses": 19000.0,
        "Special Income Charges": -1383000.0,
        "Impairment Of Capital Assets": 0.0,
        "Restructuring And Mergern Acquisition": 1383000.0,
        "Gain On Sale Of Security": 5086000.0,
        "Net Non Operating Interest Income Expense": -15432000.0,
        "Interest Expense Non Operating": 16492000.0,
        "Interest Income Non Operating": 1060000.0,
        "Operating Income": -18488000.0,
        "Operating Expense": 121037000.0,
        "Other Operating Expenses": 4410000.0,
        "Other Taxes": 241000.0,
        "Depreciation Amortization Depletion Income Statement": 38620000.0,
        "Depreciation And Amortization In Income Statement": 38620000.0,
        "Amortization": 38620000.0,
        "Amortization Of Intangibles Income Statement": 38620000.0,
        "Research And Development": 16126000.0,
        "Selling General And Administration": 61640000.0,
        "Selling And Marketing Expense": 8945000.0,
        "General And Administrative Expense": 52695000.0,
        "Other Gand A": 5123000.0,
        "Insurance And Claims": 730000.0,
        "Salaries And Wages": 46842000.0,
        "Gross Profit": 102549000.0,
        "Cost Of Revenue": 36407000.0,
        "Total Revenue": 138956000.0,
        "Operating Revenue": 138956000.0
    },
    "2023-07-31": {
        "Tax Effect Of Unusual Items": 240240.0,
        "Tax Rate For Calcs": 0.056,
        "Normalized EBITDA": 18915000.0,
        "Total Unusual Items": 4290000.0,
        "Total Unusual Items Excluding Goodwill": 4290000.0,
        "Net Income From Continuing Operation Net Minority Interest": -31999000.0,
        "Reconciled Depreciation": 40838000.0,
        "Reconciled Cost Of Revenue": 38850000.0,
        "EBITDA": 23205000.0,
        "EBIT": -17633000.0,
        "Net Interest Income": -15384000.0,
        "Interest Expense": 16255000.0,
        "Interest Income": 871000.0,
        "Normalized Income": -36048760.0,
        "Net Income From Continuing And Discontinued Operation": -31999000.0,
        "Total Expenses": 163047000.0,
        "Total Operating Income As Reported": -25298000.0,
        "Diluted Average Shares": 8005000.0,
        "Basic Average Shares": 8005000.0,
        "Diluted EPS": -4.0,
        "Basic EPS": -4.0,
        "Diluted NI Availto Com Stockholders": -31999000.0,
        "Net Income Common Stockholders": -31999000.0,
        "Net Income": -31999000.0,
        "Net Income Including Noncontrolling Interests": -31999000.0,
        "Net Income From Tax Loss Carryforward": 0.0,
        "Net Income Extraordinary": 0.0,
        "Net Income Discontinuous Operations": 0.0,
        "Net Income Continuous Operations": -31999000.0,
        "Earnings From Equity Interest Net Of Tax": 0.0,
        "Tax Provision": -1889000.0,
        "Pretax Income": -33888000.0,
        "Other Income Expense": 3356000.0,
        "Other Non Operating Income Expenses": -934000.0,
        "Special Income Charges": -3438000.0,
        "Impairment Of Capital Assets": 0.0,
        "Restructuring And Mergern Acquisition": 3438000.0,
        "Gain On Sale Of Security": 7728000.0,
        "Net Non Operating Interest Income Expense": -15384000.0,
        "Interest Expense Non Operating": 16255000.0,
        "Interest Income Non Operating": 871000.0,
        "Operating Income": -21860000.0,
        "Operating Expense": 122580000.0,
        "Other Operating Expenses": 4317000.0,
        "Other Taxes": 249000.0,
        "Depreciation Amortization Depletion Income Statement": 39221000.0,
        "Depreciation And Amortization In Income Statement": 39221000.0,
        "Amortization": 39221000.0,
        "Amortization Of Intangibles Income Statement": 39221000.0,
        "Research And Development": 17863000.0,
        "Selling General And Administration": 60930000.0,
        "Selling And Marketing Expense": 8997000.0,
        "General And Administrative Expense": 51933000.0,
        "Other Gand A": 7199000.0,
        "Insurance And Claims": 944000.0,
        "Salaries And Wages": 43790000.0,
        "Gross Profit": 100720000.0,
        "Cost Of Revenue": 40467000.0,
        "Total Revenue": 141187000.0,
        "Operating Revenue": 141187000.0
    },
    "2024-04-30": {
        "Tax Effect Of Unusual Items": 285228.0,
        "Tax Rate For Calcs": 0.054,
        "Normalized EBITDA": 14120000.0,
        "Total Unusual Items": 5282000.0,
        "Total Unusual Items Excluding Goodwill": 5282000.0,
        "Net Income From Continuing Operation Net Minority Interest": -27636000.0,
        "Reconciled Depreciation": 32343000.0,
        "Reconciled Cost Of Revenue": 33711000.0,
        "EBITDA": 19402000.0,
        "EBIT": -12941000.0,
        "Net Interest Income": -15350000.0,
        "Interest Expense": 16278000.0,
        "Interest Income": 928000.0,
        "Normalized Income": -32632772.0,
        "Net Income From Continuing And Discontinued Operation": -27636000.0,
        "Total Expenses": 149161000.0,
        "Total Operating Income As Reported": -23832000.0,
        "Diluted Average Shares": 8089000.0,
        "Basic Average Shares": 8089000.0,
        "Diluted EPS": -3.42,
        "Basic EPS": -3.42,
        "Diluted NI Availto Com Stockholders": -27636000.0,
        "Net Income Common Stockholders": -27636000.0,
        "Net Income": -27636000.0,
        "Net Income Including Noncontrolling Interests": -27636000.0,
        "Net Income From Tax Loss Carryforward": NaN,
        "Net Income Extraordinary": 0.0,
        "Net Income Discontinuous Operations": NaN,
        "Net Income Continuous Operations": -27636000.0,
        "Earnings From Equity Interest Net Of Tax": 0.0,
        "Tax Provision": -1583000.0,
        "Pretax Income": -29219000.0,
        "Other Income Expense": 7499000.0,
        "Other Non Operating Income Expenses": 2217000.0,
        "Special Income Charges": -2464000.0,
        "Impairment Of Capital Assets": NaN,
        "Restructuring And Mergern Acquisition": 2464000.0,
        "Gain On Sale Of Security": 7746000.0,
        "Net Non Operating Interest Income Expense": -15350000.0,
        "Interest Expense Non Operating": 16278000.0,
        "Interest Income Non Operating": 928000.0,
        "Operating Income": -21368000.0,
        "Operating Expense": 114690000.0,
        "Other Operating Expenses": 5080000.0,
        "Other Taxes": 468000.0,
        "Depreciation Amortization Depletion Income Statement": 31583000.0,
        "Depreciation And Amortization In Income Statement": 31583000.0,
        "Amortization": 31583000.0,
        "Amortization Of Intangibles Income Statement": 31583000.0,
        "Research And Development": 15506000.0,
        "Selling General And Administration": 62053000.0,
        "Selling And Marketing Expense": 6310000.0,
        "General And Administrative Expense": 55743000.0,
        "Other Gand A": 6667000.0,
        "Insurance And Claims": 721000.0,
        "Salaries And Wages": 48355000.0,
        "Gross Profit": 93322000.0,
        "Cost Of Revenue": 34471000.0,
        "Total Revenue": 127793000.0,
        "Operating Revenue": 127793000.0
    },
    "2024-07-31": {
        "Tax Effect Of Unusual Items": -917574.0,
        "Tax Rate For Calcs": 0.049,
        "Normalized EBITDA": 25951000.0,
        "Total Unusual Items": -18726000.0,
        "Total Unusual Items Excluding Goodwill": -18726000.0,
        "Net Income From Continuing Operation Net Minority Interest": -39566000.0,
        "Reconciled Depreciation": 32432000.0,
        "Reconciled Cost Of Revenue": 31827000.0,
        "EBITDA": 7225000.0,
        "EBIT": -25207000.0,
        "Net Interest Income": -15370000.0,
        "Interest Expense": 16415000.0,
        "Interest Income": 1045000.0,
        "Normalized Income": -21757574.0,
        "Net Income From Continuing And Discontinued Operation": -39566000.0,
        "Total Expenses": 139331000.0,
        "Total Operating Income As Reported": -19328000.0,
        "Diluted Average Shares": 8180000.0,
        "Basic Average Shares": 8180000.0,
        "Diluted EPS": -4.84,
        "Basic EPS": -4.84,
        "Diluted NI Availto Com Stockholders": -39566000.0,
        "Net Income Common Stockholders": -39566000.0,
        "Net Income": -39566000.0,
        "Net Income Including Noncontrolling Interests": -39566000.0,
        "Net Income From Tax Loss Carryforward": NaN,
        "Net Income Extraordinary": NaN,
        "Net Income Discontinuous Operations": 0.0,
        "Net Income Continuous Operations": -39566000.0,
        "Earnings From Equity Interest Net Of Tax": NaN,
        "Tax Provision": -2056000.0,
        "Pretax Income": -41622000.0,
        "Other Income Expense": -19144000.0,
        "Other Non Operating Income Expenses": -418000.0,
        "Special Income Charges": -12220000.0,
        "Impairment Of Capital Assets": NaN,
        "Restructuring And Mergern Acquisition": 12220000.0,
        "Gain On Sale Of Security": -6506000.0,
        "Net Non Operating Interest Income Expense": -15370000.0,
        "Interest Expense Non Operating": 16415000.0,
        "Interest Income Non Operating": 1045000.0,
        "Operating Income": -7108000.0,
        "Operating Expense": 106860000.0,
        "Other Operating Expenses": 4854000.0,
        "Other Taxes": 272000.0,
        "Depreciation Amortization Depletion Income Statement": 31788000.0,
        "Depreciation And Amortization In Income Statement": 31788000.0,
        "Amortization": 31788000.0,
        "Amortization Of Intangibles Income Statement": 31788000.0,
        "Research And Development": 14993000.0,
        "Selling General And Administration": 54953000.0,
        "Selling And Marketing Expense": 6741000.0,
        "General And Administrative Expense": 48212000.0,
        "Other Gand A": 5654000.0,
        "Insurance And Claims": 723000.0,
        "Salaries And Wages": 41835000.0,
        "Gross Profit": 99752000.0,
        "Cost Of Revenue": 32471000.0,
        "Total Revenue": 132223000.0,
        "Operating Revenue": 132223000.0
    }
}