{
    "2023-03-31": {
        "Tax Effect Of Unusual Items": NaN,
        "Tax Rate For Calcs": NaN,
        "Normalized EBITDA": NaN,
        "Total Unusual Items": 24586000000.0,
        "Total Unusual Items Excluding Goodwill": 24586000000.0,
        "Net Income From Continuing Operation Net Minority Interest": NaN,
        "Reconciled Depreciation": 934379000000.0,
        "Reconciled Cost Of Revenue": 524477000000.0,
        "EBITDA": NaN,
        "EBIT": NaN,
        "Net Interest Income": -104150000000.0,
        "Interest Expense": 93070000000.0,
        "Interest Income": 12998000000.0,
        "Normalized Income": NaN,
        "Net Income From Continuing And Discontinued Operation": NaN,
        "Total Expenses": 3868032000000.0,
        "Rent Expense Supplemental": 38471000000.0,
        "Total Operating Income As Reported": NaN,
        "Diluted Average Shares": 393374811.0,
        "Basic Average Shares": 393254297.0,
        "Diluted EPS": 729.27,
        "Basic EPS": 729.27,
        "Diluted NI Availto Com Stockholders": NaN,
        "Net Income Common Stockholders": NaN,
        "Otherunder Preferred Stock Dividend": 3692000000.0,
        "Net Income": NaN,
        "Minority Interests": -11995000000.0,
        "Net Income Including Noncontrolling Interests": NaN,
        "Net Income Discontinuous Operations": NaN,
        "Net Income Continuous Operations": NaN,
        "Tax Provision": 118397000000.0,
        "Pretax Income": NaN,
        "Other Income Expense": 20853000000.0,
        "Other Non Operating Income Expenses": -4504000000.0,
        "Special Income Charges": -6634000000.0,
        "Gain On Sale Of Ppe": 4684000000.0,
        "Other Special Charges": 4775000000.0,
        "Write Off": 11254000000.0,
        "Impairment Of Capital Assets": 64000000.0,
        "Earnings From Equity Interest": 771000000.0,
        "Gain On Sale Of Security": 31220000000.0,
        "Net Non Operating Interest Income Expense": -104150000000.0,
        "Total Other Finance Cost": 24078000000.0,
        "Interest Expense Non Operating": 93070000000.0,
        "Interest Income Non Operating": 12998000000.0,
        "Operating Income": NaN,
        "Operating Expense": 3309356000000.0,
        "Other Operating Expenses": 1620664000000.0,
        "Other Taxes": 7351000000.0,
        "Depreciation Amortization Depletion Income Statement": 900180000000.0,
        "Depreciation And Amortization In Income Statement": 900180000000.0,
        "Research And Development": 73580000000.0,
        "Selling General And Administration": 707581000000.0,
        "Selling And Marketing Expense": 43590000000.0,
        "General And Administrative Expense": 663991000000.0,
        "Other Gand A": 7950000000.0,
        "Rent And Landing Fees": 38471000000.0,
        "Salaries And Wages": 617570000000.0,
        "Gross Profit": 3813551000000.0,
        "Cost Of Revenue": 558676000000.0,
        "Total Revenue": NaN,
        "Operating Revenue": NaN
    },
    "2022-12-31": {
        "Tax Effect Of Unusual Items": NaN,
        "Tax Rate For Calcs": NaN,
        "Normalized EBITDA": NaN,
        "Total Unusual Items": NaN,
        "Total Unusual Items Excluding Goodwill": NaN,
        "Net Income From Continuing Operation Net Minority Interest": NaN,
        "Reconciled Depreciation": NaN,
        "Reconciled Cost Of Revenue": NaN,
        "EBITDA": NaN,
        "EBIT": NaN,
        "Net Interest Income": NaN,
        "Interest Expense": NaN,
        "Interest Income": NaN,
        "Normalized Income": NaN,
        "Net Income From Continuing And Discontinued Operation": NaN,
        "Total Expenses": NaN,
        "Rent Expense Supplemental": NaN,
        "Total Operating Income As Reported": NaN,
        "Diluted Average Shares": NaN,
        "Basic Average Shares": NaN,
        "Diluted EPS": NaN,
        "Basic EPS": NaN,
        "Diluted NI Availto Com Stockholders": NaN,
        "Net Income Common Stockholders": NaN,
        "Otherunder Preferred Stock Dividend": NaN,
        "Net Income": NaN,
        "Minority Interests": NaN,
        "Net Income Including Noncontrolling Interests": NaN,
        "Net Income Discontinuous Operations": 0.0,
        "Net Income Continuous Operations": NaN,
        "Tax Provision": NaN,
        "Pretax Income": NaN,
        "Other Income Expense": NaN,
        "Other Non Operating Income Expenses": NaN,
        "Special Income Charges": NaN,
        "Gain On Sale Of Ppe": NaN,
        "Other Special Charges": 1840000000.0,
        "Write Off": NaN,
        "Impairment Of Capital Assets": NaN,
        "Earnings From Equity Interest": NaN,
        "Gain On Sale Of Security": NaN,
        "Net Non Operating Interest Income Expense": NaN,
        "Total Other Finance Cost": NaN,
        "Interest Expense Non Operating": NaN,
        "Interest Income Non Operating": NaN,
        "Operating Income": NaN,
        "Operating Expense": NaN,
        "Other Operating Expenses": NaN,
        "Other Taxes": NaN,
        "Depreciation Amortization Depletion Income Statement": NaN,
        "Depreciation And Amortization In Income Statement": NaN,
        "Research And Development": NaN,
        "Selling General And Administration": NaN,
        "Selling And Marketing Expense": NaN,
        "General And Administrative Expense": NaN,
        "Other Gand A": NaN,
        "Rent And Landing Fees": NaN,
        "Salaries And Wages": NaN,
        "Gross Profit": NaN,
        "Cost Of Revenue": NaN,
        "Total Revenue": NaN,
        "Operating Revenue": NaN
    },
    "2022-09-30": {
        "Tax Effect Of Unusual Items": NaN,
        "Tax Rate For Calcs": NaN,
        "Normalized EBITDA": NaN,
        "Total Unusual Items": NaN,
        "Total Unusual Items Excluding Goodwill": NaN,
        "Net Income From Continuing Operation Net Minority Interest": NaN,
        "Reconciled Depreciation": NaN,
        "Reconciled Cost Of Revenue": NaN,
        "EBITDA": NaN,
        "EBIT": NaN,
        "Net Interest Income": NaN,
        "Interest Expense": NaN,
        "Interest Income": NaN,
        "Normalized Income": NaN,
        "Net Income From Continuing And Discontinued Operation": NaN,
        "Total Expenses": NaN,
        "Rent Expense Supplemental": NaN,
        "Total Operating Income As Reported": NaN,
        "Diluted Average Shares": 393034732.0,
        "Basic Average Shares": 392850546.0,
        "Diluted EPS": 587.745,
        "Basic EPS": 587.745,
        "Diluted NI Availto Com Stockholders": NaN,
        "Net Income Common Stockholders": NaN,
        "Otherunder Preferred Stock Dividend": NaN,
        "Net Income": NaN,
        "Minority Interests": NaN,
        "Net Income Including Noncontrolling Interests": NaN,
        "Net Income Discontinuous Operations": 0.0,
        "Net Income Continuous Operations": NaN,
        "Tax Provision": NaN,
        "Pretax Income": NaN,
        "Other Income Expense": NaN,
        "Other Non Operating Income Expenses": 1525000000.0,
        "Special Income Charges": NaN,
        "Gain On Sale Of Ppe": NaN,
        "Other Special Charges": 1124000000.0,
        "Write Off": NaN,
        "Impairment Of Capital Assets": NaN,
        "Earnings From Equity Interest": NaN,
        "Gain On Sale Of Security": NaN,
        "Net Non Operating Interest Income Expense": NaN,
        "Total Other Finance Cost": 15206000000.0,
        "Interest Expense Non Operating": NaN,
        "Interest Income Non Operating": NaN,
        "Operating Income": NaN,
        "Operating Expense": NaN,
        "Other Operating Expenses": NaN,
        "Other Taxes": NaN,
        "Depreciation Amortization Depletion Income Statement": NaN,
        "Depreciation And Amortization In Income Statement": NaN,
        "Research And Development": NaN,
        "Selling General And Administration": NaN,
        "Selling And Marketing Expense": NaN,
        "General And Administrative Expense": NaN,
        "Other Gand A": NaN,
        "Rent And Landing Fees": NaN,
        "Salaries And Wages": NaN,
        "Gross Profit": NaN,
        "Cost Of Revenue": NaN,
        "Total Revenue": NaN,
        "Operating Revenue": NaN
    },
    "2022-06-30": {
        "Tax Effect Of Unusual Items": -5436213474.358497,
        "Tax Rate For Calcs": 0.359063,
        "Normalized EBITDA": 1401113000000.0,
        "Total Unusual Items": -15140000000.0,
        "Total Unusual Items Excluding Goodwill": -15140000000.0,
        "Net Income From Continuing Operation Net Minority Interest": 253862000000.0,
        "Reconciled Depreciation": 471557000000.0,
        "Reconciled Cost Of Revenue": 949815000000.0,
        "EBITDA": 1385973000000.0,
        "EBIT": 478641000000.0,
        "Net Interest Income": -64414000000.0,
        "Interest Expense": 75876000000.0,
        "Interest Income": 11462000000.0,
        "Normalized Income": 263565786525.6415,
        "Net Income From Continuing And Discontinued Operation": 253862000000.0,
        "Total Expenses": 3824074000000.0,
        "Rent Expense Supplemental": 27041000000.0,
        "Total Operating Income As Reported": 459605000000.0,
        "Diluted Average Shares": 393074836.0,
        "Basic Average Shares": 392827548.0,
        "Diluted EPS": 636.585,
        "Basic EPS": 636.585,
        "Diluted NI Availto Com Stockholders": 250171000000.0,
        "Net Income Common Stockholders": 250171000000.0,
        "Otherunder Preferred Stock Dividend": 3691000000.0,
        "Net Income": 253862000000.0,
        "Minority Interests": -4285000000.0,
        "Net Income Including Noncontrolling Interests": 258147000000.0,
        "Net Income Discontinuous Operations": 0.0,
        "Net Income Continuous Operations": 258147000000.0,
        "Tax Provision": 144618000000.0,
        "Pretax Income": 402765000000.0,
        "Other Income Expense": 1396000000.0,
        "Other Non Operating Income Expenses": 2960000000.0,
        "Special Income Charges": -15476000000.0,
        "Gain On Sale Of Ppe": -3052000000.0,
        "Other Special Charges": 4911000000.0,
        "Write Off": 7513000000.0,
        "Impairment Of Capital Assets": NaN,
        "Earnings From Equity Interest": 13576000000.0,
        "Gain On Sale Of Security": 336000000.0,
        "Net Non Operating Interest Income Expense": -64414000000.0,
        "Interest Expense Non Operating": 75876000000.0,
        "Interest Income Non Operating": 11462000000.0,
        "Operating Income": 465783000000.0,
        "Operating Expense": 3310034000000.0,
        "Other Operating Expenses": 232313000000.0,
        "Other Taxes": 27712000000.0,
        "Depreciation Amortization Depletion Income Statement": 907332000000.0,
        "Depreciation And Amortization In Income Statement": 907332000000.0,
        "Research And Development": 88661000000.0,
        "Selling General And Administration": 2054016000000.0,
        "Selling And Marketing Expense": 1425794000000.0,
        "General And Administrative Expense": 628222000000.0,
        "Other Gand A": 8030000000.0,
        "Rent And Landing Fees": 27041000000.0,
        "Salaries And Wages": 593151000000.0,
        "Gross Profit": 3775817000000.0,
        "Cost Of Revenue": 514040000000.0,
        "Total Revenue": 4289857000000.0,
        "Operating Revenue": 4289857000000.0
    },
    "2022-03-31": {
        "Diluted EPS": 0.43,
        "Total Revenue": NaN,
        "Gross Profit": NaN,
        "Operating Income": 346,
        "EBIT": 346,
        "Net Income": 169
    },
    "2021-12-31": {
        "Diluted EPS": -0.57,
        "Total Revenue": NaN,
        "Gross Profit": NaN,
        "Operating Income": 222,
        "EBIT": 222,
        "Net Income": 256
    },
    "2021-09-30": {
        "Diluted EPS": 1.1,
        "Total Revenue": NaN,
        "Gross Profit": NaN,
        "Operating Income": 360,
        "EBIT": 360,
        "Net Income": 706
    },
    "2021-06-30": {
        "Diluted EPS": 1.78,
        "Total Revenue": NaN,
        "Gross Profit": NaN,
        "Operating Income": 357,
        "EBIT": 357,
        "Net Income": 689
    },
    "2021-03-31": {
        "Diluted EPS": 1.29,
        "Total Revenue": NaN,
        "Gross Profit": NaN,
        "Operating Income": 350,
        "EBIT": 350,
        "Net Income": 502
    },
    "2020-12-31": {
        "Diluted EPS": 0.76,
        "Total Revenue": NaN,
        "Gross Profit": NaN,
        "Operating Income": 65,
        "EBIT": 65,
        "Net Income": 311
    },
    "2020-09-30": {
        "Diluted EPS": 0.77,
        "Total Revenue": NaN,
        "Gross Profit": NaN,
        "Operating Income": 289,
        "EBIT": 289,
        "Net Income": 310
    },
    "2020-06-30": {
        "Diluted EPS": 0.85,
        "Total Revenue": NaN,
        "Gross Profit": NaN,
        "Operating Income": 288,
        "EBIT": 288,
        "Net Income": 339
    },
    "2020-03-31": {
        "Diluted EPS": 0.61,
        "Total Revenue": NaN,
        "Gross Profit": NaN,
        "Operating Income": 242,
        "EBIT": 242,
        "Net Income": 245
    },
    "2019-09-30": {
        "Diluted EPS": 0.55,
        "Total Revenue": NaN,
        "Gross Profit": NaN,
        "Operating Income": 242,
        "EBIT": 242,
        "Net Income": 217
    },
    "2019-03-31": {
        "Diluted EPS": 0.86,
        "Total Revenue": NaN,
        "Gross Profit": NaN,
        "Operating Income": 290,
        "EBIT": 290,
        "Net Income": 341
    },
    "2018-12-31": {
        "Diluted EPS": 1.2,
        "Total Revenue": NaN,
        "Gross Profit": NaN,
        "Operating Income": -120,
        "EBIT": -120,
        "Net Income": 464
    },
    "2018-09-30": {
        "Diluted EPS": 2.39,
        "Total Revenue": NaN,
        "Gross Profit": NaN,
        "Operating Income": 274,
        "EBIT": 274,
        "Net Income": 925
    },
    "2018-06-30": {
        "Diluted EPS": 2.12,
        "Total Revenue": NaN,
        "Gross Profit": NaN,
        "Operating Income": 312,
        "EBIT": 312,
        "Net Income": 817
    },
    "2018-03-31": {
        "Diluted EPS": 1.62,
        "Total Revenue": NaN,
        "Gross Profit": NaN,
        "Operating Income": 293,
        "EBIT": 293,
        "Net Income": 625
    },
    "2017-12-31": {
        "Diluted EPS": 1.82,
        "Total Revenue": NaN,
        "Gross Profit": NaN,
        "Operating Income": 334,
        "EBIT": 334,
        "Net Income": 704
    },
    "2017-09-30": {
        "Diluted EPS": 1.86,
        "Total Revenue": NaN,
        "Gross Profit": NaN,
        "Operating Income": 353,
        "EBIT": 353,
        "Net Income": 716
    },
    "2017-06-30": {
        "Diluted EPS": 1.44,
        "Total Revenue": NaN,
        "Gross Profit": NaN,
        "Operating Income": 19,
        "EBIT": 19,
        "Net Income": 555
    },
    "2017-03-31": {
        "Diluted EPS": 0.91,
        "Total Revenue": NaN,
        "Gross Profit": NaN,
        "Operating Income": 395,
        "EBIT": 395,
        "Net Income": 349
    },
    "2016-12-31": {
        "Diluted EPS": 1.29,
        "Total Revenue": NaN,
        "Gross Profit": NaN,
        "Operating Income": 39,
        "EBIT": 39,
        "Net Income": 495
    },
    "2016-09-30": {
        "Diluted EPS": 0.75,
        "Total Revenue": NaN,
        "Gross Profit": NaN,
        "Operating Income": 382,
        "EBIT": 382,
        "Net Income": 293
    },
    "2016-06-30": {
        "Diluted EPS": 0.64,
        "Total Revenue": NaN,
        "Gross Profit": NaN,
        "Operating Income": 430,
        "EBIT": 430,
        "Net Income": 248
    },
    "2016-03-31": {
        "Diluted EPS": 1.19,
        "Total Revenue": NaN,
        "Gross Profit": NaN,
        "Operating Income": 322,
        "EBIT": 322,
        "Net Income": 457
    },
    "2015-12-31": {
        "Diluted EPS": 0.71,
        "Total Revenue": NaN,
        "Gross Profit": NaN,
        "Operating Income": 362,
        "EBIT": 362,
        "Net Income": 266
    },
    "2015-09-30": {
        "Diluted EPS": 0.87,
        "Total Revenue": NaN,
        "Gross Profit": NaN,
        "Operating Income": 442,
        "EBIT": 442,
        "Net Income": 344
    },
    "2015-06-30": {
        "Diluted EPS": 0.89,
        "Total Revenue": NaN,
        "Gross Profit": NaN,
        "Operating Income": 372,
        "EBIT": 372,
        "Net Income": 356
    },
    "2015-03-31": {
        "Diluted EPS": 1.07,
        "Total Revenue": NaN,
        "Gross Profit": NaN,
        "Operating Income": 477,
        "EBIT": 477,
        "Net Income": 412
    },
    "2014-12-31": {
        "Diluted EPS": 1.14,
        "Total Revenue": NaN,
        "Gross Profit": NaN,
        "Operating Income": -905,
        "EBIT": -905,
        "Net Income": 451
    },
    "2014-09-30": {
        "Diluted EPS": 0.74,
        "Total Revenue": NaN,
        "Gross Profit": NaN,
        "Operating Income": -517,
        "EBIT": -517,
        "Net Income": 287
    },
    "2014-06-30": {
        "Diluted EPS": 1.22,
        "Total Revenue": NaN,
        "Gross Profit": NaN,
        "Operating Income": 912,
        "EBIT": 912,
        "Net Income": 484
    },
    "2014-03-31": {
        "Diluted EPS": 0.69,
        "Total Revenue": NaN,
        "Gross Profit": NaN,
        "Operating Income": 572,
        "EBIT": 572,
        "Net Income": 265
    },
    "2013-12-31": {
        "Diluted EPS": 0.74,
        "Total Revenue": NaN,
        "Gross Profit": NaN,
        "Operating Income": 436,
        "EBIT": NaN,
        "Net Income": 289
    },
    "2013-09-30": {
        "Diluted EPS": 1.17,
        "Total Revenue": NaN,
        "Gross Profit": NaN,
        "Operating Income": 496,
        "EBIT": NaN,
        "Net Income": 454
    },
    "2013-06-30": {
        "Diluted EPS": 1.1,
        "Total Revenue": NaN,
        "Gross Profit": NaN,
        "Operating Income": 498,
        "EBIT": 498,
        "Net Income": 420
    },
    "2013-03-31": {
        "Diluted EPS": 0.87,
        "Total Revenue": NaN,
        "Gross Profit": NaN,
        "Operating Income": 382,
        "EBIT": 382,
        "Net Income": 329
    },
    "2012-12-31": {
        "Diluted EPS": 0.0,
        "Total Revenue": NaN,
        "Gross Profit": NaN,
        "Operating Income": 397,
        "EBIT": NaN,
        "Net Income": 590
    },
    "2012-09-30": {
        "Diluted EPS": 0.41,
        "Total Revenue": NaN,
        "Gross Profit": NaN,
        "Operating Income": 268,
        "EBIT": NaN,
        "Net Income": 159
    },
    "2012-06-30": {
        "Diluted EPS": 0.31,
        "Total Revenue": NaN,
        "Gross Profit": NaN,
        "Operating Income": 415,
        "EBIT": 415,
        "Net Income": 128
    },
    "2012-03-31": {
        "Diluted EPS": 0.69,
        "Total Revenue": NaN,
        "Gross Profit": NaN,
        "Operating Income": 400,
        "EBIT": 400,
        "Net Income": 271
    },
    "2011-12-31": {
        "Diluted EPS": 0.0,
        "Total Revenue": NaN,
        "Gross Profit": NaN,
        "Operating Income": 274,
        "EBIT": 274,
        "Net Income": 189
    },
    "2011-09-30": {
        "Diluted EPS": 0.82,
        "Total Revenue": NaN,
        "Gross Profit": NaN,
        "Operating Income": 490,
        "EBIT": 490,
        "Net Income": 327
    },
    "2011-06-30": {
        "Diluted EPS": 1.1,
        "Total Revenue": NaN,
        "Gross Profit": NaN,
        "Operating Income": 619,
        "EBIT": 619,
        "Net Income": 439
    },
    "2011-03-31": {
        "Diluted EPS": 1.24,
        "Total Revenue": NaN,
        "Gross Profit": NaN,
        "Operating Income": 560,
        "EBIT": 560,
        "Net Income": 494
    },
    "2010-12-31": {
        "Diluted EPS": 0.0,
        "Total Revenue": NaN,
        "Gross Profit": NaN,
        "Operating Income": NaN,
        "EBIT": NaN,
        "Net Income": NaN
    },
    "2010-06-30": {
        "Diluted EPS": 0.74,
        "Total Revenue": NaN,
        "Gross Profit": NaN,
        "Operating Income": NaN,
        "EBIT": NaN,
        "Net Income": 298
    },
    "2010-03-31": {
        "Diluted EPS": 0.71,
        "Total Revenue": NaN,
        "Gross Profit": NaN,
        "Operating Income": NaN,
        "EBIT": NaN,
        "Net Income": 284
    },
    "2009-12-31": {
        "Diluted EPS": 0.54,
        "Total Revenue": NaN,
        "Gross Profit": NaN,
        "Operating Income": NaN,
        "EBIT": NaN,
        "Net Income": 219
    },
    "2009-09-30": {
        "Diluted EPS": 0.87,
        "Total Revenue": NaN,
        "Gross Profit": NaN,
        "Operating Income": NaN,
        "EBIT": NaN,
        "Net Income": 354
    },
    "2009-06-30": {
        "Diluted EPS": 0.61,
        "Total Revenue": NaN,
        "Gross Profit": NaN,
        "Operating Income": NaN,
        "EBIT": NaN,
        "Net Income": 245
    },
    "2009-03-31": {
        "Diluted EPS": 0.69,
        "Total Revenue": NaN,
        "Gross Profit": NaN,
        "Operating Income": NaN,
        "EBIT": NaN,
        "Net Income": 280
    },
    "2023-06-30": {
        "Tax Effect Of Unusual Items": 12448664981.62684,
        "Tax Rate For Calcs": 0.226934,
        "Normalized EBITDA": 1404482000000.0,
        "Total Unusual Items": 54856000000.0,
        "Total Unusual Items Excluding Goodwill": 54856000000.0,
        "Net Income From Continuing Operation Net Minority Interest": 329183000000.0,
        "Reconciled Depreciation": 486505000000.0,
        "Reconciled Cost Of Revenue": 938563000000.0,
        "EBITDA": 1459338000000.0,
        "EBIT": 545687000000.0,
        "Net Interest Income": -86992000000.0,
        "Interest Expense": 95846000000.0,
        "Interest Income": 19270000000.0,
        "Normalized Income": 286775664981.62683,
        "Net Income From Continuing And Discontinued Operation": 329183000000.0,
        "Total Expenses": 3832733000000.0,
        "Rent Expense Supplemental": 33587000000.0,
        "Total Operating Income As Reported": 463409000000.0,
        "Diluted Average Shares": 393645297.0,
        "Basic Average Shares": 393645297.0,
        "Diluted EPS": 836.285871,
        "Basic EPS": 836.285871,
        "Diluted NI Availto Com Stockholders": 325492000000.0,
        "Net Income Common Stockholders": 325492000000.0,
        "Otherunder Preferred Stock Dividend": 3691000000.0,
        "Net Income": 329183000000.0,
        "Minority Interests": -18574000000.0,
        "Net Income Including Noncontrolling Interests": 347757000000.0,
        "Net Income Discontinuous Operations": NaN,
        "Net Income Continuous Operations": 347757000000.0,
        "Tax Provision": 102084000000.0,
        "Pretax Income": 449841000000.0,
        "Other Income Expense": 63183000000.0,
        "Other Non Operating Income Expenses": -574000000.0,
        "Special Income Charges": -7521000000.0,
        "Gain On Sale Of Ppe": 3949000000.0,
        "Other Special Charges": 5891000000.0,
        "Write Off": 11065000000.0,
        "Impairment Of Capital Assets": 405000000.0,
        "Earnings From Equity Interest": 8901000000.0,
        "Gain On Sale Of Security": 62377000000.0,
        "Net Non Operating Interest Income Expense": -86992000000.0,
        "Total Other Finance Cost": 10416000000.0,
        "Interest Expense Non Operating": 95846000000.0,
        "Interest Income Non Operating": 19270000000.0,
        "Operating Income": 473650000000.0,
        "Operating Expense": 3321316000000.0,
        "Other Operating Expenses": 1614455000000.0,
        "Other Taxes": 23567000000.0,
        "Depreciation Amortization Depletion Income Statement": 913651000000.0,
        "Depreciation And Amortization In Income Statement": 913651000000.0,
        "Research And Development": 87901000000.0,
        "Selling General And Administration": 681742000000.0,
        "Selling And Marketing Expense": 49159000000.0,
        "General And Administrative Expense": 632583000000.0,
        "Other Gand A": 8152000000.0,
        "Rent And Landing Fees": 33587000000.0,
        "Salaries And Wages": 590844000000.0,
        "Gross Profit": 3794966000000.0,
        "Cost Of Revenue": 511417000000.0,
        "Total Revenue": 4306383000000.0,
        "Operating Revenue": 4306383000000.0
    },
    "2023-09-30": {
        "Tax Effect Of Unusual Items": -5327477938.731893,
        "Tax Rate For Calcs": 0.229494,
        "Normalized EBITDA": 1910356000000.0,
        "Total Unusual Items": -23214000000.0,
        "Total Unusual Items Excluding Goodwill": -23214000000.0,
        "Net Income From Continuing Operation Net Minority Interest": 297923000000.0,
        "Reconciled Depreciation": 1389497000000.0,
        "Reconciled Cost Of Revenue": 36075000000.0,
        "EBITDA": 1887142000000.0,
        "EBIT": 497645000000.0,
        "Net Interest Income": -81189000000.0,
        "Interest Expense": 97600000000.0,
        "Interest Income": 16411000000.0,
        "Normalized Income": 315809522061.2681,
        "Net Income From Continuing And Discontinued Operation": 297923000000.0,
        "Total Expenses": 3896341000000.0,
        "Rent Expense Supplemental": 37442000000.0,
        "Total Operating Income As Reported": 497962000000.0,
        "Diluted Average Shares": 392368207.0,
        "Basic Average Shares": 392241568.0,
        "Diluted EPS": 746.475,
        "Basic EPS": 747.03,
        "Diluted NI Availto Com Stockholders": 292973000000.0,
        "Net Income Common Stockholders": 292973000000.0,
        "Otherunder Preferred Stock Dividend": 4950000000.0,
        "Net Income": 297923000000.0,
        "Minority Interests": -10314000000.0,
        "Net Income Including Noncontrolling Interests": 308237000000.0,
        "Net Income Discontinuous Operations": NaN,
        "Net Income Continuous Operations": 308237000000.0,
        "Tax Provision": 91808000000.0,
        "Pretax Income": 400045000000.0,
        "Other Income Expense": -25035000000.0,
        "Other Non Operating Income Expenses": 1414000000.0,
        "Special Income Charges": -8502000000.0,
        "Gain On Sale Of Ppe": 1975000000.0,
        "Other Special Charges": NaN,
        "Write Off": 10434000000.0,
        "Impairment Of Capital Assets": 43000000.0,
        "Earnings From Equity Interest": -3235000000.0,
        "Gain On Sale Of Security": -14712000000.0,
        "Net Non Operating Interest Income Expense": -81189000000.0,
        "Total Other Finance Cost": NaN,
        "Interest Expense Non Operating": 97600000000.0,
        "Interest Income Non Operating": 16411000000.0,
        "Operating Income": 506269000000.0,
        "Operating Expense": 3365552000000.0,
        "Other Operating Expenses": 1674550000000.0,
        "Other Taxes": -5602000000.0,
        "Depreciation Amortization Depletion Income Statement": 894783000000.0,
        "Depreciation And Amortization In Income Statement": 894783000000.0,
        "Research And Development": 90489000000.0,
        "Selling General And Administration": 711332000000.0,
        "Selling And Marketing Expense": 51544000000.0,
        "General And Administrative Expense": 659788000000.0,
        "Other Gand A": 8097000000.0,
        "Rent And Landing Fees": 37442000000.0,
        "Salaries And Wages": 614249000000.0,
        "Gross Profit": 3871821000000.0,
        "Cost Of Revenue": 530789000000.0,
        "Total Revenue": 4402610000000.0,
        "Operating Revenue": 4402610000000.0
    },
    "2023-12-31": {
        "Tax Effect Of Unusual Items": -5066086418.730882,
        "Tax Rate For Calcs": 0.137781,
        "Normalized EBITDA": 1297876000000.0,
        "Total Unusual Items": -36769000000.0,
        "Total Unusual Items Excluding Goodwill": -36769000000.0,
        "Net Income From Continuing Operation Net Minority Interest": 175999000000.0,
        "Reconciled Depreciation": 940415000000.0,
        "Reconciled Cost Of Revenue": 585148000000.0,
        "EBITDA": 1261107000000.0,
        "EBIT": 320692000000.0,
        "Net Interest Income": -81921000000.0,
        "Interest Expense": 103297000000.0,
        "Interest Income": 21376000000.0,
        "Normalized Income": 207701913581.2691,
        "Net Income From Continuing And Discontinued Operation": 175999000000.0,
        "Total Expenses": 4199361000000.0,
        "Rent Expense Supplemental": 32856000000.0,
        "Total Operating Income As Reported": 300127000000.0,
        "Diluted Average Shares": NaN,
        "Basic Average Shares": NaN,
        "Diluted EPS": NaN,
        "Basic EPS": NaN,
        "Diluted NI Availto Com Stockholders": 171049000000.0,
        "Net Income Common Stockholders": 171049000000.0,
        "Otherunder Preferred Stock Dividend": 4950000000.0,
        "Net Income": 175999000000.0,
        "Minority Interests": -11443000000.0,
        "Net Income Including Noncontrolling Interests": 187442000000.0,
        "Net Income Discontinuous Operations": NaN,
        "Net Income Continuous Operations": 187442000000.0,
        "Tax Provision": 29953000000.0,
        "Pretax Income": 217395000000.0,
        "Other Income Expense": -28614000000.0,
        "Other Non Operating Income Expenses": NaN,
        "Special Income Charges": -33111000000.0,
        "Gain On Sale Of Ppe": 1921000000.0,
        "Other Special Charges": NaN,
        "Write Off": 10409000000.0,
        "Impairment Of Capital Assets": 9857000000.0,
        "Earnings From Equity Interest": 4491000000.0,
        "Gain On Sale Of Security": -3658000000.0,
        "Net Non Operating Interest Income Expense": -81921000000.0,
        "Total Other Finance Cost": NaN,
        "Interest Expense Non Operating": 103297000000.0,
        "Interest Income Non Operating": 21376000000.0,
        "Operating Income": 327930000000.0,
        "Operating Expense": 3579950000000.0,
        "Other Operating Expenses": 1754615000000.0,
        "Other Taxes": 3693000000.0,
        "Depreciation Amortization Depletion Income Statement": 906152000000.0,
        "Depreciation And Amortization In Income Statement": 906152000000.0,
        "Research And Development": 117537000000.0,
        "Selling General And Administration": 797953000000.0,
        "Selling And Marketing Expense": 91476000000.0,
        "General And Administrative Expense": 706477000000.0,
        "Other Gand A": 8039000000.0,
        "Rent And Landing Fees": 32856000000.0,
        "Salaries And Wages": 665582000000.0,
        "Gross Profit": 3907880000000.0,
        "Cost Of Revenue": 619411000000.0,
        "Total Revenue": 4527291000000.0,
        "Operating Revenue": 4527291000000.0
    },
    "2024-03-31": {
        "Tax Effect Of Unusual Items": 4303168351.314252,
        "Tax Rate For Calcs": 0.1788,
        "Normalized EBITDA": 1453233000000.0,
        "Total Unusual Items": 24067000000.0,
        "Total Unusual Items Excluding Goodwill": 24067000000.0,
        "Net Income From Continuing Operation Net Minority Interest": 352986000000.0,
        "Reconciled Depreciation": 931523000000.0,
        "Reconciled Cost Of Revenue": 537138000000.0,
        "EBITDA": 1477300000000.0,
        "EBIT": 545777000000.0,
        "Net Interest Income": -97889000000.0,
        "Interest Expense": 105032000000.0,
        "Interest Income": 18819000000.0,
        "Normalized Income": 333222168351.3143,
        "Net Income From Continuing And Discontinued Operation": 352986000000.0,
        "Total Expenses": 3962551000000.0,
        "Rent Expense Supplemental": 31314000000.0,
        "Total Operating Income As Reported": 498489000000.0,
        "Diluted Average Shares": 383799928.0,
        "Basic Average Shares": 383305177.0,
        "Diluted EPS": 906.87,
        "Basic EPS": 907.98,
        "Diluted NI Availto Com Stockholders": 348036000000.0,
        "Net Income Common Stockholders": 348036000000.0,
        "Otherunder Preferred Stock Dividend": 4950000000.0,
        "Net Income": 352986000000.0,
        "Minority Interests": -8954000000.0,
        "Net Income Including Noncontrolling Interests": 361940000000.0,
        "Net Income Discontinuous Operations": NaN,
        "Net Income Continuous Operations": 361940000000.0,
        "Tax Provision": 78805000000.0,
        "Pretax Income": 440745000000.0,
        "Other Income Expense": 26574000000.0,
        "Other Non Operating Income Expenses": -2399000000.0,
        "Special Income Charges": -12740000000.0,
        "Gain On Sale Of Ppe": 2209000000.0,
        "Other Special Charges": NaN,
        "Write Off": 14949000000.0,
        "Impairment Of Capital Assets": 0.0,
        "Earnings From Equity Interest": 4906000000.0,
        "Gain On Sale Of Security": 36807000000.0,
        "Net Non Operating Interest Income Expense": -97889000000.0,
        "Total Other Finance Cost": 11676000000.0,
        "Interest Expense Non Operating": 105032000000.0,
        "Interest Income Non Operating": 18819000000.0,
        "Operating Income": 512060000000.0,
        "Operating Expense": 3391040000000.0,
        "Other Operating Expenses": 1660387000000.0,
        "Other Taxes": 9630000000.0,
        "Depreciation Amortization Depletion Income Statement": 897150000000.0,
        "Depreciation And Amortization In Income Statement": 897150000000.0,
        "Research And Development": 88928000000.0,
        "Selling General And Administration": 734945000000.0,
        "Selling And Marketing Expense": 34742000000.0,
        "General And Administrative Expense": 700203000000.0,
        "Other Gand A": 8272000000.0,
        "Rent And Landing Fees": 31314000000.0,
        "Salaries And Wages": 660617000000.0,
        "Gross Profit": 3903100000000.0,
        "Cost Of Revenue": 571511000000.0,
        "Total Revenue": 4474611000000.0,
        "Operating Revenue": 4474611000000.0
    },
    "2024-06-30": {
        "Tax Effect Of Unusual Items": 0.0,
        "Tax Rate For Calcs": 0.24,
        "Normalized EBITDA": 537500000000.0,
        "Total Unusual Items": NaN,
        "Total Unusual Items Excluding Goodwill": NaN,
        "Net Income From Continuing Operation Net Minority Interest": 337400000000.0,
        "Reconciled Depreciation": NaN,
        "Reconciled Cost Of Revenue": NaN,
        "EBITDA": 537500000000.0,
        "EBIT": 537500000000.0,
        "Net Interest Income": NaN,
        "Interest Expense": NaN,
        "Interest Income": NaN,
        "Normalized Income": 337400000000.0,
        "Net Income From Continuing And Discontinued Operation": 337400000000.0,
        "Total Expenses": NaN,
        "Rent Expense Supplemental": NaN,
        "Total Operating Income As Reported": 537500000000.0,
        "Diluted Average Shares": 383578995.0,
        "Basic Average Shares": 383578995.0,
        "Diluted EPS": 879.610209,
        "Basic EPS": 879.610209,
        "Diluted NI Availto Com Stockholders": 337400000000.0,
        "Net Income Common Stockholders": 337400000000.0,
        "Otherunder Preferred Stock Dividend": NaN,
        "Net Income": 337400000000.0,
        "Minority Interests": NaN,
        "Net Income Including Noncontrolling Interests": 350200000000.0,
        "Net Income Discontinuous Operations": NaN,
        "Net Income Continuous Operations": 478200000000.0,
        "Tax Provision": NaN,
        "Pretax Income": 478200000000.0,
        "Other Income Expense": NaN,
        "Other Non Operating Income Expenses": NaN,
        "Special Income Charges": NaN,
        "Gain On Sale Of Ppe": NaN,
        "Other Special Charges": NaN,
        "Write Off": NaN,
        "Impairment Of Capital Assets": NaN,
        "Earnings From Equity Interest": NaN,
        "Gain On Sale Of Security": NaN,
        "Net Non Operating Interest Income Expense": NaN,
        "Total Other Finance Cost": NaN,
        "Interest Expense Non Operating": NaN,
        "Interest Income Non Operating": NaN,
        "Operating Income": 537500000000.0,
        "Operating Expense": NaN,
        "Other Operating Expenses": NaN,
        "Other Taxes": NaN,
        "Depreciation Amortization Depletion Income Statement": NaN,
        "Depreciation And Amortization In Income Statement": NaN,
        "Research And Development": NaN,
        "Selling General And Administration": NaN,
        "Selling And Marketing Expense": NaN,
        "General And Administrative Expense": NaN,
        "Other Gand A": NaN,
        "Rent And Landing Fees": NaN,
        "Salaries And Wages": NaN,
        "Gross Profit": NaN,
        "Cost Of Revenue": NaN,
        "Total Revenue": 4422400000000.0,
        "Operating Revenue": 4422400000000.0
    }
}