{
    "2023-12-31": {
        "Tax Effect Of Unusual Items": 0.0,
        "Tax Rate For Calcs": 0.0,
        "Normalized EBITDA": -3550000.0,
        "Total Unusual Items": -8644000.0,
        "Total Unusual Items Excluding Goodwill": -8644000.0,
        "Net Income From Continuing Operation Net Minority Interest": -10571000.0,
        "Reconciled Depreciation": 628000.0,
        "EBITDA": -12194000.0,
        "EBIT": -12822000.0,
        "Net Interest Income": -225000.0,
        "Interest Expense": 225000.0,
        "Normalized Income": -1927000.0,
        "Net Income From Continuing And Discontinued Operation": -10571000.0,
        "Total Expenses": 6901000.0,
        "Total Operating Income As Reported": NaN,
        "Diluted Average Shares": NaN,
        "Basic Average Shares": NaN,
        "Diluted EPS": NaN,
        "Basic EPS": NaN,
        "Diluted NI Availto Com Stockholders": -10571000.0,
        "Net Income Common Stockholders": -10571000.0,
        "Net Income": -10571000.0,
        "Minority Interests": 2476000.0,
        "Net Income Including Noncontrolling Interests": -13047000.0,
        "Net Income Continuous Operations": -13047000.0,
        "Pretax Income": -13047000.0,
        "Other Income Expense": -8159000.0,
        "Other Non Operating Income Expenses": 485000.0,
        "Special Income Charges": 0.0,
        "Impairment Of Capital Assets": 0.0,
        "Gain On Sale Of Security": NaN,
        "Net Non Operating Interest Income Expense": -225000.0,
        "Interest Expense Non Operating": 225000.0,
        "Operating Income": -4663000.0,
        "Operating Expense": 6901000.0,
        "Other Operating Expenses": 1989000.0,
        "Depreciation Amortization Depletion Income Statement": 628000.0,
        "Depreciation And Amortization In Income Statement": 628000.0,
        "Depreciation Income Statement": 628000.0,
        "Selling General And Administration": 4284000.0,
        "General And Administrative Expense": 4284000.0,
        "Other Gand A": 4284000.0,
        "Total Revenue": 2238000.0,
        "Operating Revenue": 2238000.0
    },
    "2023-09-30": {
        "Tax Effect Of Unusual Items": 0.0,
        "Tax Rate For Calcs": 0.0,
        "Normalized EBITDA": -2692000.0,
        "Total Unusual Items": 1597000.0,
        "Total Unusual Items Excluding Goodwill": 1597000.0,
        "Net Income From Continuing Operation Net Minority Interest": -189000.0,
        "Reconciled Depreciation": 670000.0,
        "EBITDA": -1095000.0,
        "EBIT": -1765000.0,
        "Net Interest Income": -234000.0,
        "Interest Expense": 234000.0,
        "Normalized Income": -1786000.0,
        "Net Income From Continuing And Discontinued Operation": -189000.0,
        "Total Expenses": 5901000.0,
        "Total Operating Income As Reported": -3399000.0,
        "Diluted Average Shares": 15245000.0,
        "Basic Average Shares": 15245000.0,
        "Diluted EPS": -0.01,
        "Basic EPS": -0.01,
        "Diluted NI Availto Com Stockholders": -189000.0,
        "Net Income Common Stockholders": -189000.0,
        "Net Income": -189000.0,
        "Minority Interests": 1810000.0,
        "Net Income Including Noncontrolling Interests": -1999000.0,
        "Net Income Continuous Operations": -1999000.0,
        "Pretax Income": -1999000.0,
        "Other Income Expense": 1634000.0,
        "Other Non Operating Income Expenses": 37000.0,
        "Special Income Charges": 0.0,
        "Impairment Of Capital Assets": 0.0,
        "Gain On Sale Of Security": 1597000.0,
        "Net Non Operating Interest Income Expense": -234000.0,
        "Interest Expense Non Operating": 234000.0,
        "Operating Income": -3399000.0,
        "Operating Expense": 5901000.0,
        "Other Operating Expenses": 1675000.0,
        "Depreciation Amortization Depletion Income Statement": 670000.0,
        "Depreciation And Amortization In Income Statement": 670000.0,
        "Depreciation Income Statement": 670000.0,
        "Selling General And Administration": 3556000.0,
        "General And Administrative Expense": 3556000.0,
        "Other Gand A": 3556000.0,
        "Total Revenue": 2502000.0,
        "Operating Revenue": 2502000.0
    },
    "2023-06-30": {
        "Tax Effect Of Unusual Items": NaN,
        "Tax Rate For Calcs": NaN,
        "Normalized EBITDA": NaN,
        "Total Unusual Items": NaN,
        "Total Unusual Items Excluding Goodwill": NaN,
        "Net Income From Continuing Operation Net Minority Interest": NaN,
        "Reconciled Depreciation": NaN,
        "EBITDA": NaN,
        "EBIT": NaN,
        "Net Interest Income": NaN,
        "Interest Expense": NaN,
        "Normalized Income": NaN,
        "Net Income From Continuing And Discontinued Operation": NaN,
        "Total Expenses": NaN,
        "Total Operating Income As Reported": -4246000.0,
        "Diluted Average Shares": 57213000.0,
        "Basic Average Shares": 15167000.0,
        "Diluted EPS": 0.013598,
        "Basic EPS": 0.05,
        "Diluted NI Availto Com Stockholders": NaN,
        "Net Income Common Stockholders": NaN,
        "Net Income": NaN,
        "Minority Interests": NaN,
        "Net Income Including Noncontrolling Interests": NaN,
        "Net Income Continuous Operations": NaN,
        "Pretax Income": NaN,
        "Other Income Expense": NaN,
        "Other Non Operating Income Expenses": NaN,
        "Special Income Charges": 0.0,
        "Impairment Of Capital Assets": 0.0,
        "Gain On Sale Of Security": 2613000.0,
        "Net Non Operating Interest Income Expense": NaN,
        "Interest Expense Non Operating": NaN,
        "Operating Income": NaN,
        "Operating Expense": NaN,
        "Other Operating Expenses": NaN,
        "Depreciation Amortization Depletion Income Statement": NaN,
        "Depreciation And Amortization In Income Statement": NaN,
        "Depreciation Income Statement": NaN,
        "Selling General And Administration": NaN,
        "General And Administrative Expense": NaN,
        "Other Gand A": NaN,
        "Total Revenue": NaN,
        "Operating Revenue": NaN
    },
    "2023-03-31": {
        "Tax Effect Of Unusual Items": NaN,
        "Tax Rate For Calcs": NaN,
        "Normalized EBITDA": NaN,
        "Total Unusual Items": NaN,
        "Total Unusual Items Excluding Goodwill": NaN,
        "Net Income From Continuing Operation Net Minority Interest": NaN,
        "Reconciled Depreciation": NaN,
        "EBITDA": NaN,
        "EBIT": NaN,
        "Net Interest Income": NaN,
        "Interest Expense": NaN,
        "Normalized Income": NaN,
        "Net Income From Continuing And Discontinued Operation": NaN,
        "Total Expenses": NaN,
        "Total Operating Income As Reported": -4684000.0,
        "Diluted Average Shares": 14983000.0,
        "Basic Average Shares": 14983000.0,
        "Diluted EPS": -0.41,
        "Basic EPS": -0.41,
        "Diluted NI Availto Com Stockholders": NaN,
        "Net Income Common Stockholders": NaN,
        "Net Income": NaN,
        "Minority Interests": NaN,
        "Net Income Including Noncontrolling Interests": NaN,
        "Net Income Continuous Operations": NaN,
        "Pretax Income": NaN,
        "Other Income Expense": NaN,
        "Other Non Operating Income Expenses": NaN,
        "Special Income Charges": NaN,
        "Impairment Of Capital Assets": NaN,
        "Gain On Sale Of Security": -4210000.0,
        "Net Non Operating Interest Income Expense": NaN,
        "Interest Expense Non Operating": NaN,
        "Operating Income": NaN,
        "Operating Expense": NaN,
        "Other Operating Expenses": NaN,
        "Depreciation Amortization Depletion Income Statement": NaN,
        "Depreciation And Amortization In Income Statement": NaN,
        "Depreciation Income Statement": NaN,
        "Selling General And Administration": NaN,
        "General And Administrative Expense": NaN,
        "Other Gand A": NaN,
        "Total Revenue": NaN,
        "Operating Revenue": NaN
    },
    "2024-03-31": {
        "Tax Effect Of Unusual Items": 0.0,
        "Tax Rate For Calcs": 0.0,
        "Normalized EBITDA": -4188000.0,
        "Total Unusual Items": -16188000.0,
        "Total Unusual Items Excluding Goodwill": -16188000.0,
        "Net Income From Continuing Operation Net Minority Interest": -18940000.0,
        "Reconciled Depreciation": 629000.0,
        "EBITDA": -20376000.0,
        "EBIT": -21005000.0,
        "Net Interest Income": -194000.0,
        "Interest Expense": 194000.0,
        "Normalized Income": -2752000.0,
        "Net Income From Continuing And Discontinued Operation": -18940000.0,
        "Total Expenses": 7628000.0,
        "Total Operating Income As Reported": -5224000.0,
        "Diluted Average Shares": 24274000.0,
        "Basic Average Shares": 24274000.0,
        "Diluted EPS": -0.78,
        "Basic EPS": -0.78,
        "Diluted NI Availto Com Stockholders": -18940000.0,
        "Net Income Common Stockholders": -18940000.0,
        "Net Income": -18940000.0,
        "Minority Interests": 2259000.0,
        "Net Income Including Noncontrolling Interests": -21199000.0,
        "Net Income Continuous Operations": -21199000.0,
        "Pretax Income": -21199000.0,
        "Other Income Expense": -15781000.0,
        "Other Non Operating Income Expenses": 407000.0,
        "Special Income Charges": NaN,
        "Impairment Of Capital Assets": NaN,
        "Gain On Sale Of Security": -16188000.0,
        "Net Non Operating Interest Income Expense": -194000.0,
        "Interest Expense Non Operating": 194000.0,
        "Operating Income": -5224000.0,
        "Operating Expense": 7628000.0,
        "Other Operating Expenses": 2083000.0,
        "Depreciation Amortization Depletion Income Statement": 629000.0,
        "Depreciation And Amortization In Income Statement": 629000.0,
        "Depreciation Income Statement": 629000.0,
        "Selling General And Administration": 4916000.0,
        "General And Administrative Expense": 4916000.0,
        "Other Gand A": 4916000.0,
        "Total Revenue": 2404000.0,
        "Operating Revenue": 2404000.0
    },
    "2022-12-31": {
        "Tax Effect Of Unusual Items": NaN,
        "Tax Rate For Calcs": NaN,
        "Normalized EBITDA": NaN,
        "Total Unusual Items": NaN,
        "Total Unusual Items Excluding Goodwill": NaN,
        "Net Income From Continuing Operation Net Minority Interest": NaN,
        "Reconciled Depreciation": NaN,
        "EBITDA": NaN,
        "EBIT": NaN,
        "Net Interest Income": NaN,
        "Interest Expense": NaN,
        "Normalized Income": NaN,
        "Net Income From Continuing And Discontinued Operation": NaN,
        "Total Expenses": NaN,
        "Total Operating Income As Reported": NaN,
        "Diluted Average Shares": NaN,
        "Basic Average Shares": NaN,
        "Diluted EPS": NaN,
        "Basic EPS": NaN,
        "Diluted NI Availto Com Stockholders": NaN,
        "Net Income Common Stockholders": NaN,
        "Net Income": NaN,
        "Minority Interests": NaN,
        "Net Income Including Noncontrolling Interests": NaN,
        "Net Income Continuous Operations": NaN,
        "Pretax Income": NaN,
        "Other Income Expense": NaN,
        "Other Non Operating Income Expenses": NaN,
        "Special Income Charges": 0.0,
        "Impairment Of Capital Assets": 0.0,
        "Gain On Sale Of Security": NaN,
        "Net Non Operating Interest Income Expense": NaN,
        "Interest Expense Non Operating": NaN,
        "Operating Income": NaN,
        "Operating Expense": NaN,
        "Other Operating Expenses": NaN,
        "Depreciation Amortization Depletion Income Statement": NaN,
        "Depreciation And Amortization In Income Statement": NaN,
        "Depreciation Income Statement": NaN,
        "Selling General And Administration": NaN,
        "General And Administrative Expense": NaN,
        "Other Gand A": NaN,
        "Total Revenue": NaN,
        "Operating Revenue": NaN
    },
    "2022-09-30": {
        "Tax Effect Of Unusual Items": NaN,
        "Tax Rate For Calcs": NaN,
        "Normalized EBITDA": NaN,
        "Total Unusual Items": NaN,
        "Total Unusual Items Excluding Goodwill": NaN,
        "Net Income From Continuing Operation Net Minority Interest": NaN,
        "Reconciled Depreciation": NaN,
        "EBITDA": NaN,
        "EBIT": NaN,
        "Net Interest Income": NaN,
        "Interest Expense": NaN,
        "Normalized Income": NaN,
        "Net Income From Continuing And Discontinued Operation": NaN,
        "Total Expenses": NaN,
        "Total Operating Income As Reported": -4544000.0,
        "Diluted Average Shares": 14949000.0,
        "Basic Average Shares": 14949000.0,
        "Diluted EPS": -0.04,
        "Basic EPS": -0.04,
        "Diluted NI Availto Com Stockholders": NaN,
        "Net Income Common Stockholders": NaN,
        "Net Income": NaN,
        "Minority Interests": NaN,
        "Net Income Including Noncontrolling Interests": NaN,
        "Net Income Continuous Operations": NaN,
        "Pretax Income": NaN,
        "Other Income Expense": NaN,
        "Other Non Operating Income Expenses": NaN,
        "Special Income Charges": 0.0,
        "Impairment Of Capital Assets": 0.0,
        "Gain On Sale Of Security": NaN,
        "Net Non Operating Interest Income Expense": NaN,
        "Interest Expense Non Operating": NaN,
        "Operating Income": NaN,
        "Operating Expense": NaN,
        "Other Operating Expenses": NaN,
        "Depreciation Amortization Depletion Income Statement": NaN,
        "Depreciation And Amortization In Income Statement": NaN,
        "Depreciation Income Statement": NaN,
        "Selling General And Administration": NaN,
        "General And Administrative Expense": NaN,
        "Other Gand A": NaN,
        "Total Revenue": NaN,
        "Operating Revenue": NaN
    },
    "2024-06-30": {
        "Tax Effect Of Unusual Items": 0.0,
        "Tax Rate For Calcs": 0.0,
        "Normalized EBITDA": -3227000.0,
        "Total Unusual Items": 8219000.0,
        "Total Unusual Items Excluding Goodwill": 8219000.0,
        "Net Income From Continuing Operation Net Minority Interest": 5761000.0,
        "Reconciled Depreciation": 642000.0,
        "EBITDA": 4992000.0,
        "EBIT": 4350000.0,
        "Net Interest Income": -187000.0,
        "Interest Expense": 187000.0,
        "Normalized Income": -2458000.0,
        "Net Income From Continuing And Discontinued Operation": 5761000.0,
        "Total Expenses": 8576000.0,
        "Total Operating Income As Reported": -4958000.0,
        "Diluted Average Shares": 69534000.0,
        "Basic Average Shares": 24734000.0,
        "Diluted EPS": 0.082852,
        "Basic EPS": 0.23,
        "Diluted NI Availto Com Stockholders": 5761000.0,
        "Net Income Common Stockholders": 5761000.0,
        "Net Income": 5761000.0,
        "Minority Interests": 1598000.0,
        "Net Income Including Noncontrolling Interests": 4163000.0,
        "Net Income Continuous Operations": 4163000.0,
        "Pretax Income": 4163000.0,
        "Other Income Expense": 9308000.0,
        "Other Non Operating Income Expenses": 1089000.0,
        "Special Income Charges": NaN,
        "Impairment Of Capital Assets": NaN,
        "Gain On Sale Of Security": 8219000.0,
        "Net Non Operating Interest Income Expense": -187000.0,
        "Interest Expense Non Operating": 187000.0,
        "Operating Income": -4958000.0,
        "Operating Expense": 8576000.0,
        "Other Operating Expenses": 3339000.0,
        "Depreciation Amortization Depletion Income Statement": 642000.0,
        "Depreciation And Amortization In Income Statement": 642000.0,
        "Depreciation Income Statement": 642000.0,
        "Selling General And Administration": 4595000.0,
        "General And Administrative Expense": 4595000.0,
        "Other Gand A": 4595000.0,
        "Total Revenue": 3618000.0,
        "Operating Revenue": 3618000.0
    },
    "2024-09-30": {
        "Tax Effect Of Unusual Items": 0.0,
        "Tax Rate For Calcs": 0.0,
        "Normalized EBITDA": -3915000.0,
        "Total Unusual Items": -15961000.0,
        "Total Unusual Items Excluding Goodwill": -15961000.0,
        "Net Income From Continuing Operation Net Minority Interest": -18554000.0,
        "Reconciled Depreciation": 646000.0,
        "EBITDA": -19876000.0,
        "EBIT": -20522000.0,
        "Net Interest Income": -177000.0,
        "Interest Expense": 177000.0,
        "Normalized Income": -2593000.0,
        "Net Income From Continuing And Discontinued Operation": -18554000.0,
        "Total Expenses": 8961000.0,
        "Total Operating Income As Reported": -4864000.0,
        "Diluted Average Shares": 25055000.0,
        "Basic Average Shares": 25055000.0,
        "Diluted EPS": -0.74,
        "Basic EPS": -0.74,
        "Diluted NI Availto Com Stockholders": -18554000.0,
        "Net Income Common Stockholders": -18554000.0,
        "Net Income": -18554000.0,
        "Minority Interests": 2145000.0,
        "Net Income Including Noncontrolling Interests": -20699000.0,
        "Net Income Continuous Operations": -20699000.0,
        "Pretax Income": -20699000.0,
        "Other Income Expense": -15658000.0,
        "Other Non Operating Income Expenses": 303000.0,
        "Special Income Charges": NaN,
        "Impairment Of Capital Assets": NaN,
        "Gain On Sale Of Security": -15961000.0,
        "Net Non Operating Interest Income Expense": -177000.0,
        "Interest Expense Non Operating": 177000.0,
        "Operating Income": -4864000.0,
        "Operating Expense": 8961000.0,
        "Other Operating Expenses": 3681000.0,
        "Depreciation Amortization Depletion Income Statement": 646000.0,
        "Depreciation And Amortization In Income Statement": 646000.0,
        "Depreciation Income Statement": 646000.0,
        "Selling General And Administration": 4634000.0,
        "General And Administrative Expense": 4634000.0,
        "Other Gand A": 4634000.0,
        "Total Revenue": 4097000.0,
        "Operating Revenue": 4097000.0
    }
}