{
    "2023-03-31": {
        "Tax Effect Of Unusual Items": 0.0,
        "Tax Rate For Calcs": 0.0,
        "Normalized EBITDA": -28872000.0,
        "Total Unusual Items": NaN,
        "Total Unusual Items Excluding Goodwill": NaN,
        "Net Income From Continuing Operation Net Minority Interest": -30070000.0,
        "Reconciled Depreciation": 1077000.0,
        "EBITDA": -28872000.0,
        "EBIT": -29949000.0,
        "Net Interest Income": 1678000.0,
        "Interest Expense": 121000.0,
        "Interest Income": 1799000.0,
        "Normalized Income": -30070000.0,
        "Net Income From Continuing And Discontinued Operation": -30070000.0,
        "Total Expenses": 32030000.0,
        "Total Operating Income As Reported": -32030000.0,
        "Diluted Average Shares": 19567635.0,
        "Basic Average Shares": 19567635.0,
        "Diluted EPS": -1.54,
        "Basic EPS": -1.54,
        "Diluted NI Availto Com Stockholders": -30070000.0,
        "Net Income Common Stockholders": -30070000.0,
        "Net Income": -30070000.0,
        "Net Income Including Noncontrolling Interests": -30070000.0,
        "Net Income Continuous Operations": -30070000.0,
        "Pretax Income": -30070000.0,
        "Other Income Expense": 282000.0,
        "Other Non Operating Income Expenses": 282000.0,
        "Special Income Charges": NaN,
        "Restructuring And Mergern Acquisition": NaN,
        "Net Non Operating Interest Income Expense": 1678000.0,
        "Total Other Finance Cost": -1678000.0,
        "Interest Expense Non Operating": 121000.0,
        "Interest Income Non Operating": 1799000.0,
        "Operating Income": -32030000.0,
        "Operating Expense": 32030000.0,
        "Research And Development": 24631000.0,
        "Selling General And Administration": 7399000.0,
        "General And Administrative Expense": 7399000.0,
        "Other Gand A": 7399000.0,
        "Total Revenue": 0.0,
        "Operating Revenue": 0.0
    },
    "2022-12-31": {
        "Tax Effect Of Unusual Items": NaN,
        "Tax Rate For Calcs": NaN,
        "Normalized EBITDA": NaN,
        "Total Unusual Items": 12578000.0,
        "Total Unusual Items Excluding Goodwill": 12578000.0,
        "Net Income From Continuing Operation Net Minority Interest": NaN,
        "Reconciled Depreciation": NaN,
        "EBITDA": NaN,
        "EBIT": NaN,
        "Net Interest Income": NaN,
        "Interest Expense": NaN,
        "Interest Income": NaN,
        "Normalized Income": NaN,
        "Net Income From Continuing And Discontinued Operation": NaN,
        "Total Expenses": NaN,
        "Total Operating Income As Reported": NaN,
        "Diluted Average Shares": NaN,
        "Basic Average Shares": NaN,
        "Diluted EPS": NaN,
        "Basic EPS": NaN,
        "Diluted NI Availto Com Stockholders": NaN,
        "Net Income Common Stockholders": NaN,
        "Net Income": NaN,
        "Net Income Including Noncontrolling Interests": NaN,
        "Net Income Continuous Operations": NaN,
        "Pretax Income": NaN,
        "Other Income Expense": NaN,
        "Other Non Operating Income Expenses": NaN,
        "Special Income Charges": 12578000.0,
        "Restructuring And Mergern Acquisition": -12578000.0,
        "Net Non Operating Interest Income Expense": NaN,
        "Total Other Finance Cost": NaN,
        "Interest Expense Non Operating": NaN,
        "Interest Income Non Operating": NaN,
        "Operating Income": NaN,
        "Operating Expense": NaN,
        "Research And Development": NaN,
        "Selling General And Administration": NaN,
        "General And Administrative Expense": NaN,
        "Other Gand A": NaN,
        "Total Revenue": NaN,
        "Operating Revenue": NaN
    },
    "2022-09-30": {
        "Tax Effect Of Unusual Items": NaN,
        "Tax Rate For Calcs": NaN,
        "Normalized EBITDA": NaN,
        "Total Unusual Items": 0.0,
        "Total Unusual Items Excluding Goodwill": 0.0,
        "Net Income From Continuing Operation Net Minority Interest": NaN,
        "Reconciled Depreciation": NaN,
        "EBITDA": NaN,
        "EBIT": NaN,
        "Net Interest Income": NaN,
        "Interest Expense": NaN,
        "Interest Income": NaN,
        "Normalized Income": NaN,
        "Net Income From Continuing And Discontinued Operation": NaN,
        "Total Expenses": NaN,
        "Total Operating Income As Reported": NaN,
        "Diluted Average Shares": 7532706.0,
        "Basic Average Shares": 7532706.0,
        "Diluted EPS": -2.71,
        "Basic EPS": -2.71,
        "Diluted NI Availto Com Stockholders": NaN,
        "Net Income Common Stockholders": NaN,
        "Net Income": NaN,
        "Net Income Including Noncontrolling Interests": NaN,
        "Net Income Continuous Operations": NaN,
        "Pretax Income": NaN,
        "Other Income Expense": NaN,
        "Other Non Operating Income Expenses": NaN,
        "Special Income Charges": 0.0,
        "Restructuring And Mergern Acquisition": 0.0,
        "Net Non Operating Interest Income Expense": NaN,
        "Total Other Finance Cost": NaN,
        "Interest Expense Non Operating": NaN,
        "Interest Income Non Operating": NaN,
        "Operating Income": NaN,
        "Operating Expense": NaN,
        "Research And Development": NaN,
        "Selling General And Administration": NaN,
        "General And Administrative Expense": NaN,
        "Other Gand A": NaN,
        "Total Revenue": NaN,
        "Operating Revenue": NaN
    },
    "2022-06-30": {
        "Tax Effect Of Unusual Items": 0.0,
        "Tax Rate For Calcs": 0.0,
        "Normalized EBITDA": -21620000.0,
        "Total Unusual Items": -1520000.0,
        "Total Unusual Items Excluding Goodwill": -1520000.0,
        "Net Income From Continuing Operation Net Minority Interest": -25092000.0,
        "Reconciled Depreciation": 722000.0,
        "EBITDA": -23140000.0,
        "EBIT": -23862000.0,
        "Net Interest Income": NaN,
        "Interest Income": NaN,
        "Normalized Income": -23572000.0,
        "Net Income From Continuing And Discontinued Operation": -25092000.0,
        "Total Expenses": 30031000.0,
        "Total Operating Income As Reported": -25382000.0,
        "Diluted Average Shares": 7523964.0,
        "Basic Average Shares": 7523964.0,
        "Diluted EPS": -3.33,
        "Basic EPS": -3.33,
        "Diluted NI Availto Com Stockholders": -25092000.0,
        "Net Income Common Stockholders": -25092000.0,
        "Net Income": -25092000.0,
        "Net Income Including Noncontrolling Interests": -25092000.0,
        "Net Income Continuous Operations": -25092000.0,
        "Pretax Income": -25092000.0,
        "Other Income Expense": -1230000.0,
        "Other Non Operating Income Expenses": 290000.0,
        "Special Income Charges": -1520000.0,
        "Restructuring And Mergern Acquisition": 1520000.0,
        "Net Non Operating Interest Income Expense": NaN,
        "Total Other Finance Cost": NaN,
        "Interest Income Non Operating": NaN,
        "Operating Income": -23862000.0,
        "Operating Expense": 30031000.0,
        "Research And Development": 23180000.0,
        "Selling General And Administration": 6851000.0,
        "General And Administrative Expense": 6851000.0,
        "Other Gand A": 6851000.0,
        "Total Revenue": 6169000.0,
        "Operating Revenue": 6169000.0
    },
    "2022-03-31": {
        "Diluted EPS": -3.37,
        "Total Revenue": 2,
        "Gross Profit": 2,
        "Operating Income": -25,
        "EBIT": -24,
        "Net Income": -25
    },
    "2021-12-31": {
        "Diluted EPS": -2.34,
        "Total Revenue": 3,
        "Gross Profit": 3,
        "Operating Income": -19,
        "EBIT": -17,
        "Net Income": -19
    },
    "2021-09-30": {
        "Diluted EPS": -2.4,
        "Total Revenue": 4,
        "Gross Profit": 4,
        "Operating Income": -18,
        "EBIT": -17,
        "Net Income": -18
    },
    "2021-06-30": {
        "Diluted EPS": -2.55,
        "Total Revenue": 4,
        "Gross Profit": 4,
        "Operating Income": -19,
        "EBIT": -18,
        "Net Income": -19
    },
    "2021-03-31": {
        "Diluted EPS": -2.85,
        "Total Revenue": 3,
        "Gross Profit": 3,
        "Operating Income": -17,
        "EBIT": -16,
        "Net Income": -17
    },
    "2020-12-31": {
        "Diluted EPS": -4.66,
        "Total Revenue": NaN,
        "Gross Profit": NaN,
        "Operating Income": -21,
        "EBIT": -21,
        "Net Income": -21
    },
    "2020-09-30": {
        "Diluted EPS": -6.6,
        "Total Revenue": NaN,
        "Gross Profit": NaN,
        "Operating Income": -21,
        "EBIT": -20,
        "Net Income": -21
    },
    "2020-06-30": {
        "Diluted EPS": -5.85,
        "Total Revenue": NaN,
        "Gross Profit": NaN,
        "Operating Income": -19,
        "EBIT": -18,
        "Net Income": -19
    },
    "2020-03-31": {
        "Diluted EPS": -8.4,
        "Total Revenue": NaN,
        "Gross Profit": NaN,
        "Operating Income": -27,
        "EBIT": -26,
        "Net Income": -27
    },
    "2019-12-31": {
        "Diluted EPS": -9.45,
        "Total Revenue": NaN,
        "Gross Profit": NaN,
        "Operating Income": -32,
        "EBIT": -32,
        "Net Income": -32
    },
    "2019-09-30": {
        "Diluted EPS": -10.05,
        "Total Revenue": NaN,
        "Gross Profit": NaN,
        "Operating Income": -30,
        "EBIT": -29,
        "Net Income": -29
    },
    "2019-06-30": {
        "Diluted EPS": -11.39,
        "Total Revenue": NaN,
        "Gross Profit": NaN,
        "Operating Income": -27,
        "EBIT": -26,
        "Net Income": -27
    },
    "2019-03-31": {
        "Diluted EPS": -12.74,
        "Total Revenue": NaN,
        "Gross Profit": NaN,
        "Operating Income": -30,
        "EBIT": -30,
        "Net Income": -30
    },
    "2018-12-31": {
        "Diluted EPS": -9.6,
        "Total Revenue": NaN,
        "Gross Profit": NaN,
        "Operating Income": -22,
        "EBIT": -22,
        "Net Income": -22
    },
    "2018-09-30": {
        "Diluted EPS": -8.25,
        "Total Revenue": NaN,
        "Gross Profit": NaN,
        "Operating Income": -19,
        "EBIT": -19,
        "Net Income": -19
    },
    "2018-06-30": {
        "Diluted EPS": -7.8,
        "Total Revenue": NaN,
        "Gross Profit": NaN,
        "Operating Income": -18,
        "EBIT": -18,
        "Net Income": -18
    },
    "2018-03-31": {
        "Diluted EPS": -8.1,
        "Total Revenue": NaN,
        "Gross Profit": NaN,
        "Operating Income": -16,
        "EBIT": -16,
        "Net Income": -16
    },
    "2017-12-31": {
        "Diluted EPS": -12.59,
        "Total Revenue": NaN,
        "Gross Profit": NaN,
        "Operating Income": -15,
        "EBIT": -15,
        "Net Income": -14
    },
    "2017-09-30": {
        "Diluted EPS": -11.84,
        "Total Revenue": NaN,
        "Gross Profit": NaN,
        "Operating Income": -14,
        "EBIT": -14,
        "Net Income": -14
    },
    "2017-06-30": {
        "Diluted EPS": -9.9,
        "Total Revenue": NaN,
        "Gross Profit": NaN,
        "Operating Income": -12,
        "EBIT": -12,
        "Net Income": -11
    },
    "2017-03-31": {
        "Diluted EPS": -0.15,
        "Total Revenue": NaN,
        "Gross Profit": NaN,
        "Operating Income": -14,
        "EBIT": -14,
        "Net Income": 0
    },
    "2016-12-31": {
        "Diluted EPS": 0.0,
        "Total Revenue": NaN,
        "Gross Profit": NaN,
        "Operating Income": NaN,
        "EBIT": NaN,
        "Net Income": NaN
    },
    "2015-12-31": {
        "Diluted EPS": 0.0,
        "Total Revenue": NaN,
        "Gross Profit": NaN,
        "Operating Income": NaN,
        "EBIT": NaN,
        "Net Income": NaN
    },
    "2023-06-30": {
        "Tax Effect Of Unusual Items": 0.0,
        "Tax Rate For Calcs": 0.0,
        "Normalized EBITDA": -26266000.0,
        "Total Unusual Items": 63000.0,
        "Total Unusual Items Excluding Goodwill": 63000.0,
        "Net Income From Continuing Operation Net Minority Interest": -24629000.0,
        "Reconciled Depreciation": 703000.0,
        "EBITDA": -26203000.0,
        "EBIT": -26906000.0,
        "Net Interest Income": 1949000.0,
        "Interest Expense": NaN,
        "Interest Income": 1949000.0,
        "Normalized Income": -24692000.0,
        "Net Income From Continuing And Discontinued Operation": -24629000.0,
        "Total Expenses": 26906000.0,
        "Total Operating Income As Reported": -26843000.0,
        "Diluted Average Shares": 19663672.0,
        "Basic Average Shares": 19663672.0,
        "Diluted EPS": -1.25,
        "Basic EPS": -1.25,
        "Diluted NI Availto Com Stockholders": -24629000.0,
        "Net Income Common Stockholders": -24629000.0,
        "Net Income": -24629000.0,
        "Net Income Including Noncontrolling Interests": -24629000.0,
        "Net Income Continuous Operations": -24629000.0,
        "Pretax Income": -24629000.0,
        "Other Income Expense": 328000.0,
        "Other Non Operating Income Expenses": 265000.0,
        "Special Income Charges": 63000.0,
        "Restructuring And Mergern Acquisition": -63000.0,
        "Net Non Operating Interest Income Expense": 1949000.0,
        "Total Other Finance Cost": NaN,
        "Interest Expense Non Operating": NaN,
        "Interest Income Non Operating": 1949000.0,
        "Operating Income": -26906000.0,
        "Operating Expense": 26906000.0,
        "Research And Development": 19777000.0,
        "Selling General And Administration": 7129000.0,
        "General And Administrative Expense": 7129000.0,
        "Other Gand A": 7129000.0,
        "Total Revenue": 0.0,
        "Operating Revenue": 0.0
    },
    "2023-09-30": {
        "Tax Effect Of Unusual Items": 0.0,
        "Tax Rate For Calcs": 0.0,
        "Normalized EBITDA": -22526000.0,
        "Total Unusual Items": 0.0,
        "Total Unusual Items Excluding Goodwill": 0.0,
        "Net Income From Continuing Operation Net Minority Interest": -20980000.0,
        "Reconciled Depreciation": 588000.0,
        "EBITDA": -22526000.0,
        "EBIT": -23114000.0,
        "Net Interest Income": 1856000.0,
        "Interest Expense": NaN,
        "Interest Income": 1856000.0,
        "Normalized Income": -20980000.0,
        "Net Income From Continuing And Discontinued Operation": -20980000.0,
        "Total Expenses": 23114000.0,
        "Total Operating Income As Reported": -23114000.0,
        "Diluted Average Shares": 20059641.0,
        "Basic Average Shares": 20059641.0,
        "Diluted EPS": -1.05,
        "Basic EPS": -1.05,
        "Diluted NI Availto Com Stockholders": -20980000.0,
        "Net Income Common Stockholders": -20980000.0,
        "Net Income": -20980000.0,
        "Net Income Including Noncontrolling Interests": -20980000.0,
        "Net Income Continuous Operations": -20980000.0,
        "Pretax Income": -20980000.0,
        "Other Income Expense": 278000.0,
        "Other Non Operating Income Expenses": 278000.0,
        "Special Income Charges": 0.0,
        "Restructuring And Mergern Acquisition": 0.0,
        "Net Non Operating Interest Income Expense": 1856000.0,
        "Total Other Finance Cost": NaN,
        "Interest Expense Non Operating": NaN,
        "Interest Income Non Operating": 1856000.0,
        "Operating Income": -23114000.0,
        "Operating Expense": 23114000.0,
        "Research And Development": 16702000.0,
        "Selling General And Administration": 6412000.0,
        "General And Administrative Expense": 6412000.0,
        "Other Gand A": 6412000.0,
        "Total Revenue": 0.0,
        "Operating Revenue": 0.0
    },
    "2023-12-31": {
        "Tax Effect Of Unusual Items": 0.0,
        "Tax Rate For Calcs": 0.0,
        "Normalized EBITDA": -22052000.0,
        "Total Unusual Items": 0.0,
        "Total Unusual Items Excluding Goodwill": 0.0,
        "Net Income From Continuing Operation Net Minority Interest": -20336000.0,
        "Reconciled Depreciation": 213000.0,
        "EBITDA": -22052000.0,
        "EBIT": -22265000.0,
        "Net Interest Income": 1659000.0,
        "Interest Expense": NaN,
        "Interest Income": 1659000.0,
        "Normalized Income": -20336000.0,
        "Net Income From Continuing And Discontinued Operation": -20336000.0,
        "Total Expenses": 22265000.0,
        "Total Operating Income As Reported": -22265000.0,
        "Diluted Average Shares": NaN,
        "Basic Average Shares": NaN,
        "Diluted EPS": NaN,
        "Basic EPS": NaN,
        "Diluted NI Availto Com Stockholders": -20336000.0,
        "Net Income Common Stockholders": -20336000.0,
        "Net Income": -20336000.0,
        "Net Income Including Noncontrolling Interests": -20336000.0,
        "Net Income Continuous Operations": -20336000.0,
        "Pretax Income": -20336000.0,
        "Other Income Expense": 270000.0,
        "Other Non Operating Income Expenses": 270000.0,
        "Special Income Charges": 0.0,
        "Restructuring And Mergern Acquisition": 0.0,
        "Net Non Operating Interest Income Expense": 1659000.0,
        "Total Other Finance Cost": NaN,
        "Interest Expense Non Operating": NaN,
        "Interest Income Non Operating": 1659000.0,
        "Operating Income": -22265000.0,
        "Operating Expense": 22265000.0,
        "Research And Development": 15453000.0,
        "Selling General And Administration": 6812000.0,
        "General And Administrative Expense": 6812000.0,
        "Other Gand A": 6812000.0,
        "Total Revenue": 0.0,
        "Operating Revenue": 0.0
    },
    "2024-03-31": {
        "Tax Effect Of Unusual Items": 0.0,
        "Tax Rate For Calcs": 0.0,
        "Normalized EBITDA": -23881000.0,
        "Total Unusual Items": NaN,
        "Total Unusual Items Excluding Goodwill": NaN,
        "Net Income From Continuing Operation Net Minority Interest": -24303000.0,
        "Reconciled Depreciation": 327000.0,
        "EBITDA": -23881000.0,
        "EBIT": -24208000.0,
        "Net Interest Income": 2556000.0,
        "Interest Expense": 95000.0,
        "Interest Income": 2651000.0,
        "Normalized Income": -24303000.0,
        "Net Income From Continuing And Discontinued Operation": -24303000.0,
        "Total Expenses": 26862000.0,
        "Total Operating Income As Reported": -26862000.0,
        "Diluted Average Shares": 38155373.0,
        "Basic Average Shares": 38155373.0,
        "Diluted EPS": -0.64,
        "Basic EPS": -0.64,
        "Diluted NI Availto Com Stockholders": -24303000.0,
        "Net Income Common Stockholders": -24303000.0,
        "Net Income": -24303000.0,
        "Net Income Including Noncontrolling Interests": -24303000.0,
        "Net Income Continuous Operations": -24303000.0,
        "Pretax Income": -24303000.0,
        "Other Income Expense": 3000.0,
        "Other Non Operating Income Expenses": 3000.0,
        "Special Income Charges": NaN,
        "Restructuring And Mergern Acquisition": NaN,
        "Net Non Operating Interest Income Expense": 2556000.0,
        "Total Other Finance Cost": NaN,
        "Interest Expense Non Operating": 95000.0,
        "Interest Income Non Operating": 2651000.0,
        "Operating Income": -26862000.0,
        "Operating Expense": 26862000.0,
        "Research And Development": 18873000.0,
        "Selling General And Administration": 7989000.0,
        "General And Administrative Expense": 7989000.0,
        "Other Gand A": 7989000.0,
        "Total Revenue": 0.0,
        "Operating Revenue": 0.0
    }
}