{
    "2023-03-31": {
        "Tax Effect Of Unusual Items": NaN,
        "Tax Rate For Calcs": NaN,
        "Normalized EBITDA": NaN,
        "Total Unusual Items": NaN,
        "Total Unusual Items Excluding Goodwill": NaN,
        "Net Income From Continuing Operation Net Minority Interest": NaN,
        "Reconciled Depreciation": NaN,
        "Reconciled Cost Of Revenue": NaN,
        "EBITDA": NaN,
        "EBIT": NaN,
        "Net Interest Income": NaN,
        "Interest Expense": NaN,
        "Interest Income": NaN,
        "Normalized Income": NaN,
        "Net Income From Continuing And Discontinued Operation": NaN,
        "Total Expenses": NaN,
        "Total Operating Income As Reported": NaN,
        "Diluted Average Shares": NaN,
        "Basic Average Shares": NaN,
        "Diluted EPS": NaN,
        "Basic EPS": NaN,
        "Diluted NI Availto Com Stockholders": NaN,
        "Net Income Common Stockholders": NaN,
        "Net Income": NaN,
        "Net Income Including Noncontrolling Interests": NaN,
        "Net Income Continuous Operations": NaN,
        "Tax Provision": NaN,
        "Pretax Income": NaN,
        "Other Income Expense": NaN,
        "Other Non Operating Income Expenses": NaN,
        "Gain On Sale Of Security": NaN,
        "Net Non Operating Interest Income Expense": NaN,
        "Interest Expense Non Operating": NaN,
        "Interest Income Non Operating": NaN,
        "Operating Income": NaN,
        "Operating Expense": NaN,
        "Research And Development": NaN,
        "Selling General And Administration": NaN,
        "Selling And Marketing Expense": 432000.0,
        "General And Administrative Expense": 6756000.0,
        "Other Gand A": 6756000.0,
        "Gross Profit": NaN,
        "Cost Of Revenue": NaN,
        "Total Revenue": NaN,
        "Operating Revenue": NaN
    },
    "2022-12-31": {
        "Tax Effect Of Unusual Items": NaN,
        "Tax Rate For Calcs": NaN,
        "Normalized EBITDA": NaN,
        "Total Unusual Items": NaN,
        "Total Unusual Items Excluding Goodwill": NaN,
        "Net Income From Continuing Operation Net Minority Interest": NaN,
        "Reconciled Depreciation": NaN,
        "Reconciled Cost Of Revenue": NaN,
        "EBITDA": NaN,
        "EBIT": NaN,
        "Net Interest Income": NaN,
        "Interest Expense": NaN,
        "Interest Income": NaN,
        "Normalized Income": NaN,
        "Net Income From Continuing And Discontinued Operation": NaN,
        "Total Expenses": NaN,
        "Total Operating Income As Reported": NaN,
        "Diluted Average Shares": NaN,
        "Basic Average Shares": NaN,
        "Diluted EPS": NaN,
        "Basic EPS": NaN,
        "Diluted NI Availto Com Stockholders": NaN,
        "Net Income Common Stockholders": NaN,
        "Net Income": NaN,
        "Net Income Including Noncontrolling Interests": NaN,
        "Net Income Continuous Operations": NaN,
        "Tax Provision": NaN,
        "Pretax Income": NaN,
        "Other Income Expense": NaN,
        "Other Non Operating Income Expenses": 2197000.0,
        "Gain On Sale Of Security": NaN,
        "Net Non Operating Interest Income Expense": NaN,
        "Interest Expense Non Operating": NaN,
        "Interest Income Non Operating": NaN,
        "Operating Income": NaN,
        "Operating Expense": NaN,
        "Research And Development": NaN,
        "Selling General And Administration": NaN,
        "Selling And Marketing Expense": 1077000.0,
        "General And Administrative Expense": 5820000.0,
        "Other Gand A": 5820000.0,
        "Gross Profit": NaN,
        "Cost Of Revenue": NaN,
        "Total Revenue": NaN,
        "Operating Revenue": NaN
    },
    "2022-09-30": {
        "Tax Effect Of Unusual Items": NaN,
        "Tax Rate For Calcs": NaN,
        "Normalized EBITDA": NaN,
        "Total Unusual Items": NaN,
        "Total Unusual Items Excluding Goodwill": NaN,
        "Net Income From Continuing Operation Net Minority Interest": NaN,
        "Reconciled Depreciation": NaN,
        "Reconciled Cost Of Revenue": NaN,
        "EBITDA": NaN,
        "EBIT": NaN,
        "Net Interest Income": NaN,
        "Interest Expense": NaN,
        "Interest Income": NaN,
        "Normalized Income": NaN,
        "Net Income From Continuing And Discontinued Operation": NaN,
        "Total Expenses": NaN,
        "Total Operating Income As Reported": NaN,
        "Diluted Average Shares": 175025984.0,
        "Basic Average Shares": 175025984.0,
        "Diluted EPS": -0.07,
        "Basic EPS": -0.07,
        "Diluted NI Availto Com Stockholders": NaN,
        "Net Income Common Stockholders": NaN,
        "Net Income": NaN,
        "Net Income Including Noncontrolling Interests": NaN,
        "Net Income Continuous Operations": NaN,
        "Tax Provision": NaN,
        "Pretax Income": NaN,
        "Other Income Expense": NaN,
        "Other Non Operating Income Expenses": 1351000.0,
        "Gain On Sale Of Security": NaN,
        "Net Non Operating Interest Income Expense": NaN,
        "Interest Expense Non Operating": NaN,
        "Interest Income Non Operating": NaN,
        "Operating Income": NaN,
        "Operating Expense": NaN,
        "Research And Development": NaN,
        "Selling General And Administration": NaN,
        "Selling And Marketing Expense": 864000.0,
        "General And Administrative Expense": 4294000.0,
        "Other Gand A": 4294000.0,
        "Gross Profit": NaN,
        "Cost Of Revenue": NaN,
        "Total Revenue": NaN,
        "Operating Revenue": NaN
    },
    "2022-06-30": {
        "Tax Effect Of Unusual Items": 72176.01985,
        "Tax Rate For Calcs": 0.002627,
        "Normalized EBITDA": -13765000.0,
        "Total Unusual Items": 27473000.0,
        "Total Unusual Items Excluding Goodwill": 27473000.0,
        "Net Income From Continuing Operation Net Minority Interest": 13667000.0,
        "Reconciled Depreciation": 1036000.0,
        "Reconciled Cost Of Revenue": 2987000.0,
        "EBITDA": 13708000.0,
        "EBIT": 13708000.0,
        "Net Interest Income": 730000.0,
        "Interest Expense": 5000.0,
        "Interest Income": 735000.0,
        "Normalized Income": -13733823.98015,
        "Net Income From Continuing And Discontinued Operation": 13667000.0,
        "Total Expenses": 17278000.0,
        "Total Operating Income As Reported": -14696000.0,
        "Diluted Average Shares": 174703533.0,
        "Basic Average Shares": 174128230.0,
        "Diluted EPS": 0.08,
        "Basic EPS": 0.08,
        "Diluted NI Availto Com Stockholders": 13667000.0,
        "Net Income Common Stockholders": 13667000.0,
        "Net Income": 13667000.0,
        "Net Income Including Noncontrolling Interests": 13667000.0,
        "Net Income Continuous Operations": 13667000.0,
        "Tax Provision": 36000.0,
        "Pretax Income": 13703000.0,
        "Other Income Expense": 27669000.0,
        "Other Non Operating Income Expenses": 196000.0,
        "Gain On Sale Of Security": 27473000.0,
        "Net Non Operating Interest Income Expense": 730000.0,
        "Interest Expense Non Operating": 5000.0,
        "Interest Income Non Operating": 735000.0,
        "Operating Income": -14696000.0,
        "Operating Expense": 14291000.0,
        "Research And Development": 8440000.0,
        "Selling General And Administration": 5851000.0,
        "Selling And Marketing Expense": 957000.0,
        "General And Administrative Expense": 4894000.0,
        "Other Gand A": 4894000.0,
        "Gross Profit": -405000.0,
        "Cost Of Revenue": 2987000.0,
        "Total Revenue": 2582000.0,
        "Operating Revenue": 2582000.0
    },
    "2022-03-31": {
        "Diluted EPS": -0.06,
        "Total Revenue": 2,
        "Gross Profit": 0,
        "Operating Income": -11,
        "EBIT": -11,
        "Net Income": -10
    },
    "2021-12-31": {
        "Diluted EPS": 0.39,
        "Total Revenue": 1,
        "Gross Profit": 0,
        "Operating Income": -8,
        "EBIT": -7,
        "Net Income": 38
    },
    "2021-09-30": {
        "Diluted EPS": -0.08,
        "Total Revenue": 1,
        "Gross Profit": 0,
        "Operating Income": -8,
        "EBIT": -8,
        "Net Income": -8
    },
    "2021-06-30": {
        "Diluted EPS": -0.1,
        "Total Revenue": 1,
        "Gross Profit": 0,
        "Operating Income": -6,
        "EBIT": -5,
        "Net Income": -9
    },
    "2021-03-31": {
        "Diluted EPS": -0.1,
        "Total Revenue": 0,
        "Gross Profit": 0,
        "Operating Income": -4,
        "EBIT": -4,
        "Net Income": -7
    },
    "2020-12-31": {
        "Diluted EPS": 0.0,
        "Total Revenue": NaN,
        "Gross Profit": NaN,
        "Operating Income": NaN,
        "EBIT": NaN,
        "Net Income": NaN
    },
    "2023-06-30": {
        "Tax Effect Of Unusual Items": NaN,
        "Tax Rate For Calcs": NaN,
        "Normalized EBITDA": NaN,
        "Total Unusual Items": NaN,
        "Total Unusual Items Excluding Goodwill": NaN,
        "Net Income From Continuing Operation Net Minority Interest": NaN,
        "Reconciled Depreciation": NaN,
        "Reconciled Cost Of Revenue": NaN,
        "EBITDA": NaN,
        "EBIT": NaN,
        "Net Interest Income": NaN,
        "Interest Expense": NaN,
        "Interest Income": NaN,
        "Normalized Income": NaN,
        "Net Income From Continuing And Discontinued Operation": NaN,
        "Total Expenses": NaN,
        "Total Operating Income As Reported": NaN,
        "Diluted Average Shares": 178063573.0,
        "Basic Average Shares": 178063573.0,
        "Diluted EPS": -0.07,
        "Basic EPS": -0.07,
        "Diluted NI Availto Com Stockholders": NaN,
        "Net Income Common Stockholders": NaN,
        "Net Income": NaN,
        "Net Income Including Noncontrolling Interests": NaN,
        "Net Income Continuous Operations": NaN,
        "Tax Provision": 0.0,
        "Pretax Income": NaN,
        "Other Income Expense": NaN,
        "Other Non Operating Income Expenses": NaN,
        "Gain On Sale Of Security": NaN,
        "Net Non Operating Interest Income Expense": NaN,
        "Interest Expense Non Operating": NaN,
        "Interest Income Non Operating": NaN,
        "Operating Income": NaN,
        "Operating Expense": NaN,
        "Research And Development": NaN,
        "Selling General And Administration": NaN,
        "Selling And Marketing Expense": NaN,
        "General And Administrative Expense": NaN,
        "Other Gand A": NaN,
        "Gross Profit": NaN,
        "Cost Of Revenue": NaN,
        "Total Revenue": NaN,
        "Operating Revenue": NaN
    },
    "2023-09-30": {
        "Tax Effect Of Unusual Items": 0.0,
        "Tax Rate For Calcs": 0.0,
        "Normalized EBITDA": -13191000.0,
        "Total Unusual Items": 1155000.0,
        "Total Unusual Items Excluding Goodwill": 1155000.0,
        "Net Income From Continuing Operation Net Minority Interest": -15142000.0,
        "Reconciled Depreciation": 3093000.0,
        "Reconciled Cost Of Revenue": 7183000.0,
        "EBITDA": -12036000.0,
        "EBIT": -15129000.0,
        "Net Interest Income": 5200000.0,
        "Interest Expense": 13000.0,
        "Interest Income": 5213000.0,
        "Normalized Income": -16297000.0,
        "Net Income From Continuing And Discontinued Operation": -15142000.0,
        "Total Expenses": 27863000.0,
        "Total Operating Income As Reported": -21497000.0,
        "Diluted Average Shares": 178388926.0,
        "Basic Average Shares": 178388926.0,
        "Diluted EPS": -0.08,
        "Basic EPS": -0.08,
        "Diluted NI Availto Com Stockholders": -15142000.0,
        "Net Income Common Stockholders": -15142000.0,
        "Net Income": -15142000.0,
        "Net Income Including Noncontrolling Interests": -15142000.0,
        "Net Income Continuous Operations": -15142000.0,
        "Tax Provision": 0.0,
        "Pretax Income": -15142000.0,
        "Other Income Expense": 1155000.0,
        "Other Non Operating Income Expenses": NaN,
        "Gain On Sale Of Security": 1155000.0,
        "Net Non Operating Interest Income Expense": 5200000.0,
        "Interest Expense Non Operating": 13000.0,
        "Interest Income Non Operating": 5213000.0,
        "Operating Income": -21497000.0,
        "Operating Expense": 20680000.0,
        "Research And Development": 14236000.0,
        "Selling General And Administration": 6444000.0,
        "Selling And Marketing Expense": NaN,
        "General And Administrative Expense": NaN,
        "Other Gand A": NaN,
        "Gross Profit": -817000.0,
        "Cost Of Revenue": 7183000.0,
        "Total Revenue": 6366000.0,
        "Operating Revenue": 6366000.0
    },
    "2023-12-31": {
        "Tax Effect Of Unusual Items": 0.0,
        "Tax Rate For Calcs": 0.0,
        "Normalized EBITDA": -16048000.0,
        "Total Unusual Items": 1410000.0,
        "Total Unusual Items Excluding Goodwill": 1410000.0,
        "Net Income From Continuing Operation Net Minority Interest": -19042000.0,
        "Reconciled Depreciation": 4359000.0,
        "Reconciled Cost Of Revenue": 7377000.0,
        "EBITDA": -14638000.0,
        "EBIT": -18997000.0,
        "Net Interest Income": 5179000.0,
        "Interest Expense": 45000.0,
        "Interest Income": 5224000.0,
        "Normalized Income": -20452000.0,
        "Net Income From Continuing And Discontinued Operation": -19042000.0,
        "Total Expenses": 27978000.0,
        "Total Operating Income As Reported": -25631000.0,
        "Diluted Average Shares": NaN,
        "Basic Average Shares": NaN,
        "Diluted EPS": NaN,
        "Basic EPS": NaN,
        "Diluted NI Availto Com Stockholders": -19042000.0,
        "Net Income Common Stockholders": -19042000.0,
        "Net Income": -19042000.0,
        "Net Income Including Noncontrolling Interests": -19042000.0,
        "Net Income Continuous Operations": -19042000.0,
        "Tax Provision": 0.0,
        "Pretax Income": -19042000.0,
        "Other Income Expense": 1410000.0,
        "Other Non Operating Income Expenses": NaN,
        "Gain On Sale Of Security": 1410000.0,
        "Net Non Operating Interest Income Expense": 5179000.0,
        "Interest Expense Non Operating": 45000.0,
        "Interest Income Non Operating": 5224000.0,
        "Operating Income": -25631000.0,
        "Operating Expense": 20601000.0,
        "Research And Development": 14358000.0,
        "Selling General And Administration": 6243000.0,
        "Selling And Marketing Expense": NaN,
        "General And Administrative Expense": NaN,
        "Other Gand A": NaN,
        "Gross Profit": -5030000.0,
        "Cost Of Revenue": 7377000.0,
        "Total Revenue": 2347000.0,
        "Operating Revenue": 2347000.0
    },
    "2024-03-31": {
        "Tax Effect Of Unusual Items": 0.0,
        "Tax Rate For Calcs": 0.0,
        "Normalized EBITDA": -16548000.0,
        "Total Unusual Items": -501000.0,
        "Total Unusual Items Excluding Goodwill": -501000.0,
        "Net Income From Continuing Operation Net Minority Interest": -21207000.0,
        "Reconciled Depreciation": 4116000.0,
        "Reconciled Cost Of Revenue": 4290000.0,
        "EBITDA": -17049000.0,
        "EBIT": -21165000.0,
        "Net Interest Income": 5075000.0,
        "Interest Expense": 42000.0,
        "Interest Income": 5117000.0,
        "Normalized Income": -20706000.0,
        "Net Income From Continuing And Discontinued Operation": -21207000.0,
        "Total Expenses": 31734000.0,
        "Total Operating Income As Reported": -25781000.0,
        "Diluted Average Shares": 180784020.0,
        "Basic Average Shares": 180784020.0,
        "Diluted EPS": -0.12,
        "Basic EPS": -0.12,
        "Diluted NI Availto Com Stockholders": -21207000.0,
        "Net Income Common Stockholders": -21207000.0,
        "Net Income": -21207000.0,
        "Net Income Including Noncontrolling Interests": -21207000.0,
        "Net Income Continuous Operations": -21207000.0,
        "Tax Provision": NaN,
        "Pretax Income": -21207000.0,
        "Other Income Expense": -501000.0,
        "Other Non Operating Income Expenses": NaN,
        "Gain On Sale Of Security": -501000.0,
        "Net Non Operating Interest Income Expense": 5075000.0,
        "Interest Expense Non Operating": 42000.0,
        "Interest Income Non Operating": 5117000.0,
        "Operating Income": -25781000.0,
        "Operating Expense": 27444000.0,
        "Research And Development": 18873000.0,
        "Selling General And Administration": 8571000.0,
        "Selling And Marketing Expense": NaN,
        "General And Administrative Expense": NaN,
        "Other Gand A": NaN,
        "Gross Profit": 1663000.0,
        "Cost Of Revenue": 4290000.0,
        "Total Revenue": 5953000.0,
        "Operating Revenue": 5953000.0
    },
    "2024-06-30": {
        "Tax Effect Of Unusual Items": 147630.0,
        "Tax Rate For Calcs": 0.21,
        "Normalized EBITDA": -18142000.0,
        "Total Unusual Items": 703000.0,
        "Total Unusual Items Excluding Goodwill": 703000.0,
        "Net Income From Continuing Operation Net Minority Interest": -22274000.0,
        "Reconciled Depreciation": 4275000.0,
        "Reconciled Cost Of Revenue": 5437000.0,
        "EBITDA": -17439000.0,
        "EBIT": -21714000.0,
        "Net Interest Income": 4471000.0,
        "Interest Expense": 49000.0,
        "Interest Income": 4520000.0,
        "Normalized Income": -22829370.0,
        "Net Income From Continuing And Discontinued Operation": -22274000.0,
        "Total Expenses": 32012000.0,
        "Total Operating Income As Reported": -26937000.0,
        "Diluted Average Shares": 177588035.0,
        "Basic Average Shares": 177588035.0,
        "Diluted EPS": -0.13,
        "Basic EPS": -0.13,
        "Diluted NI Availto Com Stockholders": -22274000.0,
        "Net Income Common Stockholders": -22274000.0,
        "Net Income": -22274000.0,
        "Net Income Including Noncontrolling Interests": -22274000.0,
        "Net Income Continuous Operations": -22274000.0,
        "Tax Provision": 511000.0,
        "Pretax Income": -21763000.0,
        "Other Income Expense": 703000.0,
        "Other Non Operating Income Expenses": NaN,
        "Gain On Sale Of Security": 703000.0,
        "Net Non Operating Interest Income Expense": 4471000.0,
        "Interest Expense Non Operating": 49000.0,
        "Interest Income Non Operating": 4520000.0,
        "Operating Income": -26937000.0,
        "Operating Expense": 26575000.0,
        "Research And Development": 18526000.0,
        "Selling General And Administration": 8049000.0,
        "Selling And Marketing Expense": NaN,
        "General And Administrative Expense": NaN,
        "Other Gand A": NaN,
        "Gross Profit": -362000.0,
        "Cost Of Revenue": 5437000.0,
        "Total Revenue": 5075000.0,
        "Operating Revenue": 5075000.0
    },
    "2024-09-30": {
        "Tax Effect Of Unusual Items": 334110.0,
        "Tax Rate For Calcs": 0.21,
        "Normalized EBITDA": -19381000.0,
        "Total Unusual Items": 1591000.0,
        "Total Unusual Items Excluding Goodwill": 1591000.0,
        "Net Income From Continuing Operation Net Minority Interest": -22419000.0,
        "Reconciled Depreciation": 4242000.0,
        "Reconciled Cost Of Revenue": 6973000.0,
        "EBITDA": -17790000.0,
        "EBIT": -22032000.0,
        "Net Interest Income": 4240000.0,
        "Interest Expense": 11000.0,
        "Interest Income": 4251000.0,
        "Normalized Income": -23675890.0,
        "Net Income From Continuing And Discontinued Operation": -22419000.0,
        "Total Expenses": 32242000.0,
        "Total Operating Income As Reported": -27591000.0,
        "Diluted Average Shares": 179160488.0,
        "Basic Average Shares": 179160488.0,
        "Diluted EPS": -0.13,
        "Basic EPS": -0.13,
        "Diluted NI Availto Com Stockholders": -22419000.0,
        "Net Income Common Stockholders": -22419000.0,
        "Net Income": -22419000.0,
        "Net Income Including Noncontrolling Interests": -22419000.0,
        "Net Income Continuous Operations": -22419000.0,
        "Tax Provision": 376000.0,
        "Pretax Income": -22043000.0,
        "Other Income Expense": 1308000.0,
        "Other Non Operating Income Expenses": -283000.0,
        "Gain On Sale Of Security": 1591000.0,
        "Net Non Operating Interest Income Expense": 4240000.0,
        "Interest Expense Non Operating": 11000.0,
        "Interest Income Non Operating": 4251000.0,
        "Operating Income": -27591000.0,
        "Operating Expense": 25269000.0,
        "Research And Development": 17319000.0,
        "Selling General And Administration": 7950000.0,
        "Selling And Marketing Expense": NaN,
        "General And Administrative Expense": NaN,
        "Other Gand A": NaN,
        "Gross Profit": -2322000.0,
        "Cost Of Revenue": 6973000.0,
        "Total Revenue": 4651000.0,
        "Operating Revenue": 4651000.0
    }
}