{
    "2023-03-31": {
        "Tax Effect Of Unusual Items": 0.0,
        "Tax Rate For Calcs": 0.161644,
        "Total Unusual Items": NaN,
        "Total Unusual Items Excluding Goodwill": NaN,
        "Net Income From Continuing Operation Net Minority Interest": 859000000.0,
        "EBIT": 1230000000.0,
        "Net Interest Income": -135000000.0,
        "Interest Expense": 135000000.0,
        "Interest Income": 1592000000.0,
        "Normalized Income": 859000000.0,
        "Net Income From Continuing And Discontinued Operation": 859000000.0,
        "Total Expenses": 10355000000.0,
        "Diluted Average Shares": 590000000.0,
        "Basic Average Shares": 587000000.0,
        "Diluted EPS": 1.37,
        "Basic EPS": 1.37,
        "Diluted NI Availto Com Stockholders": 809000000.0,
        "Average Dilution Earnings": 3000000.0,
        "Net Income Common Stockholders": 806000000.0,
        "Otherunder Preferred Stock Dividend": 33000000.0,
        "Preferred Stock Dividends": 20000000.0,
        "Net Income": 859000000.0,
        "Minority Interests": -59000000.0,
        "Net Income Including Noncontrolling Interests": 918000000.0,
        "Net Income Continuous Operations": 918000000.0,
        "Tax Provision": 177000000.0,
        "Pretax Income": 1095000000.0,
        "Other Income Expense": 159000000.0,
        "Special Income Charges": NaN,
        "Other Special Charges": NaN,
        "Net Non Operating Interest Income Expense": -135000000.0,
        "Interest Expense Non Operating": 135000000.0,
        "Other Operating Expenses": 1779000000.0,
        "Total Revenue": 11450000000.0,
        "Operating Revenue": 11450000000.0
    },
    "2022-12-31": {
        "Tax Effect Of Unusual Items": NaN,
        "Tax Rate For Calcs": NaN,
        "Total Unusual Items": 152000000.0,
        "Total Unusual Items Excluding Goodwill": 152000000.0,
        "Net Income From Continuing Operation Net Minority Interest": NaN,
        "EBIT": NaN,
        "Net Interest Income": NaN,
        "Interest Expense": NaN,
        "Interest Income": NaN,
        "Normalized Income": NaN,
        "Net Income From Continuing And Discontinued Operation": NaN,
        "Total Expenses": NaN,
        "Diluted Average Shares": NaN,
        "Basic Average Shares": NaN,
        "Diluted EPS": NaN,
        "Basic EPS": NaN,
        "Diluted NI Availto Com Stockholders": NaN,
        "Average Dilution Earnings": NaN,
        "Net Income Common Stockholders": NaN,
        "Otherunder Preferred Stock Dividend": NaN,
        "Preferred Stock Dividends": NaN,
        "Net Income": NaN,
        "Minority Interests": NaN,
        "Net Income Including Noncontrolling Interests": NaN,
        "Net Income Continuous Operations": NaN,
        "Tax Provision": NaN,
        "Pretax Income": NaN,
        "Other Income Expense": NaN,
        "Special Income Charges": 152000000.0,
        "Other Special Charges": 0.0,
        "Net Non Operating Interest Income Expense": NaN,
        "Interest Expense Non Operating": NaN,
        "Other Operating Expenses": NaN,
        "Total Revenue": NaN,
        "Operating Revenue": NaN
    },
    "2022-09-30": {
        "Tax Effect Of Unusual Items": NaN,
        "Tax Rate For Calcs": NaN,
        "Total Unusual Items": 0.0,
        "Total Unusual Items Excluding Goodwill": 0.0,
        "Net Income From Continuing Operation Net Minority Interest": NaN,
        "EBIT": NaN,
        "Net Interest Income": NaN,
        "Interest Expense": NaN,
        "Interest Income": NaN,
        "Normalized Income": NaN,
        "Net Income From Continuing And Discontinued Operation": NaN,
        "Total Expenses": NaN,
        "Diluted Average Shares": 589000000.0,
        "Basic Average Shares": 586000000.0,
        "Diluted EPS": 0.19,
        "Basic EPS": 0.19,
        "Diluted NI Availto Com Stockholders": NaN,
        "Average Dilution Earnings": NaN,
        "Net Income Common Stockholders": NaN,
        "Otherunder Preferred Stock Dividend": NaN,
        "Preferred Stock Dividends": NaN,
        "Net Income": NaN,
        "Minority Interests": NaN,
        "Net Income Including Noncontrolling Interests": NaN,
        "Net Income Continuous Operations": NaN,
        "Tax Provision": NaN,
        "Pretax Income": NaN,
        "Other Income Expense": NaN,
        "Special Income Charges": 0.0,
        "Other Special Charges": NaN,
        "Net Non Operating Interest Income Expense": NaN,
        "Interest Expense Non Operating": NaN,
        "Other Operating Expenses": NaN,
        "Total Revenue": NaN,
        "Operating Revenue": NaN
    },
    "2022-06-30": {
        "Tax Effect Of Unusual Items": 21262135.92233,
        "Tax Rate For Calcs": 0.212621,
        "Total Unusual Items": 100000000.0,
        "Total Unusual Items Excluding Goodwill": 100000000.0,
        "Net Income From Continuing Operation Net Minority Interest": 802000000.0,
        "EBIT": 1131000000.0,
        "Net Interest Income": -101000000.0,
        "Interest Expense": 101000000.0,
        "Interest Income": 1505000000.0,
        "Normalized Income": 723262135.92233,
        "Net Income From Continuing And Discontinued Operation": 802000000.0,
        "Total Expenses": 874000000.0,
        "Diluted Average Shares": 589000000.0,
        "Basic Average Shares": 586000000.0,
        "Diluted EPS": 1.58,
        "Basic EPS": 1.59,
        "Diluted NI Availto Com Stockholders": 788000000.0,
        "Average Dilution Earnings": 3000000.0,
        "Net Income Common Stockholders": 785000000.0,
        "Otherunder Preferred Stock Dividend": 3000000.0,
        "Preferred Stock Dividends": 14000000.0,
        "Net Income": 802000000.0,
        "Minority Interests": -9000000.0,
        "Net Income Including Noncontrolling Interests": 811000000.0,
        "Net Income Continuous Operations": 811000000.0,
        "Tax Provision": 219000000.0,
        "Pretax Income": 1030000000.0,
        "Special Income Charges": 100000000.0,
        "Other Special Charges": -100000000.0,
        "Net Non Operating Interest Income Expense": -101000000.0,
        "Interest Expense Non Operating": 101000000.0,
        "Other Operating Expenses": 2876000000.0,
        "Total Revenue": 1904000000.0,
        "Operating Revenue": 1904000000.0
    },
    "2022-03-31": {
        "Diluted EPS": 1.15,
        "Total Revenue": 300,
        "Gross Profit": NaN,
        "Operating Income": 916,
        "EBIT": 993,
        "Net Income": 677
    },
    "2021-12-31": {
        "Diluted EPS": 1.45,
        "Total Revenue": NaN,
        "Gross Profit": NaN,
        "Operating Income": NaN,
        "EBIT": NaN,
        "Net Income": 857
    },
    "2021-09-30": {
        "Diluted EPS": 1.38,
        "Total Revenue": NaN,
        "Gross Profit": NaN,
        "Operating Income": NaN,
        "EBIT": NaN,
        "Net Income": 809
    },
    "2021-06-30": {
        "Diluted EPS": 1.25,
        "Total Revenue": NaN,
        "Gross Profit": NaN,
        "Operating Income": 995,
        "EBIT": NaN,
        "Net Income": 733
    },
    "2021-03-31": {
        "Diluted EPS": 1.26,
        "Total Revenue": NaN,
        "Gross Profit": NaN,
        "Operating Income": NaN,
        "EBIT": NaN,
        "Net Income": 740
    },
    "2020-12-31": {
        "Diluted EPS": 0.97,
        "Total Revenue": NaN,
        "Gross Profit": NaN,
        "Operating Income": 701,
        "EBIT": 769,
        "Net Income": 566
    },
    "2020-09-30": {
        "Diluted EPS": 0.96,
        "Total Revenue": NaN,
        "Gross Profit": NaN,
        "Operating Income": 742,
        "EBIT": 807,
        "Net Income": 563
    },
    "2020-06-30": {
        "Diluted EPS": 0.64,
        "Total Revenue": NaN,
        "Gross Profit": NaN,
        "Operating Income": 514,
        "EBIT": 579,
        "Net Income": 374
    },
    "2020-03-31": {
        "Diluted EPS": 0.5,
        "Total Revenue": NaN,
        "Gross Profit": NaN,
        "Operating Income": 496,
        "EBIT": 563,
        "Net Income": 292
    },
    "2019-12-31": {
        "Diluted EPS": 0.92,
        "Total Revenue": NaN,
        "Gross Profit": NaN,
        "Operating Income": 689,
        "EBIT": 762,
        "Net Income": 543
    },
    "2019-09-30": {
        "Diluted EPS": 0.87,
        "Total Revenue": NaN,
        "Gross Profit": NaN,
        "Operating Income": 580,
        "EBIT": 630,
        "Net Income": 516
    },
    "2019-06-30": {
        "Diluted EPS": 0.75,
        "Total Revenue": NaN,
        "Gross Profit": NaN,
        "Operating Income": 564,
        "EBIT": 627,
        "Net Income": 445
    },
    "2019-03-31": {
        "Diluted EPS": 0.78,
        "Total Revenue": NaN,
        "Gross Profit": NaN,
        "Operating Income": 603,
        "EBIT": 670,
        "Net Income": 469
    },
    "2018-12-31": {
        "Diluted EPS": 0.72,
        "Total Revenue": NaN,
        "Gross Profit": NaN,
        "Operating Income": 586,
        "EBIT": 646,
        "Net Income": 435
    },
    "2018-09-30": {
        "Diluted EPS": 0.71,
        "Total Revenue": NaN,
        "Gross Profit": NaN,
        "Operating Income": 812,
        "EBIT": 868,
        "Net Income": 434
    },
    "2018-06-30": {
        "Diluted EPS": 0.9,
        "Total Revenue": NaN,
        "Gross Profit": NaN,
        "Operating Income": 738,
        "EBIT": 798,
        "Net Income": 547
    },
    "2018-03-31": {
        "Diluted EPS": 0.86,
        "Total Revenue": NaN,
        "Gross Profit": NaN,
        "Operating Income": 573,
        "EBIT": 632,
        "Net Income": 529
    },
    "2017-12-31": {
        "Diluted EPS": 0.28,
        "Total Revenue": NaN,
        "Gross Profit": NaN,
        "Operating Income": 143,
        "EBIT": 207,
        "Net Income": 163
    },
    "2017-09-30": {
        "Diluted EPS": 1.05,
        "Total Revenue": NaN,
        "Gross Profit": NaN,
        "Operating Income": 845,
        "EBIT": 889,
        "Net Income": 652
    },
    "2017-06-30": {
        "Diluted EPS": 0.69,
        "Total Revenue": NaN,
        "Gross Profit": NaN,
        "Operating Income": 460,
        "EBIT": 525,
        "Net Income": 427
    },
    "2017-03-31": {
        "Diluted EPS": 0.67,
        "Total Revenue": NaN,
        "Gross Profit": NaN,
        "Operating Income": 703,
        "EBIT": 764,
        "Net Income": 416
    },
    "2016-12-31": {
        "Diluted EPS": 0.88,
        "Total Revenue": NaN,
        "Gross Profit": -469,
        "Operating Income": 768,
        "EBIT": 828,
        "Net Income": 545
    },
    "2016-09-30": {
        "Diluted EPS": 0.92,
        "Total Revenue": NaN,
        "Gross Profit": NaN,
        "Operating Income": 861,
        "EBIT": 920,
        "Net Income": 565
    },
    "2016-06-30": {
        "Diluted EPS": 0.61,
        "Total Revenue": NaN,
        "Gross Profit": NaN,
        "Operating Income": 490,
        "EBIT": 551,
        "Net Income": 372
    },
    "2016-03-31": {
        "Diluted EPS": 0.64,
        "Total Revenue": NaN,
        "Gross Profit": NaN,
        "Operating Income": 483,
        "EBIT": 542,
        "Net Income": 394
    },
    "2015-12-31": {
        "Diluted EPS": 0.65,
        "Total Revenue": NaN,
        "Gross Profit": NaN,
        "Operating Income": NaN,
        "EBIT": NaN,
        "Net Income": 420
    },
    "2015-09-30": {
        "Diluted EPS": 0.6,
        "Total Revenue": NaN,
        "Gross Profit": 900,
        "Operating Income": -518,
        "EBIT": -518,
        "Net Income": 387
    },
    "2015-06-30": {
        "Diluted EPS": 0.96,
        "Total Revenue": NaN,
        "Gross Profit": NaN,
        "Operating Income": NaN,
        "EBIT": NaN,
        "Net Income": 612
    },
    "2015-03-31": {
        "Diluted EPS": 0.59,
        "Total Revenue": NaN,
        "Gross Profit": NaN,
        "Operating Income": NaN,
        "EBIT": NaN,
        "Net Income": 385
    },
    "2014-12-31": {
        "Diluted EPS": 0.65,
        "Total Revenue": NaN,
        "Gross Profit": NaN,
        "Operating Income": NaN,
        "EBIT": NaN,
        "Net Income": 427
    },
    "2014-09-30": {
        "Diluted EPS": 0.62,
        "Total Revenue": NaN,
        "Gross Profit": NaN,
        "Operating Income": 590,
        "EBIT": 590,
        "Net Income": 405
    },
    "2014-06-30": {
        "Diluted EPS": 0.63,
        "Total Revenue": NaN,
        "Gross Profit": NaN,
        "Operating Income": NaN,
        "EBIT": NaN,
        "Net Income": 417
    },
    "2014-03-31": {
        "Diluted EPS": 0.59,
        "Total Revenue": NaN,
        "Gross Profit": NaN,
        "Operating Income": NaN,
        "EBIT": NaN,
        "Net Income": 392
    },
    "2013-12-31": {
        "Diluted EPS": 0.9,
        "Total Revenue": NaN,
        "Gross Profit": NaN,
        "Operating Income": 271,
        "EBIT": 271,
        "Net Income": 550
    },
    "2013-09-30": {
        "Diluted EPS": -0.8,
        "Total Revenue": NaN,
        "Gross Profit": NaN,
        "Operating Income": -303,
        "EBIT": -303,
        "Net Income": -470
    },
    "2013-06-30": {
        "Diluted EPS": 0.62,
        "Total Revenue": NaN,
        "Gross Profit": NaN,
        "Operating Income": NaN,
        "EBIT": NaN,
        "Net Income": 412
    },
    "2013-03-31": {
        "Diluted EPS": 0.84,
        "Total Revenue": NaN,
        "Gross Profit": 877,
        "Operating Income": -515,
        "EBIT": -515,
        "Net Income": 510
    },
    "2012-12-31": {
        "Diluted EPS": 0.65,
        "Total Revenue": NaN,
        "Gross Profit": NaN,
        "Operating Income": NaN,
        "EBIT": NaN,
        "Net Income": 394
    },
    "2012-09-30": {
        "Diluted EPS": 0.64,
        "Total Revenue": NaN,
        "Gross Profit": NaN,
        "Operating Income": 710,
        "EBIT": 710,
        "Net Income": 414
    },
    "2012-06-30": {
        "Diluted EPS": 0.09,
        "Total Revenue": NaN,
        "Gross Profit": NaN,
        "Operating Income": NaN,
        "EBIT": NaN,
        "Net Income": 81
    },
    "2012-03-31": {
        "Diluted EPS": 1.15,
        "Total Revenue": NaN,
        "Gross Profit": -151,
        "Operating Income": NaN,
        "EBIT": NaN,
        "Net Income": 714
    },
    "2011-12-31": {
        "Diluted EPS": -0.9,
        "Total Revenue": NaN,
        "Gross Profit": NaN,
        "Operating Income": NaN,
        "EBIT": NaN,
        "Net Income": -499
    },
    "2011-09-30": {
        "Diluted EPS": -1.06,
        "Total Revenue": NaN,
        "Gross Profit": NaN,
        "Operating Income": NaN,
        "EBIT": NaN,
        "Net Income": -589
    },
    "2011-06-30": {
        "Diluted EPS": 0.71,
        "Total Revenue": NaN,
        "Gross Profit": NaN,
        "Operating Income": 749,
        "EBIT": 749,
        "Net Income": 450
    },
    "2011-03-31": {
        "Diluted EPS": 0.77,
        "Total Revenue": NaN,
        "Gross Profit": 952,
        "Operating Income": -421,
        "EBIT": -421,
        "Net Income": 461
    },
    "2010-12-31": {
        "Diluted EPS": 0.89,
        "Total Revenue": NaN,
        "Gross Profit": 978,
        "Operating Income": -417,
        "EBIT": -333,
        "Net Income": 540
    },
    "2010-09-30": {
        "Diluted EPS": 0.76,
        "Total Revenue": NaN,
        "Gross Profit": NaN,
        "Operating Income": NaN,
        "EBIT": NaN,
        "Net Income": 460
    },
    "2010-06-30": {
        "Diluted EPS": 0.36,
        "Total Revenue": NaN,
        "Gross Profit": NaN,
        "Operating Income": NaN,
        "EBIT": NaN,
        "Net Income": 229
    },
    "2010-03-31": {
        "Diluted EPS": 0.69,
        "Total Revenue": NaN,
        "Gross Profit": NaN,
        "Operating Income": NaN,
        "EBIT": NaN,
        "Net Income": 413
    },
    "2009-12-31": {
        "Diluted EPS": 0.49,
        "Total Revenue": NaN,
        "Gross Profit": NaN,
        "Operating Income": 384,
        "EBIT": 516,
        "Net Income": 297
    },
    "2009-09-30": {
        "Diluted EPS": -0.23,
        "Total Revenue": NaN,
        "Gross Profit": NaN,
        "Operating Income": NaN,
        "EBIT": NaN,
        "Net Income": -110
    },
    "2009-06-30": {
        "Diluted EPS": 0.98,
        "Total Revenue": NaN,
        "Gross Profit": NaN,
        "Operating Income": NaN,
        "EBIT": NaN,
        "Net Income": 567
    },
    "2009-03-31": {
        "Diluted EPS": -0.35,
        "Total Revenue": NaN,
        "Gross Profit": 436,
        "Operating Income": -554,
        "EBIT": -577,
        "Net Income": -181
    },
    "2023-06-30": {
        "Tax Effect Of Unusual Items": 0.0,
        "Tax Rate For Calcs": 0.146,
        "Total Unusual Items": NaN,
        "Total Unusual Items Excluding Goodwill": NaN,
        "Net Income From Continuing Operation Net Minority Interest": 731000000.0,
        "EBIT": 1009000000.0,
        "Net Interest Income": -142000000.0,
        "Interest Expense": 142000000.0,
        "Interest Income": -1070000000.0,
        "Normalized Income": 731000000.0,
        "Net Income From Continuing And Discontinued Operation": 731000000.0,
        "Total Expenses": 4709000000.0,
        "Diluted Average Shares": 590000000.0,
        "Basic Average Shares": 587000000.0,
        "Diluted EPS": 1.12,
        "Basic EPS": 1.12,
        "Diluted NI Availto Com Stockholders": 662000000.0,
        "Average Dilution Earnings": 2000000.0,
        "Net Income Common Stockholders": 660000000.0,
        "Otherunder Preferred Stock Dividend": 51000000.0,
        "Preferred Stock Dividends": 20000000.0,
        "Net Income": 731000000.0,
        "Minority Interests": -9000000.0,
        "Net Income Including Noncontrolling Interests": 740000000.0,
        "Net Income Continuous Operations": 740000000.0,
        "Tax Provision": 127000000.0,
        "Pretax Income": 867000000.0,
        "Other Income Expense": NaN,
        "Special Income Charges": NaN,
        "Other Special Charges": NaN,
        "Net Non Operating Interest Income Expense": -142000000.0,
        "Interest Expense Non Operating": 142000000.0,
        "Other Operating Expenses": 1955000000.0,
        "Total Revenue": 5576000000.0,
        "Operating Revenue": 5576000000.0
    },
    "2023-09-30": {
        "Tax Effect Of Unusual Items": 0.0,
        "Tax Rate For Calcs": 0.207,
        "Total Unusual Items": NaN,
        "Total Unusual Items Excluding Goodwill": NaN,
        "Net Income From Continuing Operation Net Minority Interest": 927000000.0,
        "EBIT": 1341000000.0,
        "Net Interest Income": -160000000.0,
        "Interest Expense": 160000000.0,
        "Interest Income": -1134000000.0,
        "Normalized Income": 927000000.0,
        "Net Income From Continuing And Discontinued Operation": 927000000.0,
        "Total Expenses": -1029000000.0,
        "Diluted Average Shares": 589000000.0,
        "Basic Average Shares": 586000000.0,
        "Diluted EPS": 1.48,
        "Basic EPS": 1.49,
        "Diluted NI Availto Com Stockholders": 874000000.0,
        "Average Dilution Earnings": 3000000.0,
        "Net Income Common Stockholders": 871000000.0,
        "Otherunder Preferred Stock Dividend": 37000000.0,
        "Preferred Stock Dividends": 19000000.0,
        "Net Income": 927000000.0,
        "Minority Interests": -10000000.0,
        "Net Income Including Noncontrolling Interests": 937000000.0,
        "Net Income Continuous Operations": 937000000.0,
        "Tax Provision": 244000000.0,
        "Pretax Income": 1181000000.0,
        "Other Income Expense": NaN,
        "Special Income Charges": NaN,
        "Other Special Charges": NaN,
        "Net Non Operating Interest Income Expense": -160000000.0,
        "Interest Expense Non Operating": 160000000.0,
        "Other Operating Expenses": 2006000000.0,
        "Total Revenue": 152000000.0,
        "Operating Revenue": 152000000.0
    },
    "2023-12-31": {
        "Tax Effect Of Unusual Items": 0.0,
        "Tax Rate For Calcs": 0.4,
        "Total Unusual Items": NaN,
        "Total Unusual Items Excluding Goodwill": NaN,
        "Net Income From Continuing Operation Net Minority Interest": 826000000.0,
        "EBIT": 902000000.0,
        "Net Interest Income": -115000000.0,
        "Interest Expense": 115000000.0,
        "Interest Income": -1099000000.0,
        "Normalized Income": 826000000.0,
        "Net Income From Continuing And Discontinued Operation": 826000000.0,
        "Total Expenses": 17834000000.0,
        "Diluted Average Shares": NaN,
        "Basic Average Shares": NaN,
        "Diluted EPS": NaN,
        "Basic EPS": NaN,
        "Diluted NI Availto Com Stockholders": 751000000.0,
        "Average Dilution Earnings": 2000000.0,
        "Net Income Common Stockholders": 749000000.0,
        "Otherunder Preferred Stock Dividend": 57000000.0,
        "Preferred Stock Dividends": 20000000.0,
        "Net Income": 826000000.0,
        "Minority Interests": -48000000.0,
        "Net Income Including Noncontrolling Interests": 874000000.0,
        "Net Income Continuous Operations": 874000000.0,
        "Tax Provision": -87000000.0,
        "Pretax Income": 787000000.0,
        "Other Income Expense": NaN,
        "Special Income Charges": NaN,
        "Other Special Charges": NaN,
        "Net Non Operating Interest Income Expense": -115000000.0,
        "Interest Expense Non Operating": 115000000.0,
        "Other Operating Expenses": 2081000000.0,
        "Total Revenue": 18621000000.0,
        "Operating Revenue": 18621000000.0
    },
    "2024-03-31": {
        "Tax Effect Of Unusual Items": 0.0,
        "Tax Rate For Calcs": 0.218045,
        "Total Unusual Items": NaN,
        "Total Unusual Items Excluding Goodwill": NaN,
        "Net Income From Continuing Operation Net Minority Interest": 893000000.0,
        "EBIT": 1356000000.0,
        "Net Interest Income": -159000000.0,
        "Interest Expense": 159000000.0,
        "Interest Income": 1724000000.0,
        "Normalized Income": 893000000.0,
        "Net Income From Continuing And Discontinued Operation": 893000000.0,
        "Total Expenses": 5393000000.0,
        "Diluted Average Shares": 587000000.0,
        "Basic Average Shares": 584000000.0,
        "Diluted EPS": 1.4,
        "Basic EPS": 1.4,
        "Diluted NI Availto Com Stockholders": 821000000.0,
        "Average Dilution Earnings": 3000000.0,
        "Net Income Common Stockholders": 818000000.0,
        "Otherunder Preferred Stock Dividend": 55000000.0,
        "Preferred Stock Dividends": 20000000.0,
        "Net Income": 893000000.0,
        "Minority Interests": -43000000.0,
        "Net Income Including Noncontrolling Interests": 936000000.0,
        "Net Income Continuous Operations": 936000000.0,
        "Tax Provision": 261000000.0,
        "Pretax Income": 1197000000.0,
        "Other Income Expense": 164000000.0,
        "Special Income Charges": NaN,
        "Other Special Charges": NaN,
        "Net Non Operating Interest Income Expense": -159000000.0,
        "Interest Expense Non Operating": 159000000.0,
        "Other Operating Expenses": 2026000000.0,
        "Total Revenue": 6590000000.0,
        "Operating Revenue": 6590000000.0
    }
}