{
    "2023-03-31": {
        "Tax Effect Of Unusual Items": NaN,
        "Tax Rate For Calcs": NaN,
        "Normalized EBITDA": NaN,
        "Net Income From Continuing Operation Net Minority Interest": NaN,
        "EBITDA": NaN,
        "EBIT": NaN,
        "Net Interest Income": NaN,
        "Interest Income": NaN,
        "Normalized Income": NaN,
        "Net Income From Continuing And Discontinued Operation": NaN,
        "Total Expenses": NaN,
        "Total Operating Income As Reported": NaN,
        "Diluted Average Shares": 24944220.0,
        "Basic Average Shares": 24944220.0,
        "Diluted EPS": -0.43,
        "Basic EPS": -0.43,
        "Diluted NI Availto Com Stockholders": NaN,
        "Net Income Common Stockholders": NaN,
        "Net Income": NaN,
        "Net Income Including Noncontrolling Interests": NaN,
        "Net Income Continuous Operations": NaN,
        "Pretax Income": NaN,
        "Net Non Operating Interest Income Expense": NaN,
        "Interest Income Non Operating": NaN,
        "Operating Income": NaN,
        "Operating Expense": NaN,
        "Other Operating Expenses": NaN,
        "Research And Development": NaN,
        "Selling General And Administration": NaN,
        "General And Administrative Expense": NaN,
        "Other Gand A": NaN,
        "Total Revenue": NaN,
        "Operating Revenue": NaN
    },
    "2022-12-31": {
        "Tax Effect Of Unusual Items": 0.0,
        "Tax Rate For Calcs": 0.0,
        "Normalized EBITDA": -6205000.0,
        "Net Income From Continuing Operation Net Minority Interest": -5785000.0,
        "EBITDA": -6205000.0,
        "EBIT": -6205000.0,
        "Net Interest Income": 420000.0,
        "Interest Income": 420000.0,
        "Normalized Income": -5785000.0,
        "Net Income From Continuing And Discontinued Operation": -5785000.0,
        "Total Expenses": 6305000.0,
        "Total Operating Income As Reported": -6205000.0,
        "Diluted Average Shares": NaN,
        "Basic Average Shares": NaN,
        "Diluted EPS": NaN,
        "Basic EPS": NaN,
        "Diluted NI Availto Com Stockholders": -5785000.0,
        "Net Income Common Stockholders": -5785000.0,
        "Net Income": -5785000.0,
        "Net Income Including Noncontrolling Interests": -5785000.0,
        "Net Income Continuous Operations": -5785000.0,
        "Pretax Income": -5785000.0,
        "Net Non Operating Interest Income Expense": 420000.0,
        "Interest Income Non Operating": 420000.0,
        "Operating Income": -6205000.0,
        "Operating Expense": 6305000.0,
        "Other Operating Expenses": NaN,
        "Research And Development": 4217000.0,
        "Selling General And Administration": 2088000.0,
        "General And Administrative Expense": NaN,
        "Other Gand A": NaN,
        "Total Revenue": 100000.0,
        "Operating Revenue": 100000.0
    },
    "2022-09-30": {
        "Tax Effect Of Unusual Items": NaN,
        "Tax Rate For Calcs": NaN,
        "Normalized EBITDA": NaN,
        "Net Income From Continuing Operation Net Minority Interest": NaN,
        "EBITDA": NaN,
        "EBIT": NaN,
        "Net Interest Income": NaN,
        "Interest Income": NaN,
        "Normalized Income": NaN,
        "Net Income From Continuing And Discontinued Operation": NaN,
        "Total Expenses": NaN,
        "Total Operating Income As Reported": NaN,
        "Diluted Average Shares": 23129469.0,
        "Basic Average Shares": 23129469.0,
        "Diluted EPS": -0.15,
        "Basic EPS": -0.15,
        "Diluted NI Availto Com Stockholders": NaN,
        "Net Income Common Stockholders": NaN,
        "Net Income": NaN,
        "Net Income Including Noncontrolling Interests": NaN,
        "Net Income Continuous Operations": NaN,
        "Pretax Income": NaN,
        "Net Non Operating Interest Income Expense": NaN,
        "Interest Income Non Operating": NaN,
        "Operating Income": NaN,
        "Operating Expense": NaN,
        "Other Operating Expenses": NaN,
        "Research And Development": NaN,
        "Selling General And Administration": NaN,
        "General And Administrative Expense": NaN,
        "Other Gand A": NaN,
        "Total Revenue": NaN,
        "Operating Revenue": NaN
    },
    "2022-06-30": {
        "Tax Effect Of Unusual Items": 0.0,
        "Tax Rate For Calcs": 0.0,
        "Normalized EBITDA": -463000.0,
        "Net Income From Continuing Operation Net Minority Interest": -134000.0,
        "EBITDA": -463000.0,
        "EBIT": -463000.0,
        "Net Interest Income": 329000.0,
        "Interest Income": 329000.0,
        "Normalized Income": -134000.0,
        "Net Income From Continuing And Discontinued Operation": -134000.0,
        "Total Expenses": 3981000.0,
        "Total Operating Income As Reported": -463000.0,
        "Diluted Average Shares": 23128429.0,
        "Basic Average Shares": 23128429.0,
        "Diluted EPS": -0.01,
        "Basic EPS": -0.01,
        "Diluted NI Availto Com Stockholders": -134000.0,
        "Net Income Common Stockholders": -134000.0,
        "Net Income": -134000.0,
        "Net Income Including Noncontrolling Interests": -134000.0,
        "Net Income Continuous Operations": -134000.0,
        "Pretax Income": -134000.0,
        "Net Non Operating Interest Income Expense": 329000.0,
        "Interest Income Non Operating": 329000.0,
        "Operating Income": -463000.0,
        "Operating Expense": 3981000.0,
        "Research And Development": 2380000.0,
        "Selling General And Administration": 1601000.0,
        "General And Administrative Expense": 1601000.0,
        "Other Gand A": 1601000.0,
        "Total Revenue": 3518000.0,
        "Operating Revenue": 3518000.0
    },
    "2022-03-31": {
        "Diluted EPS": -0.24,
        "Total Revenue": 0,
        "Gross Profit": 0,
        "Operating Income": -6,
        "EBIT": -6,
        "Net Income": -6
    },
    "2021-12-31": {
        "Diluted EPS": 0.62,
        "Total Revenue": 21,
        "Gross Profit": 21,
        "Operating Income": 14,
        "EBIT": 14,
        "Net Income": 14
    },
    "2021-09-30": {
        "Diluted EPS": 0.05,
        "Total Revenue": 9,
        "Gross Profit": 9,
        "Operating Income": 1,
        "EBIT": 1,
        "Net Income": 1
    },
    "2021-06-30": {
        "Diluted EPS": -0.35,
        "Total Revenue": 1,
        "Gross Profit": 1,
        "Operating Income": -8,
        "EBIT": -8,
        "Net Income": -8
    },
    "2021-03-31": {
        "Diluted EPS": -0.18,
        "Total Revenue": 1,
        "Gross Profit": 1,
        "Operating Income": -4,
        "EBIT": -4,
        "Net Income": -4
    },
    "2020-12-31": {
        "Diluted EPS": -0.29,
        "Total Revenue": 2,
        "Gross Profit": 2,
        "Operating Income": -7,
        "EBIT": -7,
        "Net Income": -6
    },
    "2020-09-30": {
        "Diluted EPS": -0.37,
        "Total Revenue": 2,
        "Gross Profit": 2,
        "Operating Income": -9,
        "EBIT": -9,
        "Net Income": -9
    },
    "2020-06-30": {
        "Diluted EPS": -0.31,
        "Total Revenue": 1,
        "Gross Profit": 1,
        "Operating Income": -8,
        "EBIT": -8,
        "Net Income": -7
    },
    "2020-03-31": {
        "Diluted EPS": -0.33,
        "Total Revenue": 3,
        "Gross Profit": 3,
        "Operating Income": -7,
        "EBIT": -7,
        "Net Income": -7
    },
    "2019-12-31": {
        "Diluted EPS": -0.33,
        "Total Revenue": 4,
        "Gross Profit": 4,
        "Operating Income": -7,
        "EBIT": -7,
        "Net Income": -7
    },
    "2019-09-30": {
        "Diluted EPS": -0.37,
        "Total Revenue": 5,
        "Gross Profit": 5,
        "Operating Income": -8,
        "EBIT": -8,
        "Net Income": -7
    },
    "2019-06-30": {
        "Diluted EPS": -0.26,
        "Total Revenue": 8,
        "Gross Profit": 8,
        "Operating Income": -5,
        "EBIT": -5,
        "Net Income": -5
    },
    "2019-03-31": {
        "Diluted EPS": -0.3,
        "Total Revenue": 6,
        "Gross Profit": 6,
        "Operating Income": -6,
        "EBIT": -6,
        "Net Income": -6
    },
    "2018-12-31": {
        "Diluted EPS": -0.65,
        "Total Revenue": 0,
        "Gross Profit": 0,
        "Operating Income": -12,
        "Net Income": -12
    },
    "2018-09-30": {
        "Diluted EPS": -0.4,
        "Total Revenue": 0,
        "Gross Profit": 0,
        "Operating Income": -8,
        "Net Income": -8
    },
    "2018-06-30": {
        "Diluted EPS": -0.36,
        "Total Revenue": 0,
        "Gross Profit": 0,
        "Operating Income": -7,
        "EBIT": -7,
        "Net Income": -7
    },
    "2018-03-31": {
        "Diluted EPS": -0.39,
        "Total Revenue": 0,
        "Gross Profit": 0,
        "Operating Income": -6,
        "EBIT": -6,
        "Net Income": -6
    },
    "2017-12-31": {
        "Diluted EPS": 0.0,
        "Total Revenue": NaN,
        "Gross Profit": NaN,
        "Operating Income": NaN,
        "EBIT": NaN,
        "Net Income": NaN
    },
    "2017-09-30": {
        "Diluted EPS": 0.0,
        "Total Revenue": NaN,
        "Gross Profit": NaN,
        "Operating Income": NaN,
        "EBIT": NaN,
        "Net Income": NaN
    },
    "2017-06-30": {
        "Diluted EPS": -0.98,
        "Total Revenue": NaN,
        "Gross Profit": NaN,
        "Operating Income": -6,
        "EBIT": -6,
        "Net Income": -6
    },
    "2016-12-31": {
        "Diluted EPS": 0.0,
        "Total Revenue": NaN,
        "Gross Profit": NaN,
        "Operating Income": NaN,
        "EBIT": NaN,
        "Net Income": NaN
    },
    "2015-12-31": {
        "Diluted EPS": 0.0,
        "Total Revenue": NaN,
        "Gross Profit": NaN,
        "Operating Income": NaN,
        "EBIT": NaN,
        "Net Income": NaN
    },
    "2023-06-30": {
        "Tax Effect Of Unusual Items": 0.0,
        "Tax Rate For Calcs": 0.0,
        "Normalized EBITDA": -6527000.0,
        "Net Income From Continuing Operation Net Minority Interest": -5970000.0,
        "EBITDA": -6527000.0,
        "EBIT": -6527000.0,
        "Net Interest Income": 557000.0,
        "Interest Income": 557000.0,
        "Normalized Income": -5970000.0,
        "Net Income From Continuing And Discontinued Operation": -5970000.0,
        "Total Expenses": 7121000.0,
        "Total Operating Income As Reported": -6527000.0,
        "Diluted Average Shares": 27660326.0,
        "Basic Average Shares": 27660326.0,
        "Diluted EPS": -0.22,
        "Basic EPS": -0.22,
        "Diluted NI Availto Com Stockholders": -5970000.0,
        "Net Income Common Stockholders": -5970000.0,
        "Net Income": -5970000.0,
        "Net Income Including Noncontrolling Interests": -5970000.0,
        "Net Income Continuous Operations": -5970000.0,
        "Pretax Income": -5970000.0,
        "Net Non Operating Interest Income Expense": 557000.0,
        "Interest Income Non Operating": 557000.0,
        "Operating Income": -6527000.0,
        "Operating Expense": 7121000.0,
        "Other Operating Expenses": NaN,
        "Research And Development": 5312000.0,
        "Selling General And Administration": 1809000.0,
        "General And Administrative Expense": 1809000.0,
        "Other Gand A": 1809000.0,
        "Total Revenue": 594000.0,
        "Operating Revenue": 594000.0
    },
    "2023-09-30": {
        "Tax Effect Of Unusual Items": 0.0,
        "Tax Rate For Calcs": 0.0,
        "Normalized EBITDA": -6307000.0,
        "Net Income From Continuing Operation Net Minority Interest": -5711000.0,
        "EBITDA": -6307000.0,
        "EBIT": -6307000.0,
        "Net Interest Income": 596000.0,
        "Interest Income": 596000.0,
        "Normalized Income": -5711000.0,
        "Net Income From Continuing And Discontinued Operation": -5711000.0,
        "Total Expenses": 6520000.0,
        "Total Operating Income As Reported": -6307000.0,
        "Diluted Average Shares": 27844212.0,
        "Basic Average Shares": 27844212.0,
        "Diluted EPS": -0.21,
        "Basic EPS": -0.21,
        "Diluted NI Availto Com Stockholders": -5711000.0,
        "Net Income Common Stockholders": -5711000.0,
        "Net Income": -5711000.0,
        "Net Income Including Noncontrolling Interests": -5711000.0,
        "Net Income Continuous Operations": -5711000.0,
        "Pretax Income": -5711000.0,
        "Net Non Operating Interest Income Expense": 596000.0,
        "Interest Income Non Operating": 596000.0,
        "Operating Income": -6307000.0,
        "Operating Expense": 6520000.0,
        "Other Operating Expenses": -14000.0,
        "Research And Development": 4672000.0,
        "Selling General And Administration": 1862000.0,
        "General And Administrative Expense": 1862000.0,
        "Other Gand A": 1862000.0,
        "Total Revenue": 213000.0,
        "Operating Revenue": 213000.0
    },
    "2023-12-31": {
        "Tax Effect Of Unusual Items": 0.0,
        "Tax Rate For Calcs": 0.0,
        "Normalized EBITDA": -5407000.0,
        "Net Income From Continuing Operation Net Minority Interest": -4836000.0,
        "EBITDA": -5407000.0,
        "EBIT": -5407000.0,
        "Net Interest Income": 571000.0,
        "Interest Income": 571000.0,
        "Normalized Income": -4836000.0,
        "Net Income From Continuing And Discontinued Operation": -4836000.0,
        "Total Expenses": 5854000.0,
        "Total Operating Income As Reported": -5407000.0,
        "Diluted Average Shares": NaN,
        "Basic Average Shares": NaN,
        "Diluted EPS": NaN,
        "Basic EPS": NaN,
        "Diluted NI Availto Com Stockholders": -4836000.0,
        "Net Income Common Stockholders": -4836000.0,
        "Net Income": -4836000.0,
        "Net Income Including Noncontrolling Interests": -4836000.0,
        "Net Income Continuous Operations": -4836000.0,
        "Pretax Income": -4836000.0,
        "Net Non Operating Interest Income Expense": 571000.0,
        "Interest Income Non Operating": 571000.0,
        "Operating Income": -5407000.0,
        "Operating Expense": 5854000.0,
        "Other Operating Expenses": -41000.0,
        "Research And Development": 4171000.0,
        "Selling General And Administration": 1724000.0,
        "General And Administrative Expense": 1724000.0,
        "Other Gand A": 1724000.0,
        "Total Revenue": 447000.0,
        "Operating Revenue": 447000.0
    },
    "2024-03-31": {
        "Tax Effect Of Unusual Items": 0.0,
        "Tax Rate For Calcs": 0.0,
        "Normalized EBITDA": -6712000.0,
        "Net Income From Continuing Operation Net Minority Interest": -6344000.0,
        "EBITDA": -6712000.0,
        "EBIT": -6712000.0,
        "Net Interest Income": 368000.0,
        "Interest Income": 368000.0,
        "Normalized Income": -6344000.0,
        "Net Income From Continuing And Discontinued Operation": -6344000.0,
        "Total Expenses": 7178000.0,
        "Total Operating Income As Reported": 6712000.0,
        "Diluted Average Shares": 27857620.0,
        "Basic Average Shares": 27857620.0,
        "Diluted EPS": -0.23,
        "Basic EPS": -0.23,
        "Diluted NI Availto Com Stockholders": -6344000.0,
        "Net Income Common Stockholders": -6344000.0,
        "Net Income": -6344000.0,
        "Net Income Including Noncontrolling Interests": -6344000.0,
        "Net Income Continuous Operations": -6344000.0,
        "Pretax Income": -6344000.0,
        "Net Non Operating Interest Income Expense": 368000.0,
        "Interest Income Non Operating": 368000.0,
        "Operating Income": -6712000.0,
        "Operating Expense": 7178000.0,
        "Other Operating Expenses": NaN,
        "Research And Development": 5345000.0,
        "Selling General And Administration": 1833000.0,
        "General And Administrative Expense": 1833000.0,
        "Other Gand A": 1833000.0,
        "Total Revenue": 466000.0,
        "Operating Revenue": 466000.0
    },
    "2024-06-30": {
        "Tax Effect Of Unusual Items": 0.0,
        "Tax Rate For Calcs": 0.23,
        "Normalized EBITDA": 1624000.0,
        "Net Income From Continuing Operation Net Minority Interest": 1976000.0,
        "EBITDA": 1624000.0,
        "EBIT": 1624000.0,
        "Net Interest Income": 352000.0,
        "Interest Income": 352000.0,
        "Normalized Income": 1976000.0,
        "Net Income From Continuing And Discontinued Operation": 1976000.0,
        "Total Expenses": 3809000.0,
        "Total Operating Income As Reported": 1624000.0,
        "Diluted Average Shares": 27857620.0,
        "Basic Average Shares": 27857620.0,
        "Diluted EPS": 0.07,
        "Basic EPS": 0.07,
        "Diluted NI Availto Com Stockholders": 1976000.0,
        "Net Income Common Stockholders": 1976000.0,
        "Net Income": 1976000.0,
        "Net Income Including Noncontrolling Interests": 1976000.0,
        "Net Income Continuous Operations": 1976000.0,
        "Pretax Income": 1976000.0,
        "Net Non Operating Interest Income Expense": 352000.0,
        "Interest Income Non Operating": 352000.0,
        "Operating Income": 1624000.0,
        "Operating Expense": 3809000.0,
        "Other Operating Expenses": NaN,
        "Research And Development": 2438000.0,
        "Selling General And Administration": 1371000.0,
        "General And Administrative Expense": 1371000.0,
        "Other Gand A": 1371000.0,
        "Total Revenue": 5433000.0,
        "Operating Revenue": 5433000.0
    }
}