{
    "2023-03-31": {
        "Tax Effect Of Unusual Items": NaN,
        "Tax Rate For Calcs": NaN,
        "Normalized EBITDA": NaN,
        "Net Income From Continuing Operation Net Minority Interest": NaN,
        "Reconciled Depreciation": NaN,
        "Reconciled Cost Of Revenue": NaN,
        "EBITDA": NaN,
        "EBIT": NaN,
        "Net Interest Income": NaN,
        "Interest Expense": NaN,
        "Interest Income": NaN,
        "Normalized Income": NaN,
        "Net Income From Continuing And Discontinued Operation": NaN,
        "Total Expenses": NaN,
        "Total Operating Income As Reported": NaN,
        "Diluted Average Shares": 35980581.0,
        "Basic Average Shares": 35980581.0,
        "Diluted EPS": -0.285,
        "Basic EPS": -0.285,
        "Diluted NI Availto Com Stockholders": NaN,
        "Net Income Common Stockholders": NaN,
        "Net Income": NaN,
        "Net Income Including Noncontrolling Interests": NaN,
        "Net Income Continuous Operations": NaN,
        "Tax Provision": NaN,
        "Pretax Income": NaN,
        "Net Non Operating Interest Income Expense": NaN,
        "Interest Expense Non Operating": NaN,
        "Interest Income Non Operating": NaN,
        "Operating Income": NaN,
        "Operating Expense": NaN,
        "Research And Development": NaN,
        "Selling General And Administration": NaN,
        "General And Administrative Expense": NaN,
        "Other Gand A": NaN,
        "Gross Profit": NaN,
        "Cost Of Revenue": NaN,
        "Total Revenue": NaN,
        "Operating Revenue": NaN
    },
    "2022-12-31": {
        "Tax Effect Of Unusual Items": 0.0,
        "Tax Rate For Calcs": 0.085515,
        "Normalized EBITDA": -14896000.0,
        "Net Income From Continuing Operation Net Minority Interest": -13763000.0,
        "Reconciled Depreciation": 141000.0,
        "Reconciled Cost Of Revenue": 3859000.0,
        "EBITDA": -14896000.0,
        "EBIT": -15037000.0,
        "Net Interest Income": -5135000.0,
        "Interest Expense": 13000.0,
        "Interest Income": -5122000.0,
        "Normalized Income": -13763000.0,
        "Net Income From Continuing And Discontinued Operation": -13763000.0,
        "Total Expenses": 15726000.0,
        "Total Operating Income As Reported": -10961000.0,
        "Diluted Average Shares": NaN,
        "Basic Average Shares": NaN,
        "Diluted EPS": NaN,
        "Basic EPS": NaN,
        "Diluted NI Availto Com Stockholders": -13763000.0,
        "Net Income Common Stockholders": -13763000.0,
        "Net Income": -13763000.0,
        "Net Income Including Noncontrolling Interests": -13763000.0,
        "Net Income Continuous Operations": -13763000.0,
        "Tax Provision": -1287000.0,
        "Pretax Income": -15050000.0,
        "Net Non Operating Interest Income Expense": -5135000.0,
        "Interest Expense Non Operating": 13000.0,
        "Interest Income Non Operating": -5122000.0,
        "Operating Income": -10961000.0,
        "Operating Expense": 11867000.0,
        "Research And Development": 8399000.0,
        "Selling General And Administration": 3468000.0,
        "General And Administrative Expense": 3468000.0,
        "Other Gand A": 3468000.0,
        "Gross Profit": 906000.0,
        "Cost Of Revenue": 3859000.0,
        "Total Revenue": 4765000.0,
        "Operating Revenue": 4765000.0
    },
    "2022-09-30": {
        "Tax Effect Of Unusual Items": NaN,
        "Tax Rate For Calcs": NaN,
        "Normalized EBITDA": NaN,
        "Net Income From Continuing Operation Net Minority Interest": NaN,
        "Reconciled Depreciation": NaN,
        "Reconciled Cost Of Revenue": NaN,
        "EBITDA": NaN,
        "EBIT": NaN,
        "Net Interest Income": NaN,
        "Interest Expense": NaN,
        "Interest Income": NaN,
        "Normalized Income": NaN,
        "Net Income From Continuing And Discontinued Operation": NaN,
        "Total Expenses": NaN,
        "Total Operating Income As Reported": NaN,
        "Diluted Average Shares": 32913512.0,
        "Basic Average Shares": 32913512.0,
        "Diluted EPS": -0.216,
        "Basic EPS": -0.216,
        "Diluted NI Availto Com Stockholders": NaN,
        "Net Income Common Stockholders": NaN,
        "Net Income": NaN,
        "Net Income Including Noncontrolling Interests": NaN,
        "Net Income Continuous Operations": NaN,
        "Tax Provision": NaN,
        "Pretax Income": NaN,
        "Net Non Operating Interest Income Expense": NaN,
        "Interest Expense Non Operating": NaN,
        "Interest Income Non Operating": NaN,
        "Operating Income": NaN,
        "Operating Expense": NaN,
        "Research And Development": NaN,
        "Selling General And Administration": NaN,
        "General And Administrative Expense": NaN,
        "Other Gand A": NaN,
        "Gross Profit": NaN,
        "Cost Of Revenue": NaN,
        "Total Revenue": NaN,
        "Operating Revenue": NaN
    },
    "2022-06-30": {
        "Tax Effect Of Unusual Items": 0.0,
        "Tax Rate For Calcs": 0.110358,
        "Normalized EBITDA": -13306000.0,
        "Net Income From Continuing Operation Net Minority Interest": -11939000.0,
        "Reconciled Depreciation": 114000.0,
        "Reconciled Cost Of Revenue": 2352000.0,
        "EBITDA": -13306000.0,
        "EBIT": -13420000.0,
        "Net Interest Income": 669000.0,
        "Interest Expense": 0.0,
        "Interest Income": 669000.0,
        "Normalized Income": -11939000.0,
        "Net Income From Continuing And Discontinued Operation": -11939000.0,
        "Total Expenses": 17732000.0,
        "Total Operating Income As Reported": -14089000.0,
        "Diluted Average Shares": 29930624.0,
        "Basic Average Shares": 29930624.0,
        "Diluted EPS": -0.399,
        "Basic EPS": -0.399,
        "Diluted NI Availto Com Stockholders": -11939000.0,
        "Net Income Common Stockholders": -11939000.0,
        "Net Income": -11939000.0,
        "Net Income Including Noncontrolling Interests": -11939000.0,
        "Net Income Continuous Operations": -11939000.0,
        "Tax Provision": -1481000.0,
        "Pretax Income": -13420000.0,
        "Net Non Operating Interest Income Expense": 669000.0,
        "Interest Expense Non Operating": 0.0,
        "Interest Income Non Operating": 669000.0,
        "Operating Income": -14089000.0,
        "Operating Expense": 15380000.0,
        "Research And Development": 10832000.0,
        "Selling General And Administration": 4548000.0,
        "General And Administrative Expense": 4548000.0,
        "Other Gand A": 4548000.0,
        "Gross Profit": 1291000.0,
        "Cost Of Revenue": 2352000.0,
        "Total Revenue": 3643000.0,
        "Operating Revenue": 3643000.0
    },
    "2022-03-31": {
        "Diluted EPS": -0.35,
        "Total Revenue": 8,
        "Gross Profit": 5,
        "Operating Income": -13,
        "EBIT": -13,
        "Net Income": -10
    },
    "2021-09-30": {
        "Diluted EPS": -0.43,
        "Total Revenue": 4,
        "Gross Profit": 1,
        "Operating Income": -16,
        "EBIT": -16,
        "Net Income": -13
    },
    "2021-06-30": {
        "Diluted EPS": 0.0,
        "Total Revenue": NaN,
        "Gross Profit": NaN,
        "Operating Income": NaN,
        "Net Income": NaN
    },
    "2020-12-31": {
        "Diluted EPS": 0.0,
        "Total Revenue": NaN,
        "Gross Profit": NaN,
        "Operating Income": NaN,
        "EBIT": NaN,
        "Net Income": NaN
    },
    "2023-06-30": {
        "Tax Effect Of Unusual Items": NaN,
        "Tax Rate For Calcs": NaN,
        "Normalized EBITDA": NaN,
        "Net Income From Continuing Operation Net Minority Interest": NaN,
        "Reconciled Depreciation": NaN,
        "Reconciled Cost Of Revenue": NaN,
        "EBITDA": NaN,
        "EBIT": NaN,
        "Net Interest Income": NaN,
        "Interest Expense": NaN,
        "Interest Income": NaN,
        "Normalized Income": NaN,
        "Net Income From Continuing And Discontinued Operation": NaN,
        "Total Expenses": NaN,
        "Total Operating Income As Reported": NaN,
        "Diluted Average Shares": 36162500.0,
        "Basic Average Shares": 36162500.0,
        "Diluted EPS": -0.288,
        "Basic EPS": -0.288,
        "Diluted NI Availto Com Stockholders": NaN,
        "Net Income Common Stockholders": NaN,
        "Net Income": NaN,
        "Net Income Including Noncontrolling Interests": NaN,
        "Net Income Continuous Operations": NaN,
        "Tax Provision": NaN,
        "Pretax Income": NaN,
        "Net Non Operating Interest Income Expense": NaN,
        "Interest Expense Non Operating": NaN,
        "Interest Income Non Operating": NaN,
        "Operating Income": NaN,
        "Operating Expense": NaN,
        "Research And Development": NaN,
        "Selling General And Administration": NaN,
        "General And Administrative Expense": NaN,
        "Other Gand A": NaN,
        "Gross Profit": NaN,
        "Cost Of Revenue": NaN,
        "Total Revenue": NaN,
        "Operating Revenue": NaN
    },
    "2023-09-30": {
        "Tax Effect Of Unusual Items": 0.0,
        "Tax Rate For Calcs": 0.226151,
        "Normalized EBITDA": -10528000.0,
        "Net Income From Continuing Operation Net Minority Interest": -8250000.0,
        "Reconciled Depreciation": 125000.0,
        "Reconciled Cost Of Revenue": 1607000.0,
        "EBITDA": -10528000.0,
        "EBIT": -10653000.0,
        "Net Interest Income": 2038000.0,
        "Interest Expense": 8000.0,
        "Interest Income": 2046000.0,
        "Normalized Income": -8250000.0,
        "Net Income From Continuing And Discontinued Operation": -8250000.0,
        "Total Expenses": 15497000.0,
        "Total Operating Income As Reported": -12699000.0,
        "Diluted Average Shares": 37305385.0,
        "Basic Average Shares": 37305385.0,
        "Diluted EPS": -0.222,
        "Basic EPS": -0.222,
        "Diluted NI Availto Com Stockholders": -8250000.0,
        "Net Income Common Stockholders": -8250000.0,
        "Net Income": -8250000.0,
        "Net Income Including Noncontrolling Interests": -8250000.0,
        "Net Income Continuous Operations": -8250000.0,
        "Tax Provision": -2411000.0,
        "Pretax Income": -10661000.0,
        "Net Non Operating Interest Income Expense": 2038000.0,
        "Interest Expense Non Operating": 8000.0,
        "Interest Income Non Operating": 2046000.0,
        "Operating Income": -12699000.0,
        "Operating Expense": 13890000.0,
        "Research And Development": 8934000.0,
        "Selling General And Administration": 4956000.0,
        "General And Administrative Expense": 4956000.0,
        "Other Gand A": 4956000.0,
        "Gross Profit": 1191000.0,
        "Cost Of Revenue": 1607000.0,
        "Total Revenue": 2798000.0,
        "Operating Revenue": 2798000.0
    },
    "2023-12-31": {
        "Tax Effect Of Unusual Items": 0.0,
        "Tax Rate For Calcs": 0.037017,
        "Normalized EBITDA": -14908000.0,
        "Net Income From Continuing Operation Net Minority Interest": -14412000.0,
        "Reconciled Depreciation": 121000.0,
        "Reconciled Cost Of Revenue": 1346000.0,
        "EBITDA": -14908000.0,
        "EBIT": -15029000.0,
        "Net Interest Income": 451000.0,
        "Interest Expense": -63000.0,
        "Interest Income": 388000.0,
        "Normalized Income": -14412000.0,
        "Net Income From Continuing And Discontinued Operation": -14412000.0,
        "Total Expenses": 15398000.0,
        "Total Operating Income As Reported": -13299000.0,
        "Diluted Average Shares": NaN,
        "Basic Average Shares": NaN,
        "Diluted EPS": NaN,
        "Basic EPS": NaN,
        "Diluted NI Availto Com Stockholders": -14412000.0,
        "Net Income Common Stockholders": -14412000.0,
        "Net Income": -14412000.0,
        "Net Income Including Noncontrolling Interests": -14412000.0,
        "Net Income Continuous Operations": -14412000.0,
        "Tax Provision": -554000.0,
        "Pretax Income": -14966000.0,
        "Net Non Operating Interest Income Expense": 451000.0,
        "Interest Expense Non Operating": -63000.0,
        "Interest Income Non Operating": 388000.0,
        "Operating Income": -13299000.0,
        "Operating Expense": 14052000.0,
        "Research And Development": 9937000.0,
        "Selling General And Administration": 4115000.0,
        "General And Administrative Expense": 4115000.0,
        "Other Gand A": 4115000.0,
        "Gross Profit": 753000.0,
        "Cost Of Revenue": 1346000.0,
        "Total Revenue": 2099000.0,
        "Operating Revenue": 2099000.0
    },
    "2024-03-31": {
        "Tax Effect Of Unusual Items": 0.0,
        "Tax Rate For Calcs": 0.25,
        "Normalized EBITDA": -3232000.0,
        "Net Income From Continuing Operation Net Minority Interest": -1876000.0,
        "Reconciled Depreciation": 120000.0,
        "Reconciled Cost Of Revenue": 2213000.0,
        "EBITDA": -3232000.0,
        "EBIT": -3352000.0,
        "Net Interest Income": 791000.0,
        "Interest Expense": 13000.0,
        "Interest Income": 804000.0,
        "Normalized Income": -1876000.0,
        "Net Income From Continuing And Discontinued Operation": -1876000.0,
        "Total Expenses": 16562000.0,
        "Total Operating Income As Reported": -4156000.0,
        "Diluted Average Shares": 43960372.0,
        "Basic Average Shares": 43960372.0,
        "Diluted EPS": -0.042,
        "Basic EPS": -0.042,
        "Diluted NI Availto Com Stockholders": -1876000.0,
        "Net Income Common Stockholders": -1876000.0,
        "Net Income": -1876000.0,
        "Net Income Including Noncontrolling Interests": -1876000.0,
        "Net Income Continuous Operations": -1876000.0,
        "Tax Provision": -1489000.0,
        "Pretax Income": -3365000.0,
        "Net Non Operating Interest Income Expense": 791000.0,
        "Interest Expense Non Operating": 13000.0,
        "Interest Income Non Operating": 804000.0,
        "Operating Income": -4156000.0,
        "Operating Expense": 14349000.0,
        "Research And Development": 9179000.0,
        "Selling General And Administration": 5170000.0,
        "General And Administrative Expense": 5170000.0,
        "Other Gand A": 5170000.0,
        "Gross Profit": 10193000.0,
        "Cost Of Revenue": 2213000.0,
        "Total Revenue": 12406000.0,
        "Operating Revenue": 12406000.0
    },
    "2024-06-30": {
        "Tax Effect Of Unusual Items": 0.0,
        "Tax Rate For Calcs": 0.107735,
        "Normalized EBITDA": -17139000.0,
        "Net Income From Continuing Operation Net Minority Interest": -15562000.0,
        "Reconciled Depreciation": 119000.0,
        "Reconciled Cost Of Revenue": 2638000.0,
        "EBITDA": -17139000.0,
        "EBIT": -17258000.0,
        "Net Interest Income": 882000.0,
        "Interest Expense": 183000.0,
        "Interest Income": 1065000.0,
        "Normalized Income": -15562000.0,
        "Net Income From Continuing And Discontinued Operation": -15562000.0,
        "Total Expenses": 18921000.0,
        "Total Operating Income As Reported": -18323000.0,
        "Diluted Average Shares": 46736310.0,
        "Basic Average Shares": 46736310.0,
        "Diluted EPS": -0.333,
        "Basic EPS": -0.333,
        "Diluted NI Availto Com Stockholders": -15562000.0,
        "Net Income Common Stockholders": -15562000.0,
        "Net Income": -15562000.0,
        "Net Income Including Noncontrolling Interests": -15562000.0,
        "Net Income Continuous Operations": -15562000.0,
        "Tax Provision": -1879000.0,
        "Pretax Income": -17441000.0,
        "Net Non Operating Interest Income Expense": 882000.0,
        "Interest Expense Non Operating": 183000.0,
        "Interest Income Non Operating": 1065000.0,
        "Operating Income": -18323000.0,
        "Operating Expense": 16283000.0,
        "Research And Development": 10995000.0,
        "Selling General And Administration": 5288000.0,
        "General And Administrative Expense": 5288000.0,
        "Other Gand A": 5288000.0,
        "Gross Profit": -2040000.0,
        "Cost Of Revenue": 2638000.0,
        "Total Revenue": 598000.0,
        "Operating Revenue": 598000.0
    },
    "2024-09-30": {
        "Tax Effect Of Unusual Items": 0.0,
        "Tax Rate For Calcs": 0.104317,
        "Normalized EBITDA": -21441000.0,
        "Net Income From Continuing Operation Net Minority Interest": -27012000.0,
        "Reconciled Depreciation": 115000.0,
        "Reconciled Cost Of Revenue": 2774000.0,
        "EBITDA": -21441000.0,
        "EBIT": -21556000.0,
        "Net Interest Income": -7621000.0,
        "Interest Expense": 8602000.0,
        "Interest Income": 981000.0,
        "Normalized Income": -27012000.0,
        "Net Income From Continuing And Discontinued Operation": -27012000.0,
        "Total Expenses": 23679000.0,
        "Total Operating Income As Reported": -22537000.0,
        "Diluted Average Shares": 47066054.0,
        "Basic Average Shares": 47066054.0,
        "Diluted EPS": -0.573,
        "Basic EPS": -0.573,
        "Diluted NI Availto Com Stockholders": -27012000.0,
        "Net Income Common Stockholders": -27012000.0,
        "Net Income": -27012000.0,
        "Net Income Including Noncontrolling Interests": -27012000.0,
        "Net Income Continuous Operations": -27012000.0,
        "Tax Provision": -3146000.0,
        "Pretax Income": -30158000.0,
        "Net Non Operating Interest Income Expense": -7621000.0,
        "Interest Expense Non Operating": 8602000.0,
        "Interest Income Non Operating": 981000.0,
        "Operating Income": -22537000.0,
        "Operating Expense": 20905000.0,
        "Research And Development": 15305000.0,
        "Selling General And Administration": 5600000.0,
        "General And Administrative Expense": 5600000.0,
        "Other Gand A": 5600000.0,
        "Gross Profit": -1632000.0,
        "Cost Of Revenue": 2774000.0,
        "Total Revenue": 1142000.0,
        "Operating Revenue": 1142000.0
    }
}