{
    "2023-03-31": {
        "Tax Effect Of Unusual Items": NaN,
        "Tax Rate For Calcs": NaN,
        "Normalized EBITDA": NaN,
        "Total Unusual Items": NaN,
        "Total Unusual Items Excluding Goodwill": NaN,
        "Net Income From Continuing Operation Net Minority Interest": NaN,
        "Reconciled Depreciation": NaN,
        "Reconciled Cost Of Revenue": NaN,
        "EBITDA": NaN,
        "EBIT": NaN,
        "Net Interest Income": NaN,
        "Interest Expense": NaN,
        "Normalized Income": NaN,
        "Net Income From Continuing And Discontinued Operation": NaN,
        "Total Expenses": NaN,
        "Total Operating Income As Reported": NaN,
        "Diluted Average Shares": NaN,
        "Basic Average Shares": NaN,
        "Diluted EPS": NaN,
        "Basic EPS": NaN,
        "Diluted NI Availto Com Stockholders": NaN,
        "Net Income Common Stockholders": NaN,
        "Preferred Stock Dividends": NaN,
        "Net Income": NaN,
        "Minority Interests": NaN,
        "Net Income Including Noncontrolling Interests": NaN,
        "Net Income Discontinuous Operations": 0.0,
        "Net Income Continuous Operations": NaN,
        "Tax Provision": NaN,
        "Pretax Income": NaN,
        "Other Income Expense": NaN,
        "Other Non Operating Income Expenses": NaN,
        "Special Income Charges": NaN,
        "Gain On Sale Of Ppe": NaN,
        "Other Special Charges": NaN,
        "Write Off": NaN,
        "Impairment Of Capital Assets": NaN,
        "Net Non Operating Interest Income Expense": NaN,
        "Interest Expense Non Operating": NaN,
        "Operating Income": NaN,
        "Operating Expense": NaN,
        "Depreciation Amortization Depletion Income Statement": NaN,
        "Depreciation And Amortization In Income Statement": NaN,
        "Selling General And Administration": NaN,
        "General And Administrative Expense": NaN,
        "Other Gand A": NaN,
        "Gross Profit": NaN,
        "Cost Of Revenue": NaN,
        "Total Revenue": NaN,
        "Operating Revenue": NaN
    },
    "2022-12-31": {
        "Tax Effect Of Unusual Items": NaN,
        "Tax Rate For Calcs": NaN,
        "Normalized EBITDA": NaN,
        "Total Unusual Items": NaN,
        "Total Unusual Items Excluding Goodwill": NaN,
        "Net Income From Continuing Operation Net Minority Interest": NaN,
        "Reconciled Depreciation": NaN,
        "Reconciled Cost Of Revenue": NaN,
        "EBITDA": NaN,
        "EBIT": NaN,
        "Net Interest Income": NaN,
        "Interest Expense": NaN,
        "Normalized Income": NaN,
        "Net Income From Continuing And Discontinued Operation": NaN,
        "Total Expenses": NaN,
        "Total Operating Income As Reported": NaN,
        "Diluted Average Shares": NaN,
        "Basic Average Shares": NaN,
        "Diluted EPS": NaN,
        "Basic EPS": NaN,
        "Diluted NI Availto Com Stockholders": NaN,
        "Net Income Common Stockholders": NaN,
        "Preferred Stock Dividends": NaN,
        "Net Income": NaN,
        "Minority Interests": NaN,
        "Net Income Including Noncontrolling Interests": NaN,
        "Net Income Discontinuous Operations": 170000.0,
        "Net Income Continuous Operations": NaN,
        "Tax Provision": NaN,
        "Pretax Income": NaN,
        "Other Income Expense": NaN,
        "Other Non Operating Income Expenses": NaN,
        "Special Income Charges": NaN,
        "Gain On Sale Of Ppe": NaN,
        "Other Special Charges": NaN,
        "Write Off": 0.0,
        "Impairment Of Capital Assets": NaN,
        "Net Non Operating Interest Income Expense": NaN,
        "Interest Expense Non Operating": NaN,
        "Operating Income": NaN,
        "Operating Expense": NaN,
        "Depreciation Amortization Depletion Income Statement": NaN,
        "Depreciation And Amortization In Income Statement": NaN,
        "Selling General And Administration": NaN,
        "General And Administrative Expense": NaN,
        "Other Gand A": NaN,
        "Gross Profit": NaN,
        "Cost Of Revenue": NaN,
        "Total Revenue": NaN,
        "Operating Revenue": NaN
    },
    "2022-09-30": {
        "Tax Effect Of Unusual Items": NaN,
        "Tax Rate For Calcs": NaN,
        "Normalized EBITDA": NaN,
        "Total Unusual Items": NaN,
        "Total Unusual Items Excluding Goodwill": NaN,
        "Net Income From Continuing Operation Net Minority Interest": NaN,
        "Reconciled Depreciation": NaN,
        "Reconciled Cost Of Revenue": NaN,
        "EBITDA": NaN,
        "EBIT": NaN,
        "Net Interest Income": NaN,
        "Interest Expense": NaN,
        "Normalized Income": NaN,
        "Net Income From Continuing And Discontinued Operation": NaN,
        "Total Expenses": NaN,
        "Total Operating Income As Reported": NaN,
        "Diluted Average Shares": 587921.0,
        "Basic Average Shares": 587921.0,
        "Diluted EPS": -95.53,
        "Basic EPS": -95.53,
        "Diluted NI Availto Com Stockholders": NaN,
        "Net Income Common Stockholders": NaN,
        "Preferred Stock Dividends": NaN,
        "Net Income": NaN,
        "Minority Interests": NaN,
        "Net Income Including Noncontrolling Interests": NaN,
        "Net Income Discontinuous Operations": -21000.0,
        "Net Income Continuous Operations": NaN,
        "Tax Provision": NaN,
        "Pretax Income": NaN,
        "Other Income Expense": NaN,
        "Other Non Operating Income Expenses": NaN,
        "Special Income Charges": NaN,
        "Gain On Sale Of Ppe": NaN,
        "Other Special Charges": NaN,
        "Write Off": 750000.0,
        "Impairment Of Capital Assets": NaN,
        "Net Non Operating Interest Income Expense": NaN,
        "Interest Expense Non Operating": NaN,
        "Operating Income": NaN,
        "Operating Expense": NaN,
        "Depreciation Amortization Depletion Income Statement": NaN,
        "Depreciation And Amortization In Income Statement": NaN,
        "Selling General And Administration": NaN,
        "General And Administrative Expense": NaN,
        "Other Gand A": NaN,
        "Gross Profit": NaN,
        "Cost Of Revenue": NaN,
        "Total Revenue": NaN,
        "Operating Revenue": NaN
    },
    "2022-06-30": {
        "Tax Effect Of Unusual Items": -41440.0,
        "Tax Rate For Calcs": 0.0175,
        "Normalized EBITDA": -718000.0,
        "Total Unusual Items": -2368000.0,
        "Total Unusual Items Excluding Goodwill": -2368000.0,
        "Net Income From Continuing Operation Net Minority Interest": -14104000.0,
        "Reconciled Depreciation": 7964000.0,
        "Reconciled Cost Of Revenue": 4521000.0,
        "EBITDA": -3086000.0,
        "EBIT": -11050000.0,
        "Net Interest Income": -3305000.0,
        "Interest Expense": 3305000.0,
        "Normalized Income": -11777440.0,
        "Net Income From Continuing And Discontinued Operation": -6557000.0,
        "Total Expenses": 17358000.0,
        "Total Operating Income As Reported": -9432000.0,
        "Diluted Average Shares": 14048253.0,
        "Basic Average Shares": 14048253.0,
        "Diluted EPS": -0.57,
        "Basic EPS": -0.57,
        "Diluted NI Availto Com Stockholders": -6557000.0,
        "Net Income Common Stockholders": -6557000.0,
        "Net Income": -6557000.0,
        "Minority Interests": NaN,
        "Net Income Including Noncontrolling Interests": -6557000.0,
        "Net Income Discontinuous Operations": 7547000.0,
        "Net Income Continuous Operations": -14104000.0,
        "Tax Provision": -251000.0,
        "Pretax Income": -14355000.0,
        "Other Income Expense": -2368000.0,
        "Other Non Operating Income Expenses": NaN,
        "Special Income Charges": -2368000.0,
        "Gain On Sale Of Ppe": -1618000.0,
        "Other Special Charges": NaN,
        "Write Off": NaN,
        "Impairment Of Capital Assets": 750000.0,
        "Net Non Operating Interest Income Expense": -3305000.0,
        "Interest Expense Non Operating": 3305000.0,
        "Operating Income": -8682000.0,
        "Operating Expense": 7249000.0,
        "Depreciation Amortization Depletion Income Statement": 2376000.0,
        "Depreciation And Amortization In Income Statement": 2376000.0,
        "Selling General And Administration": 4873000.0,
        "General And Administrative Expense": 4873000.0,
        "Other Gand A": 4873000.0,
        "Gross Profit": -1433000.0,
        "Cost Of Revenue": 10109000.0,
        "Total Revenue": 8676000.0,
        "Operating Revenue": 8676000.0
    },
    "2022-03-31": {
        "Diluted EPS": -0.69,
        "Total Revenue": 9,
        "Gross Profit": 0,
        "Operating Income": -7,
        "EBIT": 2,
        "Net Income": -9
    },
    "2021-12-31": {
        "Diluted EPS": -0.27,
        "Total Revenue": 9,
        "Gross Profit": 3,
        "Operating Income": -2,
        "EBIT": 4,
        "Net Income": -3
    },
    "2021-09-30": {
        "Diluted EPS": -0.06,
        "Total Revenue": 3,
        "Gross Profit": 1,
        "Operating Income": -1,
        "EBIT": -1,
        "Net Income": -1
    },
    "2021-06-30": {
        "Diluted EPS": -0.1,
        "Total Revenue": 2,
        "Gross Profit": 1,
        "Operating Income": -1,
        "EBIT": -1,
        "Net Income": -1
    },
    "2021-03-31": {
        "Diluted EPS": -0.07,
        "Total Revenue": 1,
        "Gross Profit": 1,
        "Operating Income": -1,
        "EBIT": -1,
        "Net Income": -1
    },
    "2020-12-31": {
        "Diluted EPS": -0.01,
        "Total Revenue": -7,
        "Gross Profit": -5,
        "Operating Income": -4,
        "EBIT": -3,
        "Net Income": 0
    },
    "2020-09-30": {
        "Diluted EPS": 0.16,
        "Total Revenue": 4,
        "Gross Profit": 3,
        "Operating Income": 1,
        "EBIT": 1,
        "Net Income": 2
    },
    "2020-06-30": {
        "Diluted EPS": 0.06,
        "Total Revenue": 2,
        "Gross Profit": 2,
        "Operating Income": 1,
        "EBIT": 1,
        "Net Income": 1
    },
    "2020-03-31": {
        "Diluted EPS": -0.01,
        "Total Revenue": 2,
        "Gross Profit": 1,
        "Operating Income": 0,
        "EBIT": 0,
        "Net Income": 0
    },
    "2019-12-31": {
        "Diluted EPS": -0.01,
        "Total Revenue": 1,
        "Gross Profit": 1,
        "Operating Income": 0,
        "EBIT": 0,
        "Net Income": 0
    },
    "2019-09-30": {
        "Diluted EPS": 0.0,
        "Total Revenue": 2,
        "Gross Profit": 1,
        "Operating Income": 0,
        "EBIT": 0,
        "Net Income": 0
    },
    "2019-06-30": {
        "Diluted EPS": 0.03,
        "Total Revenue": 2,
        "Gross Profit": 1,
        "Operating Income": 0,
        "EBIT": 0,
        "Net Income": 0
    },
    "2019-03-31": {
        "Diluted EPS": 0.01,
        "Total Revenue": 2,
        "Gross Profit": 1,
        "Operating Income": 0,
        "EBIT": 0,
        "Net Income": 0
    },
    "2018-12-31": {
        "Diluted EPS": 0.12,
        "Total Revenue": 3,
        "Gross Profit": 2,
        "Operating Income": 1,
        "EBIT": 1,
        "Net Income": 1
    },
    "2018-09-30": {
        "Diluted EPS": 0.04,
        "Total Revenue": 2,
        "Gross Profit": 1,
        "Operating Income": 0,
        "EBIT": 0,
        "Net Income": 0
    },
    "2018-06-30": {
        "Diluted EPS": 0.04,
        "Total Revenue": 2,
        "Gross Profit": 1,
        "Operating Income": 0,
        "EBIT": 0,
        "Net Income": 0
    },
    "2018-03-31": {
        "Diluted EPS": 0.0,
        "Total Revenue": 2,
        "Gross Profit": 1,
        "Operating Income": 0,
        "EBIT": 0,
        "Net Income": 0
    },
    "2017-12-31": {
        "Diluted EPS": 0.04,
        "Total Revenue": 2,
        "Gross Profit": 1,
        "Operating Income": 0,
        "EBIT": 0,
        "Net Income": 0
    },
    "2017-09-30": {
        "Diluted EPS": 0.04,
        "Total Revenue": 2,
        "Gross Profit": 1,
        "Operating Income": 0,
        "EBIT": 0,
        "Net Income": 0
    },
    "2017-06-30": {
        "Diluted EPS": 0.03,
        "Total Revenue": 2,
        "Gross Profit": 1,
        "Operating Income": 0,
        "EBIT": 0,
        "Net Income": 0
    },
    "2017-03-31": {
        "Diluted EPS": -0.05,
        "Total Revenue": 1,
        "Gross Profit": 1,
        "Operating Income": 0,
        "EBIT": 0,
        "Net Income": 0
    },
    "2016-12-31": {
        "Diluted EPS": -0.03,
        "Total Revenue": 2,
        "Gross Profit": 1,
        "Operating Income": 0,
        "EBIT": 0,
        "Net Income": 0
    },
    "2016-09-30": {
        "Diluted EPS": 0.06,
        "Total Revenue": 2,
        "Gross Profit": 1,
        "Operating Income": 0,
        "EBIT": 0,
        "Net Income": 0
    },
    "2016-06-30": {
        "Diluted EPS": 0.02,
        "Total Revenue": 2,
        "Gross Profit": 1,
        "Operating Income": 0,
        "EBIT": 0,
        "Net Income": 0
    },
    "2016-03-31": {
        "Diluted EPS": -0.11,
        "Total Revenue": 1,
        "Gross Profit": 1,
        "Operating Income": -1,
        "EBIT": -1,
        "Net Income": -1
    },
    "2015-12-31": {
        "Diluted EPS": -0.31,
        "Total Revenue": 1,
        "Gross Profit": 1,
        "Operating Income": 0,
        "EBIT": 0,
        "Net Income": -2
    },
    "2015-09-30": {
        "Diluted EPS": -0.12,
        "Total Revenue": 1,
        "Gross Profit": 1,
        "Operating Income": -1,
        "EBIT": -1,
        "Net Income": -1
    },
    "2015-06-30": {
        "Diluted EPS": -0.04,
        "Total Revenue": 2,
        "Gross Profit": 1,
        "Operating Income": 0,
        "EBIT": 0,
        "Net Income": 0
    },
    "2015-03-31": {
        "Diluted EPS": -0.07,
        "Total Revenue": 2,
        "Gross Profit": 1,
        "Operating Income": 0,
        "EBIT": 0,
        "Net Income": 0
    },
    "2014-12-31": {
        "Diluted EPS": 0.2,
        "Total Revenue": 3,
        "Gross Profit": 2,
        "Operating Income": 1,
        "EBIT": 1,
        "Net Income": 1
    },
    "2014-09-30": {
        "Diluted EPS": -0.01,
        "Total Revenue": 2,
        "Gross Profit": 1,
        "Operating Income": 0,
        "EBIT": 0,
        "Net Income": 0
    },
    "2014-06-30": {
        "Diluted EPS": 0.03,
        "Total Revenue": 2,
        "Gross Profit": 1,
        "Operating Income": 0,
        "EBIT": 0,
        "Net Income": 0
    },
    "2014-03-31": {
        "Diluted EPS": -0.08,
        "Total Revenue": 1,
        "Gross Profit": 1,
        "Operating Income": 0,
        "EBIT": 0,
        "Net Income": 0
    },
    "2013-12-31": {
        "Diluted EPS": 0.62,
        "Total Revenue": 2,
        "Gross Profit": 1,
        "Operating Income": 0,
        "EBIT": 0,
        "Net Income": 3
    },
    "2013-09-30": {
        "Diluted EPS": 0.03,
        "Total Revenue": 2,
        "Gross Profit": 1,
        "Operating Income": 0,
        "EBIT": 0,
        "Net Income": 0
    },
    "2013-06-30": {
        "Diluted EPS": 0.02,
        "Total Revenue": 2,
        "Gross Profit": 1,
        "Operating Income": 0,
        "EBIT": 0,
        "Net Income": 0
    },
    "2013-03-31": {
        "Diluted EPS": 0.02,
        "Total Revenue": 2,
        "Gross Profit": 1,
        "Operating Income": 0,
        "EBIT": 0,
        "Net Income": 0
    },
    "2012-12-31": {
        "Diluted EPS": 0.09,
        "Total Revenue": 2,
        "Gross Profit": 1,
        "Operating Income": 0,
        "EBIT": 0,
        "Net Income": 0
    },
    "2012-09-30": {
        "Diluted EPS": -0.22,
        "Total Revenue": 1,
        "Gross Profit": 0,
        "Operating Income": -1,
        "EBIT": -1,
        "Net Income": -1
    },
    "2012-06-30": {
        "Diluted EPS": -0.11,
        "Total Revenue": 1,
        "Gross Profit": 1,
        "Operating Income": -1,
        "EBIT": -1,
        "Net Income": -1
    },
    "2012-03-31": {
        "Diluted EPS": -0.16,
        "Total Revenue": 1,
        "Gross Profit": 1,
        "Operating Income": -1,
        "EBIT": -1,
        "Net Income": -1
    },
    "2011-12-31": {
        "Diluted EPS": 0.48,
        "Total Revenue": 3,
        "Gross Profit": 2,
        "Operating Income": 1,
        "EBIT": 1,
        "Net Income": 2
    },
    "2011-09-30": {
        "Diluted EPS": -0.02,
        "Total Revenue": 2,
        "Gross Profit": 1,
        "Operating Income": 0,
        "EBIT": 0,
        "Net Income": 0
    },
    "2011-06-30": {
        "Diluted EPS": -0.02,
        "Total Revenue": 2,
        "Gross Profit": 1,
        "Operating Income": 0,
        "EBIT": 0,
        "Net Income": 0
    },
    "2011-03-31": {
        "Diluted EPS": 0.04,
        "Total Revenue": 3,
        "Gross Profit": 2,
        "Operating Income": 0,
        "EBIT": 0,
        "Net Income": 0
    },
    "2010-12-31": {
        "Diluted EPS": 0.06,
        "Total Revenue": 3,
        "Gross Profit": 2,
        "Operating Income": 0,
        "EBIT": 0,
        "Net Income": 0
    },
    "2010-09-30": {
        "Diluted EPS": -0.08,
        "Total Revenue": 2,
        "Gross Profit": 1,
        "Operating Income": -1,
        "EBIT": -1,
        "Net Income": 0
    },
    "2010-06-30": {
        "Diluted EPS": -0.09,
        "Total Revenue": 2,
        "Gross Profit": 1,
        "Operating Income": -1,
        "EBIT": -1,
        "Net Income": 0
    },
    "2010-03-31": {
        "Diluted EPS": -0.26,
        "Total Revenue": 2,
        "Gross Profit": 1,
        "Operating Income": -2,
        "EBIT": -2,
        "Net Income": -1
    },
    "2009-12-31": {
        "Diluted EPS": -0.11,
        "Total Revenue": 2,
        "Gross Profit": 2,
        "Operating Income": -1,
        "EBIT": 0,
        "Net Income": -1
    },
    "2009-09-30": {
        "Diluted EPS": -0.19,
        "Total Revenue": 2,
        "Gross Profit": 1,
        "Operating Income": -1,
        "EBIT": -1,
        "Net Income": -1
    },
    "2009-06-30": {
        "Diluted EPS": -0.09,
        "Total Revenue": 2,
        "Gross Profit": 2,
        "Operating Income": 0,
        "EBIT": 0,
        "Net Income": 0
    },
    "2009-03-31": {
        "Diluted EPS": -0.26,
        "Total Revenue": 2,
        "Gross Profit": 1,
        "Operating Income": -1,
        "EBIT": -1,
        "Net Income": -1
    },
    "2023-06-30": {
        "Tax Effect Of Unusual Items": -97875.0,
        "Tax Rate For Calcs": 0.045,
        "Normalized EBITDA": -4164000.0,
        "Total Unusual Items": -2175000.0,
        "Total Unusual Items Excluding Goodwill": -2175000.0,
        "Net Income From Continuing Operation Net Minority Interest": -8775000.0,
        "Reconciled Depreciation": 2979000.0,
        "Reconciled Cost Of Revenue": 1858000.0,
        "EBITDA": -6339000.0,
        "EBIT": -9318000.0,
        "Net Interest Income": -486000.0,
        "Interest Expense": 486000.0,
        "Normalized Income": -6697875.0,
        "Net Income From Continuing And Discontinued Operation": -8775000.0,
        "Total Expenses": 8973000.0,
        "Total Operating Income As Reported": -7074000.0,
        "Diluted Average Shares": 1126091.0,
        "Basic Average Shares": 1126091.0,
        "Diluted EPS": -9.54,
        "Basic EPS": -9.54,
        "Diluted NI Availto Com Stockholders": -10749000.0,
        "Net Income Common Stockholders": -10749000.0,
        "Preferred Stock Dividends": 1974000.0,
        "Net Income": -8775000.0,
        "Minority Interests": 482000.0,
        "Net Income Including Noncontrolling Interests": -9257000.0,
        "Net Income Discontinuous Operations": 0.0,
        "Net Income Continuous Operations": -9257000.0,
        "Tax Provision": -547000.0,
        "Pretax Income": -9804000.0,
        "Other Income Expense": -2413000.0,
        "Other Non Operating Income Expenses": -238000.0,
        "Special Income Charges": -2175000.0,
        "Gain On Sale Of Ppe": 48000.0,
        "Other Special Charges": 2054000.0,
        "Write Off": NaN,
        "Impairment Of Capital Assets": 169000.0,
        "Net Non Operating Interest Income Expense": -486000.0,
        "Interest Expense Non Operating": 486000.0,
        "Operating Income": -6905000.0,
        "Operating Expense": 6515000.0,
        "Depreciation Amortization Depletion Income Statement": 2379000.0,
        "Depreciation And Amortization In Income Statement": 2379000.0,
        "Selling General And Administration": 4136000.0,
        "General And Administrative Expense": 4136000.0,
        "Other Gand A": 4136000.0,
        "Gross Profit": -390000.0,
        "Cost Of Revenue": 2458000.0,
        "Total Revenue": 2068000.0,
        "Operating Revenue": 2068000.0
    },
    "2023-09-30": {
        "Tax Effect Of Unusual Items": -248430.0,
        "Tax Rate For Calcs": 0.21,
        "Normalized EBITDA": -130000.0,
        "Total Unusual Items": -1183000.0,
        "Total Unusual Items Excluding Goodwill": -1183000.0,
        "Net Income From Continuing Operation Net Minority Interest": -6662000.0,
        "Reconciled Depreciation": 3639000.0,
        "Reconciled Cost Of Revenue": 3130000.0,
        "EBITDA": -1313000.0,
        "EBIT": -4952000.0,
        "Net Interest Income": -495000.0,
        "Interest Expense": 495000.0,
        "Normalized Income": -5727430.0,
        "Net Income From Continuing And Discontinued Operation": -6662000.0,
        "Total Expenses": 9492000.0,
        "Total Operating Income As Reported": -3736000.0,
        "Diluted Average Shares": 1412640.0,
        "Basic Average Shares": 1412640.0,
        "Diluted EPS": -5.96,
        "Basic EPS": -5.96,
        "Diluted NI Availto Com Stockholders": -8422000.0,
        "Net Income Common Stockholders": -8422000.0,
        "Preferred Stock Dividends": 1760000.0,
        "Net Income": -6662000.0,
        "Minority Interests": -646000.0,
        "Net Income Including Noncontrolling Interests": -6016000.0,
        "Net Income Discontinuous Operations": 0.0,
        "Net Income Continuous Operations": -6016000.0,
        "Tax Provision": 569000.0,
        "Pretax Income": -5447000.0,
        "Other Income Expense": -1257000.0,
        "Other Non Operating Income Expenses": -74000.0,
        "Special Income Charges": -1183000.0,
        "Gain On Sale Of Ppe": -373000.0,
        "Other Special Charges": 769000.0,
        "Write Off": 0.0,
        "Impairment Of Capital Assets": 41000.0,
        "Net Non Operating Interest Income Expense": -495000.0,
        "Interest Expense Non Operating": 495000.0,
        "Operating Income": -3695000.0,
        "Operating Expense": 5102000.0,
        "Depreciation Amortization Depletion Income Statement": 2379000.0,
        "Depreciation And Amortization In Income Statement": 2379000.0,
        "Selling General And Administration": 2723000.0,
        "General And Administrative Expense": 2723000.0,
        "Other Gand A": 2723000.0,
        "Gross Profit": 1407000.0,
        "Cost Of Revenue": 4390000.0,
        "Total Revenue": 5797000.0,
        "Operating Revenue": 5797000.0
    },
    "2024-03-31": {
        "Tax Effect Of Unusual Items": -265018.8,
        "Tax Rate For Calcs": 0.0821,
        "Normalized EBITDA": 4547000.0,
        "Total Unusual Items": -3228000.0,
        "Total Unusual Items Excluding Goodwill": -3228000.0,
        "Net Income From Continuing Operation Net Minority Interest": -5254000.0,
        "Reconciled Depreciation": 3987000.0,
        "Reconciled Cost Of Revenue": 4031000.0,
        "EBITDA": 1319000.0,
        "EBIT": -2668000.0,
        "Net Interest Income": -424000.0,
        "Interest Expense": 424000.0,
        "Normalized Income": -2291018.8,
        "Net Income From Continuing And Discontinued Operation": -5254000.0,
        "Total Expenses": 12012000.0,
        "Total Operating Income As Reported": 407000.0,
        "Diluted Average Shares": 2807555.0,
        "Basic Average Shares": 2807555.0,
        "Diluted EPS": -2.62,
        "Basic EPS": -2.62,
        "Diluted NI Availto Com Stockholders": -7362000.0,
        "Net Income Common Stockholders": -7362000.0,
        "Preferred Stock Dividends": 2108000.0,
        "Net Income": -5254000.0,
        "Minority Interests": -2710000.0,
        "Net Income Including Noncontrolling Interests": -2544000.0,
        "Net Income Discontinuous Operations": NaN,
        "Net Income Continuous Operations": -2544000.0,
        "Tax Provision": -548000.0,
        "Pretax Income": -3092000.0,
        "Other Income Expense": -3205000.0,
        "Other Non Operating Income Expenses": 23000.0,
        "Special Income Charges": -3228000.0,
        "Gain On Sale Of Ppe": -1000.0,
        "Other Special Charges": 3097000.0,
        "Write Off": NaN,
        "Impairment Of Capital Assets": 130000.0,
        "Net Non Operating Interest Income Expense": -424000.0,
        "Interest Expense Non Operating": 424000.0,
        "Operating Income": 537000.0,
        "Operating Expense": 6397000.0,
        "Depreciation Amortization Depletion Income Statement": 2403000.0,
        "Depreciation And Amortization In Income Statement": 2403000.0,
        "Selling General And Administration": 3994000.0,
        "General And Administrative Expense": 3994000.0,
        "Other Gand A": 3994000.0,
        "Gross Profit": 6934000.0,
        "Cost Of Revenue": 5615000.0,
        "Total Revenue": 12549000.0,
        "Operating Revenue": 12549000.0
    },
    "2024-06-30": {
        "Tax Effect Of Unusual Items": -399091.0,
        "Tax Rate For Calcs": 0.071,
        "Normalized EBITDA": 245000.0,
        "Total Unusual Items": -5621000.0,
        "Total Unusual Items Excluding Goodwill": -5621000.0,
        "Net Income From Continuing Operation Net Minority Interest": -10873000.0,
        "Reconciled Depreciation": 3969000.0,
        "Reconciled Cost Of Revenue": 3999000.0,
        "EBITDA": -5376000.0,
        "EBIT": -9345000.0,
        "Net Interest Income": -449000.0,
        "Interest Expense": 449000.0,
        "Normalized Income": -5651091.0,
        "Net Income From Continuing And Discontinued Operation": -10873000.0,
        "Total Expenses": 13350000.0,
        "Total Operating Income As Reported": -3675000.0,
        "Diluted Average Shares": 4563696.0,
        "Basic Average Shares": 4563696.0,
        "Diluted EPS": -2.97,
        "Basic EPS": -2.97,
        "Diluted NI Availto Com Stockholders": -13548000.0,
        "Net Income Common Stockholders": -13548000.0,
        "Preferred Stock Dividends": 2675000.0,
        "Net Income": -10873000.0,
        "Minority Interests": -1728000.0,
        "Net Income Including Noncontrolling Interests": -9145000.0,
        "Net Income Discontinuous Operations": NaN,
        "Net Income Continuous Operations": -9145000.0,
        "Tax Provision": -649000.0,
        "Pretax Income": -9794000.0,
        "Other Income Expense": -5670000.0,
        "Other Non Operating Income Expenses": -49000.0,
        "Special Income Charges": -5621000.0,
        "Gain On Sale Of Ppe": -21000.0,
        "Other Special Charges": 5600000.0,
        "Write Off": NaN,
        "Impairment Of Capital Assets": 0.0,
        "Net Non Operating Interest Income Expense": -449000.0,
        "Interest Expense Non Operating": 449000.0,
        "Operating Income": -3675000.0,
        "Operating Expense": 7785000.0,
        "Depreciation Amortization Depletion Income Statement": 2403000.0,
        "Depreciation And Amortization In Income Statement": 2403000.0,
        "Selling General And Administration": 5382000.0,
        "General And Administrative Expense": 5382000.0,
        "Other Gand A": 5382000.0,
        "Gross Profit": 4110000.0,
        "Cost Of Revenue": 5565000.0,
        "Total Revenue": 9675000.0,
        "Operating Revenue": 9675000.0
    },
    "2024-09-30": {
        "Tax Effect Of Unusual Items": 99849.0,
        "Tax Rate For Calcs": 0.083,
        "Normalized EBITDA": -5089000.0,
        "Total Unusual Items": 1203000.0,
        "Total Unusual Items Excluding Goodwill": 1203000.0,
        "Net Income From Continuing Operation Net Minority Interest": -7190000.0,
        "Reconciled Depreciation": 3933000.0,
        "Reconciled Cost Of Revenue": 7360000.0,
        "EBITDA": -3886000.0,
        "EBIT": -7819000.0,
        "Net Interest Income": -821000.0,
        "Interest Expense": 821000.0,
        "Normalized Income": -8293151.0,
        "Net Income From Continuing And Discontinued Operation": -7190000.0,
        "Total Expenses": 16541000.0,
        "Total Operating Income As Reported": -9016000.0,
        "Diluted Average Shares": 7738664.0,
        "Basic Average Shares": 7738664.0,
        "Diluted EPS": -1.29,
        "Basic EPS": -1.29,
        "Diluted NI Availto Com Stockholders": -9976000.0,
        "Net Income Common Stockholders": -9976000.0,
        "Preferred Stock Dividends": 2786000.0,
        "Net Income": -7190000.0,
        "Minority Interests": 903000.0,
        "Net Income Including Noncontrolling Interests": -8093000.0,
        "Net Income Discontinuous Operations": NaN,
        "Net Income Continuous Operations": -8093000.0,
        "Tax Provision": -547000.0,
        "Pretax Income": -8640000.0,
        "Other Income Expense": 1197000.0,
        "Other Non Operating Income Expenses": -6000.0,
        "Special Income Charges": 1203000.0,
        "Gain On Sale Of Ppe": 0.0,
        "Other Special Charges": -1203000.0,
        "Write Off": NaN,
        "Impairment Of Capital Assets": 0.0,
        "Net Non Operating Interest Income Expense": -821000.0,
        "Interest Expense Non Operating": 821000.0,
        "Operating Income": -9016000.0,
        "Operating Expense": 7652000.0,
        "Depreciation Amortization Depletion Income Statement": 2404000.0,
        "Depreciation And Amortization In Income Statement": 2404000.0,
        "Selling General And Administration": 5248000.0,
        "General And Administrative Expense": 5248000.0,
        "Other Gand A": 5248000.0,
        "Gross Profit": -1364000.0,
        "Cost Of Revenue": 8889000.0,
        "Total Revenue": 7525000.0,
        "Operating Revenue": 7525000.0
    }
}