{
    "2023-03-31": {
        "Tax Effect Of Unusual Items": NaN,
        "Tax Rate For Calcs": NaN,
        "Normalized EBITDA": NaN,
        "Total Unusual Items": NaN,
        "Total Unusual Items Excluding Goodwill": NaN,
        "Net Income From Continuing Operation Net Minority Interest": NaN,
        "Reconciled Depreciation": NaN,
        "EBITDA": NaN,
        "EBIT": NaN,
        "Net Interest Income": NaN,
        "Interest Income": NaN,
        "Normalized Income": NaN,
        "Net Income From Continuing And Discontinued Operation": NaN,
        "Total Expenses": NaN,
        "Total Operating Income As Reported": NaN,
        "Diluted Average Shares": 9447350.0,
        "Basic Average Shares": 9447350.0,
        "Diluted EPS": -0.88,
        "Basic EPS": -0.88,
        "Diluted NI Availto Com Stockholders": NaN,
        "Net Income Common Stockholders": NaN,
        "Net Income": NaN,
        "Net Income Including Noncontrolling Interests": NaN,
        "Net Income Continuous Operations": NaN,
        "Pretax Income": NaN,
        "Other Income Expense": NaN,
        "Special Income Charges": NaN,
        "Restructuring And Mergern Acquisition": NaN,
        "Gain On Sale Of Security": NaN,
        "Net Non Operating Interest Income Expense": NaN,
        "Interest Income Non Operating": NaN,
        "Operating Income": NaN,
        "Operating Expense": NaN,
        "Research And Development": NaN,
        "Selling General And Administration": NaN,
        "General And Administrative Expense": NaN,
        "Other Gand A": NaN,
        "Total Revenue": NaN,
        "Operating Revenue": NaN
    },
    "2022-12-31": {
        "Tax Effect Of Unusual Items": NaN,
        "Tax Rate For Calcs": NaN,
        "Normalized EBITDA": NaN,
        "Total Unusual Items": NaN,
        "Total Unusual Items Excluding Goodwill": NaN,
        "Net Income From Continuing Operation Net Minority Interest": NaN,
        "Reconciled Depreciation": NaN,
        "EBITDA": NaN,
        "EBIT": NaN,
        "Net Interest Income": NaN,
        "Interest Income": NaN,
        "Normalized Income": NaN,
        "Net Income From Continuing And Discontinued Operation": NaN,
        "Total Expenses": NaN,
        "Total Operating Income As Reported": NaN,
        "Diluted Average Shares": NaN,
        "Basic Average Shares": NaN,
        "Diluted EPS": NaN,
        "Basic EPS": NaN,
        "Diluted NI Availto Com Stockholders": NaN,
        "Net Income Common Stockholders": NaN,
        "Net Income": NaN,
        "Net Income Including Noncontrolling Interests": NaN,
        "Net Income Continuous Operations": NaN,
        "Pretax Income": NaN,
        "Other Income Expense": NaN,
        "Special Income Charges": NaN,
        "Restructuring And Mergern Acquisition": NaN,
        "Gain On Sale Of Security": -1000.0,
        "Net Non Operating Interest Income Expense": NaN,
        "Interest Income Non Operating": NaN,
        "Operating Income": NaN,
        "Operating Expense": NaN,
        "Research And Development": NaN,
        "Selling General And Administration": NaN,
        "General And Administrative Expense": NaN,
        "Other Gand A": NaN,
        "Total Revenue": NaN,
        "Operating Revenue": NaN
    },
    "2022-09-30": {
        "Tax Effect Of Unusual Items": NaN,
        "Tax Rate For Calcs": NaN,
        "Normalized EBITDA": NaN,
        "Total Unusual Items": NaN,
        "Total Unusual Items Excluding Goodwill": NaN,
        "Net Income From Continuing Operation Net Minority Interest": NaN,
        "Reconciled Depreciation": NaN,
        "EBITDA": NaN,
        "EBIT": NaN,
        "Net Interest Income": NaN,
        "Interest Income": NaN,
        "Normalized Income": NaN,
        "Net Income From Continuing And Discontinued Operation": NaN,
        "Total Expenses": NaN,
        "Total Operating Income As Reported": NaN,
        "Diluted Average Shares": NaN,
        "Basic Average Shares": NaN,
        "Diluted EPS": NaN,
        "Basic EPS": NaN,
        "Diluted NI Availto Com Stockholders": NaN,
        "Net Income Common Stockholders": NaN,
        "Net Income": NaN,
        "Net Income Including Noncontrolling Interests": NaN,
        "Net Income Continuous Operations": NaN,
        "Pretax Income": NaN,
        "Other Income Expense": NaN,
        "Special Income Charges": NaN,
        "Restructuring And Mergern Acquisition": NaN,
        "Gain On Sale Of Security": 2000.0,
        "Net Non Operating Interest Income Expense": NaN,
        "Interest Income Non Operating": NaN,
        "Operating Income": NaN,
        "Operating Expense": NaN,
        "Research And Development": NaN,
        "Selling General And Administration": NaN,
        "General And Administrative Expense": NaN,
        "Other Gand A": NaN,
        "Total Revenue": NaN,
        "Operating Revenue": NaN
    },
    "2022-06-30": {
        "Tax Effect Of Unusual Items": 0.0,
        "Tax Rate For Calcs": 0.0,
        "Normalized EBITDA": -5057000.0,
        "Total Unusual Items": -614000.0,
        "Total Unusual Items Excluding Goodwill": -614000.0,
        "Net Income From Continuing Operation Net Minority Interest": -6725000.0,
        "Reconciled Depreciation": 492000.0,
        "EBITDA": -5671000.0,
        "EBIT": -6163000.0,
        "Net Interest Income": 52000.0,
        "Interest Income": 52000.0,
        "Normalized Income": -6111000.0,
        "Net Income From Continuing And Discontinued Operation": -6725000.0,
        "Total Expenses": 6163000.0,
        "Total Operating Income As Reported": -6779000.0,
        "Diluted Average Shares": 9339254.0,
        "Basic Average Shares": 9339254.0,
        "Diluted EPS": -0.72,
        "Basic EPS": -0.72,
        "Diluted NI Availto Com Stockholders": -6725000.0,
        "Net Income Common Stockholders": -6725000.0,
        "Net Income": -6725000.0,
        "Net Income Including Noncontrolling Interests": -6725000.0,
        "Net Income Continuous Operations": -6725000.0,
        "Pretax Income": -6725000.0,
        "Other Income Expense": -614000.0,
        "Special Income Charges": -616000.0,
        "Restructuring And Mergern Acquisition": 616000.0,
        "Gain On Sale Of Security": 2000.0,
        "Net Non Operating Interest Income Expense": 52000.0,
        "Interest Income Non Operating": 52000.0,
        "Operating Income": -6163000.0,
        "Operating Expense": 6163000.0,
        "Research And Development": 3696000.0,
        "Selling General And Administration": 2467000.0,
        "General And Administrative Expense": 2467000.0,
        "Other Gand A": 2467000.0,
        "Total Revenue": 0.0,
        "Operating Revenue": 0.0
    },
    "2022-03-31": {
        "Diluted EPS": -1.07,
        "Total Revenue": NaN,
        "Gross Profit": NaN,
        "Operating Income": -6,
        "EBIT": -5,
        "Net Income": -6
    },
    "2021-12-31": {
        "Diluted EPS": -0.53,
        "Total Revenue": NaN,
        "Gross Profit": NaN,
        "Operating Income": -3,
        "EBIT": -3,
        "Net Income": -3
    },
    "2021-09-30": {
        "Diluted EPS": -1.53,
        "Total Revenue": NaN,
        "Gross Profit": NaN,
        "Operating Income": -8,
        "EBIT": -8,
        "Net Income": -8
    },
    "2021-06-30": {
        "Diluted EPS": -2.1,
        "Total Revenue": NaN,
        "Gross Profit": NaN,
        "Operating Income": -11,
        "EBIT": -11,
        "Net Income": -11
    },
    "2021-03-31": {
        "Diluted EPS": -1.65,
        "Total Revenue": NaN,
        "Gross Profit": NaN,
        "Operating Income": -9,
        "EBIT": -9,
        "Net Income": -9
    },
    "2020-12-31": {
        "Diluted EPS": 0.15,
        "Total Revenue": NaN,
        "Gross Profit": NaN,
        "Operating Income": -8,
        "EBIT": -7,
        "Net Income": -3
    },
    "2020-09-30": {
        "Diluted EPS": -1.65,
        "Total Revenue": NaN,
        "Gross Profit": NaN,
        "Operating Income": -8,
        "EBIT": -7,
        "Net Income": -9
    },
    "2020-06-30": {
        "Diluted EPS": -2.4,
        "Total Revenue": NaN,
        "Gross Profit": NaN,
        "Operating Income": -11,
        "EBIT": -11,
        "Net Income": -7
    },
    "2020-03-31": {
        "Diluted EPS": -1.95,
        "Total Revenue": NaN,
        "Gross Profit": NaN,
        "Operating Income": -9,
        "EBIT": -9,
        "Net Income": -6
    },
    "2019-12-31": {
        "Diluted EPS": -2.7,
        "Total Revenue": NaN,
        "Gross Profit": NaN,
        "Operating Income": -7,
        "EBIT": -6,
        "Net Income": -15
    },
    "2019-09-30": {
        "Diluted EPS": -2.85,
        "Total Revenue": NaN,
        "Gross Profit": NaN,
        "Operating Income": -6,
        "EBIT": -6,
        "Net Income": 1
    },
    "2019-06-30": {
        "Diluted EPS": -4.65,
        "Total Revenue": NaN,
        "Gross Profit": NaN,
        "Operating Income": -6,
        "EBIT": -5,
        "Net Income": -10
    },
    "2019-03-31": {
        "Diluted EPS": -3.3,
        "Total Revenue": NaN,
        "Gross Profit": NaN,
        "Operating Income": -5,
        "EBIT": -4,
        "Net Income": -7
    },
    "2018-12-31": {
        "Diluted EPS": 0.45,
        "Total Revenue": NaN,
        "Gross Profit": NaN,
        "Operating Income": -4,
        "EBIT": -3,
        "Net Income": 0
    },
    "2018-09-30": {
        "Diluted EPS": -1.95,
        "Total Revenue": NaN,
        "Gross Profit": NaN,
        "Operating Income": -4,
        "EBIT": -3,
        "Net Income": -3
    },
    "2018-06-30": {
        "Diluted EPS": -5.25,
        "Total Revenue": NaN,
        "Gross Profit": NaN,
        "Operating Income": -3,
        "EBIT": -3,
        "Net Income": -7
    },
    "2018-03-31": {
        "Diluted EPS": -2.85,
        "Total Revenue": NaN,
        "Gross Profit": NaN,
        "Operating Income": -3,
        "EBIT": -3,
        "Net Income": -4
    },
    "2017-12-31": {
        "Diluted EPS": -4.95,
        "Total Revenue": NaN,
        "Gross Profit": NaN,
        "Operating Income": -5,
        "EBIT": -5,
        "Net Income": -5
    },
    "2017-09-30": {
        "Diluted EPS": -5.85,
        "Total Revenue": NaN,
        "Gross Profit": NaN,
        "Operating Income": -3,
        "EBIT": -2,
        "Net Income": -4
    },
    "2017-06-30": {
        "Diluted EPS": -6.3,
        "Total Revenue": NaN,
        "Gross Profit": NaN,
        "Operating Income": -3,
        "EBIT": -3,
        "Net Income": -4
    },
    "2017-03-31": {
        "Diluted EPS": -8.55,
        "Total Revenue": NaN,
        "Gross Profit": NaN,
        "Operating Income": -1,
        "EBIT": -1,
        "Net Income": -3
    },
    "2016-12-31": {
        "Diluted EPS": -29.24,
        "Total Revenue": NaN,
        "Gross Profit": NaN,
        "Operating Income": 1,
        "EBIT": 1,
        "Net Income": -6
    },
    "2016-09-30": {
        "Diluted EPS": -13.04,
        "Total Revenue": NaN,
        "Gross Profit": NaN,
        "Operating Income": -2,
        "EBIT": -2,
        "Net Income": -3
    },
    "2016-06-30": {
        "Diluted EPS": -17.24,
        "Total Revenue": 0,
        "Gross Profit": 0,
        "Operating Income": -2,
        "EBIT": -2,
        "Net Income": -4
    },
    "2016-03-31": {
        "Diluted EPS": -16.49,
        "Total Revenue": 0,
        "Gross Profit": 0,
        "Operating Income": -4,
        "EBIT": -4,
        "Net Income": -3
    },
    "2015-12-31": {
        "Diluted EPS": 4.5,
        "Total Revenue": 0,
        "Gross Profit": 0,
        "Operating Income": -4,
        "EBIT": -3,
        "Net Income": -3
    },
    "2015-09-30": {
        "Diluted EPS": -24.74,
        "Total Revenue": 0,
        "Gross Profit": 0,
        "Operating Income": -3,
        "EBIT": -3,
        "Net Income": -3
    },
    "2015-06-30": {
        "Diluted EPS": 18.74,
        "Total Revenue": 0,
        "Gross Profit": 0,
        "Operating Income": -3,
        "EBIT": -3,
        "Net Income": 2
    },
    "2015-03-31": {
        "Diluted EPS": -125.19,
        "Total Revenue": 0,
        "Gross Profit": 0,
        "Operating Income": -2,
        "EBIT": -2,
        "Net Income": -12
    },
    "2014-12-31": {
        "Diluted EPS": 61.47,
        "Total Revenue": NaN,
        "Gross Profit": NaN,
        "Operating Income": -2,
        "EBIT": -2,
        "Net Income": -7
    },
    "2014-09-30": {
        "Diluted EPS": -335.08,
        "Total Revenue": NaN,
        "Gross Profit": NaN,
        "Operating Income": -1,
        "EBIT": -1,
        "Net Income": -2
    },
    "2014-06-30": {
        "Diluted EPS": -390.56,
        "Total Revenue": NaN,
        "Gross Profit": NaN,
        "Operating Income": -1,
        "EBIT": -1,
        "Net Income": -3
    },
    "2014-03-31": {
        "Diluted EPS": -116.94,
        "Total Revenue": NaN,
        "Gross Profit": NaN,
        "Operating Income": -1,
        "EBIT": -1,
        "Net Income": -1
    },
    "2013-12-31": {
        "Diluted EPS": 0.0,
        "Total Revenue": NaN,
        "Gross Profit": NaN,
        "Operating Income": NaN,
        "EBIT": NaN,
        "Net Income": NaN
    },
    "2013-09-30": {
        "Diluted EPS": -222.64,
        "Total Revenue": NaN,
        "Gross Profit": NaN,
        "Operating Income": -1,
        "EBIT": -1,
        "Net Income": -2
    },
    "2013-06-30": {
        "Diluted EPS": 0.0,
        "Total Revenue": NaN,
        "Gross Profit": NaN,
        "Operating Income": NaN,
        "EBIT": NaN,
        "Net Income": NaN
    },
    "2012-12-31": {
        "Diluted EPS": 0.0,
        "Total Revenue": NaN,
        "Gross Profit": NaN,
        "Operating Income": NaN,
        "EBIT": NaN,
        "Net Income": NaN
    },
    "2023-06-30": {
        "Tax Effect Of Unusual Items": NaN,
        "Tax Rate For Calcs": NaN,
        "Normalized EBITDA": NaN,
        "Total Unusual Items": NaN,
        "Total Unusual Items Excluding Goodwill": NaN,
        "Net Income From Continuing Operation Net Minority Interest": NaN,
        "Reconciled Depreciation": NaN,
        "EBITDA": NaN,
        "EBIT": NaN,
        "Net Interest Income": NaN,
        "Interest Income": NaN,
        "Normalized Income": NaN,
        "Net Income From Continuing And Discontinued Operation": NaN,
        "Total Expenses": NaN,
        "Total Operating Income As Reported": NaN,
        "Diluted Average Shares": 10423598.0,
        "Basic Average Shares": 10423598.0,
        "Diluted EPS": -0.81,
        "Basic EPS": -0.81,
        "Diluted NI Availto Com Stockholders": NaN,
        "Net Income Common Stockholders": NaN,
        "Net Income": NaN,
        "Net Income Including Noncontrolling Interests": NaN,
        "Net Income Continuous Operations": NaN,
        "Pretax Income": NaN,
        "Other Income Expense": NaN,
        "Special Income Charges": NaN,
        "Restructuring And Mergern Acquisition": NaN,
        "Gain On Sale Of Security": 1000.0,
        "Net Non Operating Interest Income Expense": NaN,
        "Interest Income Non Operating": NaN,
        "Operating Income": NaN,
        "Operating Expense": NaN,
        "Research And Development": NaN,
        "Selling General And Administration": NaN,
        "General And Administrative Expense": NaN,
        "Other Gand A": NaN,
        "Total Revenue": NaN,
        "Operating Revenue": NaN
    },
    "2023-09-30": {
        "Tax Effect Of Unusual Items": 0.0,
        "Tax Rate For Calcs": 0.0,
        "Normalized EBITDA": -7197000.0,
        "Total Unusual Items": -1674000.0,
        "Total Unusual Items Excluding Goodwill": -1674000.0,
        "Net Income From Continuing Operation Net Minority Interest": -10861000.0,
        "Reconciled Depreciation": 490000.0,
        "EBITDA": -8871000.0,
        "EBIT": -9361000.0,
        "Net Interest Income": 174000.0,
        "Interest Income": 174000.0,
        "Normalized Income": -9187000.0,
        "Net Income From Continuing And Discontinued Operation": -10861000.0,
        "Total Expenses": 9361000.0,
        "Total Operating Income As Reported": -10382000.0,
        "Diluted Average Shares": 11436748.0,
        "Basic Average Shares": 11436748.0,
        "Diluted EPS": -0.95,
        "Basic EPS": -0.95,
        "Diluted NI Availto Com Stockholders": -10861000.0,
        "Net Income Common Stockholders": -10861000.0,
        "Net Income": -10861000.0,
        "Net Income Including Noncontrolling Interests": -10861000.0,
        "Net Income Continuous Operations": -10861000.0,
        "Pretax Income": -10861000.0,
        "Other Income Expense": -1674000.0,
        "Special Income Charges": -1021000.0,
        "Restructuring And Mergern Acquisition": 1021000.0,
        "Gain On Sale Of Security": -653000.0,
        "Net Non Operating Interest Income Expense": 174000.0,
        "Interest Income Non Operating": 174000.0,
        "Operating Income": -9361000.0,
        "Operating Expense": 9361000.0,
        "Research And Development": 6043000.0,
        "Selling General And Administration": 3318000.0,
        "General And Administrative Expense": 3318000.0,
        "Other Gand A": 3318000.0,
        "Total Revenue": 0.0,
        "Operating Revenue": 0.0
    },
    "2023-12-31": {
        "Tax Effect Of Unusual Items": 0.0,
        "Tax Rate For Calcs": 0.0,
        "Normalized EBITDA": -11729000.0,
        "Total Unusual Items": -611000.0,
        "Total Unusual Items Excluding Goodwill": -611000.0,
        "Net Income From Continuing Operation Net Minority Interest": -11296000.0,
        "Reconciled Depreciation": 489000.0,
        "EBITDA": -12340000.0,
        "EBIT": -12829000.0,
        "Net Interest Income": 2144000.0,
        "Interest Income": 2144000.0,
        "Normalized Income": -10685000.0,
        "Net Income From Continuing And Discontinued Operation": -11296000.0,
        "Total Expenses": 12829000.0,
        "Total Operating Income As Reported": -13910000.0,
        "Diluted Average Shares": NaN,
        "Basic Average Shares": NaN,
        "Diluted EPS": NaN,
        "Basic EPS": NaN,
        "Diluted NI Availto Com Stockholders": -11296000.0,
        "Net Income Common Stockholders": -11296000.0,
        "Net Income": -11296000.0,
        "Net Income Including Noncontrolling Interests": -11296000.0,
        "Net Income Continuous Operations": -11296000.0,
        "Pretax Income": -11296000.0,
        "Other Income Expense": -611000.0,
        "Special Income Charges": -1081000.0,
        "Restructuring And Mergern Acquisition": 1081000.0,
        "Gain On Sale Of Security": 470000.0,
        "Net Non Operating Interest Income Expense": 2144000.0,
        "Interest Income Non Operating": 2144000.0,
        "Operating Income": -12829000.0,
        "Operating Expense": 12829000.0,
        "Research And Development": 8689000.0,
        "Selling General And Administration": 4140000.0,
        "General And Administrative Expense": 4140000.0,
        "Other Gand A": 4140000.0,
        "Total Revenue": 0.0,
        "Operating Revenue": 0.0
    },
    "2024-03-31": {
        "Tax Effect Of Unusual Items": 0.0,
        "Tax Rate For Calcs": 0.0,
        "Normalized EBITDA": -22183000.0,
        "Total Unusual Items": -401000.0,
        "Total Unusual Items Excluding Goodwill": -401000.0,
        "Net Income From Continuing Operation Net Minority Interest": -21398000.0,
        "Reconciled Depreciation": 490000.0,
        "EBITDA": -22584000.0,
        "EBIT": -23074000.0,
        "Net Interest Income": 2077000.0,
        "Interest Income": 2077000.0,
        "Normalized Income": -20997000.0,
        "Net Income From Continuing And Discontinued Operation": -21398000.0,
        "Total Expenses": 23074000.0,
        "Total Operating Income As Reported": -23475000.0,
        "Diluted Average Shares": 36208371.0,
        "Basic Average Shares": 36208371.0,
        "Diluted EPS": -0.59,
        "Basic EPS": -0.59,
        "Diluted NI Availto Com Stockholders": -21398000.0,
        "Net Income Common Stockholders": -21398000.0,
        "Net Income": -21398000.0,
        "Net Income Including Noncontrolling Interests": -21398000.0,
        "Net Income Continuous Operations": -21398000.0,
        "Pretax Income": -21398000.0,
        "Other Income Expense": -401000.0,
        "Special Income Charges": -401000.0,
        "Restructuring And Mergern Acquisition": 401000.0,
        "Gain On Sale Of Security": NaN,
        "Net Non Operating Interest Income Expense": 2077000.0,
        "Interest Income Non Operating": 2077000.0,
        "Operating Income": -23074000.0,
        "Operating Expense": 23074000.0,
        "Research And Development": 14602000.0,
        "Selling General And Administration": 8472000.0,
        "General And Administrative Expense": 8472000.0,
        "Other Gand A": 8472000.0,
        "Total Revenue": 0.0,
        "Operating Revenue": 0.0
    },
    "2024-06-30": {
        "Tax Effect Of Unusual Items": 0.0,
        "Tax Rate For Calcs": 0.0,
        "Normalized EBITDA": -21100000.0,
        "Total Unusual Items": -1637000.0,
        "Total Unusual Items Excluding Goodwill": -1637000.0,
        "Net Income From Continuing Operation Net Minority Interest": -21854000.0,
        "Reconciled Depreciation": 494000.0,
        "EBITDA": -22737000.0,
        "EBIT": -23231000.0,
        "Net Interest Income": 3014000.0,
        "Interest Income": 3014000.0,
        "Normalized Income": -20217000.0,
        "Net Income From Continuing And Discontinued Operation": -21854000.0,
        "Total Expenses": 23231000.0,
        "Total Operating Income As Reported": -24868000.0,
        "Diluted Average Shares": 38631565.0,
        "Basic Average Shares": 38631565.0,
        "Diluted EPS": -0.57,
        "Basic EPS": -0.57,
        "Diluted NI Availto Com Stockholders": -21854000.0,
        "Net Income Common Stockholders": -21854000.0,
        "Net Income": -21854000.0,
        "Net Income Including Noncontrolling Interests": -21854000.0,
        "Net Income Continuous Operations": -21854000.0,
        "Pretax Income": -21854000.0,
        "Other Income Expense": -1637000.0,
        "Special Income Charges": -1637000.0,
        "Restructuring And Mergern Acquisition": 1637000.0,
        "Gain On Sale Of Security": NaN,
        "Net Non Operating Interest Income Expense": 3014000.0,
        "Interest Income Non Operating": 3014000.0,
        "Operating Income": -23231000.0,
        "Operating Expense": 23231000.0,
        "Research And Development": 12342000.0,
        "Selling General And Administration": 10889000.0,
        "General And Administrative Expense": 10889000.0,
        "Other Gand A": 10889000.0,
        "Total Revenue": 0.0,
        "Operating Revenue": 0.0
    },
    "2024-09-30": {
        "Tax Effect Of Unusual Items": 0.0,
        "Tax Rate For Calcs": 0.0,
        "Normalized EBITDA": -77958000.0,
        "Total Unusual Items": -877000.0,
        "Total Unusual Items Excluding Goodwill": -877000.0,
        "Net Income From Continuing Operation Net Minority Interest": -76616000.0,
        "Reconciled Depreciation": 500000.0,
        "EBITDA": -78835000.0,
        "EBIT": -79335000.0,
        "Net Interest Income": 3596000.0,
        "Interest Income": 3596000.0,
        "Normalized Income": -75739000.0,
        "Net Income From Continuing And Discontinued Operation": -76616000.0,
        "Total Expenses": 79335000.0,
        "Total Operating Income As Reported": -80212000.0,
        "Diluted Average Shares": 41879025.0,
        "Basic Average Shares": 41879025.0,
        "Diluted EPS": -1.83,
        "Basic EPS": -1.83,
        "Diluted NI Availto Com Stockholders": -76616000.0,
        "Net Income Common Stockholders": -76616000.0,
        "Net Income": -76616000.0,
        "Net Income Including Noncontrolling Interests": -76616000.0,
        "Net Income Continuous Operations": -76616000.0,
        "Pretax Income": -76616000.0,
        "Other Income Expense": -877000.0,
        "Special Income Charges": -877000.0,
        "Restructuring And Mergern Acquisition": 877000.0,
        "Gain On Sale Of Security": NaN,
        "Net Non Operating Interest Income Expense": 3596000.0,
        "Interest Income Non Operating": 3596000.0,
        "Operating Income": -79335000.0,
        "Operating Expense": 79335000.0,
        "Research And Development": 30138000.0,
        "Selling General And Administration": 49197000.0,
        "General And Administrative Expense": 49197000.0,
        "Other Gand A": 49197000.0,
        "Total Revenue": 0.0,
        "Operating Revenue": 0.0
    }
}