{
    "2023-05-31": {
        "Tax Effect Of Unusual Items": NaN,
        "Tax Rate For Calcs": NaN,
        "Normalized EBITDA": NaN,
        "Total Unusual Items": NaN,
        "Total Unusual Items Excluding Goodwill": NaN,
        "Net Income From Continuing Operation Net Minority Interest": NaN,
        "Reconciled Depreciation": NaN,
        "Reconciled Cost Of Revenue": NaN,
        "EBITDA": NaN,
        "EBIT": NaN,
        "Net Interest Income": NaN,
        "Interest Income": NaN,
        "Normalized Income": NaN,
        "Net Income From Continuing And Discontinued Operation": NaN,
        "Total Expenses": NaN,
        "Total Operating Income As Reported": NaN,
        "Diluted Average Shares": 20355000.0,
        "Basic Average Shares": 19972000.0,
        "Diluted EPS": 0.2,
        "Basic EPS": 0.2,
        "Diluted NI Availto Com Stockholders": NaN,
        "Net Income Common Stockholders": NaN,
        "Net Income": NaN,
        "Net Income Including Noncontrolling Interests": NaN,
        "Net Income Continuous Operations": NaN,
        "Tax Provision": NaN,
        "Pretax Income": NaN,
        "Other Income Expense": NaN,
        "Special Income Charges": NaN,
        "Gain On Sale Of Ppe": 0.0,
        "Restructuring And Mergern Acquisition": NaN,
        "Gain On Sale Of Security": NaN,
        "Net Non Operating Interest Income Expense": NaN,
        "Interest Income Non Operating": NaN,
        "Operating Income": NaN,
        "Operating Expense": NaN,
        "Research And Development": NaN,
        "Selling General And Administration": NaN,
        "Selling And Marketing Expense": NaN,
        "General And Administrative Expense": NaN,
        "Other Gand A": NaN,
        "Gross Profit": NaN,
        "Cost Of Revenue": NaN,
        "Total Revenue": NaN,
        "Operating Revenue": NaN
    },
    "2023-02-28": {
        "Tax Effect Of Unusual Items": NaN,
        "Tax Rate For Calcs": NaN,
        "Normalized EBITDA": NaN,
        "Total Unusual Items": NaN,
        "Total Unusual Items Excluding Goodwill": NaN,
        "Net Income From Continuing Operation Net Minority Interest": NaN,
        "Reconciled Depreciation": NaN,
        "Reconciled Cost Of Revenue": NaN,
        "EBITDA": NaN,
        "EBIT": NaN,
        "Net Interest Income": NaN,
        "Interest Income": NaN,
        "Normalized Income": NaN,
        "Net Income From Continuing And Discontinued Operation": NaN,
        "Total Expenses": NaN,
        "Total Operating Income As Reported": NaN,
        "Diluted Average Shares": 20529000.0,
        "Basic Average Shares": 20112000.0,
        "Diluted EPS": 0.2,
        "Basic EPS": 0.21,
        "Diluted NI Availto Com Stockholders": NaN,
        "Net Income Common Stockholders": NaN,
        "Net Income": NaN,
        "Net Income Including Noncontrolling Interests": NaN,
        "Net Income Continuous Operations": NaN,
        "Tax Provision": NaN,
        "Pretax Income": NaN,
        "Other Income Expense": NaN,
        "Special Income Charges": NaN,
        "Gain On Sale Of Ppe": 0.0,
        "Restructuring And Mergern Acquisition": NaN,
        "Gain On Sale Of Security": NaN,
        "Net Non Operating Interest Income Expense": NaN,
        "Interest Income Non Operating": NaN,
        "Operating Income": NaN,
        "Operating Expense": NaN,
        "Research And Development": NaN,
        "Selling General And Administration": NaN,
        "Selling And Marketing Expense": NaN,
        "General And Administrative Expense": NaN,
        "Other Gand A": NaN,
        "Gross Profit": NaN,
        "Cost Of Revenue": NaN,
        "Total Revenue": NaN,
        "Operating Revenue": NaN
    },
    "2022-11-30": {
        "Tax Effect Of Unusual Items": NaN,
        "Tax Rate For Calcs": NaN,
        "Normalized EBITDA": NaN,
        "Total Unusual Items": NaN,
        "Total Unusual Items Excluding Goodwill": NaN,
        "Net Income From Continuing Operation Net Minority Interest": NaN,
        "Reconciled Depreciation": NaN,
        "Reconciled Cost Of Revenue": NaN,
        "EBITDA": NaN,
        "EBIT": NaN,
        "Net Interest Income": NaN,
        "Interest Income": NaN,
        "Normalized Income": NaN,
        "Net Income From Continuing And Discontinued Operation": NaN,
        "Total Expenses": NaN,
        "Total Operating Income As Reported": NaN,
        "Diluted Average Shares": NaN,
        "Basic Average Shares": NaN,
        "Diluted EPS": NaN,
        "Basic EPS": NaN,
        "Diluted NI Availto Com Stockholders": NaN,
        "Net Income Common Stockholders": NaN,
        "Net Income": NaN,
        "Net Income Including Noncontrolling Interests": NaN,
        "Net Income Continuous Operations": NaN,
        "Tax Provision": NaN,
        "Pretax Income": NaN,
        "Other Income Expense": NaN,
        "Special Income Charges": NaN,
        "Gain On Sale Of Ppe": 0.0,
        "Restructuring And Mergern Acquisition": NaN,
        "Gain On Sale Of Security": NaN,
        "Net Non Operating Interest Income Expense": NaN,
        "Interest Income Non Operating": NaN,
        "Operating Income": NaN,
        "Operating Expense": NaN,
        "Research And Development": NaN,
        "Selling General And Administration": NaN,
        "Selling And Marketing Expense": NaN,
        "General And Administrative Expense": NaN,
        "Other Gand A": NaN,
        "Gross Profit": NaN,
        "Cost Of Revenue": NaN,
        "Total Revenue": NaN,
        "Operating Revenue": NaN
    },
    "2022-08-31": {
        "Tax Effect Of Unusual Items": NaN,
        "Tax Rate For Calcs": NaN,
        "Normalized EBITDA": NaN,
        "Total Unusual Items": NaN,
        "Total Unusual Items Excluding Goodwill": NaN,
        "Net Income From Continuing Operation Net Minority Interest": NaN,
        "Reconciled Depreciation": NaN,
        "Reconciled Cost Of Revenue": NaN,
        "EBITDA": NaN,
        "EBIT": NaN,
        "Net Interest Income": NaN,
        "Interest Expense": 0.0,
        "Interest Income": NaN,
        "Normalized Income": NaN,
        "Net Income From Continuing And Discontinued Operation": NaN,
        "Total Expenses": NaN,
        "Total Operating Income As Reported": NaN,
        "Diluted Average Shares": NaN,
        "Basic Average Shares": NaN,
        "Diluted EPS": NaN,
        "Basic EPS": NaN,
        "Diluted NI Availto Com Stockholders": NaN,
        "Net Income Common Stockholders": NaN,
        "Net Income": NaN,
        "Net Income Including Noncontrolling Interests": NaN,
        "Net Income Continuous Operations": NaN,
        "Tax Provision": NaN,
        "Pretax Income": NaN,
        "Other Income Expense": NaN,
        "Special Income Charges": NaN,
        "Gain On Sale Of Ppe": 0.0,
        "Restructuring And Mergern Acquisition": NaN,
        "Gain On Sale Of Security": NaN,
        "Net Non Operating Interest Income Expense": NaN,
        "Interest Expense Non Operating": 0.0,
        "Interest Income Non Operating": NaN,
        "Operating Income": NaN,
        "Operating Expense": NaN,
        "Research And Development": NaN,
        "Selling General And Administration": NaN,
        "Selling And Marketing Expense": NaN,
        "General And Administrative Expense": NaN,
        "Other Gand A": NaN,
        "Gross Profit": NaN,
        "Cost Of Revenue": NaN,
        "Total Revenue": NaN,
        "Operating Revenue": NaN
    },
    "2022-05-31": {
        "Tax Effect Of Unusual Items": 0.0,
        "Tax Rate For Calcs": 0.15,
        "Normalized EBITDA": 4946000.0,
        "Total Unusual Items": -251000.0,
        "Total Unusual Items Excluding Goodwill": -251000.0,
        "Net Income From Continuing Operation Net Minority Interest": 4087000.0,
        "Reconciled Depreciation": 884000.0,
        "Reconciled Cost Of Revenue": 2559000.0,
        "EBIT": 4946000.0,
        "Net Interest Income": 139000.0,
        "Interest Expense": 0.0,
        "Interest Income": 139000.0,
        "Normalized Income": 4087000.0,
        "Net Income From Continuing And Discontinued Operation": 4087000.0,
        "Total Expenses": 10013000.0,
        "Total Operating Income As Reported": 4946000.0,
        "Diluted Average Shares": 20768000.0,
        "Basic Average Shares": 20212000.0,
        "Diluted EPS": 0.2,
        "Basic EPS": 0.2,
        "Diluted NI Availto Com Stockholders": 4087000.0,
        "Net Income Common Stockholders": 4087000.0,
        "Net Income": 4087000.0,
        "Net Income Including Noncontrolling Interests": 4087000.0,
        "Net Income Continuous Operations": 4087000.0,
        "Tax Provision": 747000.0,
        "Pretax Income": 4834000.0,
        "Other Income Expense": -112000.0,
        "Other Non Operating Income Expenses": -112000.0,
        "Special Income Charges": -40000.0,
        "Gain On Sale Of Ppe": 0.0,
        "Restructuring And Mergern Acquisition": 40000.0,
        "Gain On Sale Of Security": -211000.0,
        "Net Non Operating Interest Income Expense": 139000.0,
        "Interest Expense Non Operating": 0.0,
        "Interest Income Non Operating": 139000.0,
        "Operating Income": 4946000.0,
        "Operating Expense": 7454000.0,
        "Research And Development": 655000.0,
        "Selling General And Administration": 6799000.0,
        "Gross Profit": 12400000.0,
        "Cost Of Revenue": 2559000.0,
        "Total Revenue": 14959000.0,
        "Operating Revenue": 14959000.0
    },
    "2022-02-28": {
        "Diluted EPS": 0.21,
        "Total Revenue": 15,
        "Gross Profit": 12,
        "Operating Income": 5,
        "EBIT": 7,
        "Net Income": 4
    },
    "2021-11-30": {
        "Diluted EPS": 0.15,
        "Total Revenue": 12,
        "Gross Profit": 10,
        "Operating Income": 4,
        "EBIT": 5,
        "Net Income": 3
    },
    "2021-08-31": {
        "Diluted EPS": 0.02,
        "Total Revenue": 10,
        "Gross Profit": 7,
        "Operating Income": 0,
        "EBIT": 2,
        "Net Income": 0
    },
    "2021-05-31": {
        "Diluted EPS": 0.18,
        "Total Revenue": 13,
        "Gross Profit": 10,
        "Operating Income": 5,
        "EBIT": 6,
        "Net Income": 4
    },
    "2021-02-28": {
        "Diluted EPS": 0.15,
        "Total Revenue": 13,
        "Gross Profit": 10,
        "Operating Income": 3,
        "EBIT": 5,
        "Net Income": 3
    },
    "2020-11-30": {
        "Diluted EPS": 0.12,
        "Total Revenue": 11,
        "Gross Profit": 8,
        "Operating Income": 3,
        "EBIT": 5,
        "Net Income": 2
    },
    "2020-08-31": {
        "Diluted EPS": 0.11,
        "Total Revenue": 10,
        "Gross Profit": 7,
        "Operating Income": 2,
        "EBIT": 3,
        "Net Income": 2
    },
    "2020-05-31": {
        "Diluted EPS": 0.16,
        "Total Revenue": 12,
        "Gross Profit": 10,
        "Operating Income": 4,
        "EBIT": 5,
        "Net Income": 3
    },
    "2020-02-29": {
        "Diluted EPS": 0.12,
        "Total Revenue": 10,
        "Gross Profit": 8,
        "Operating Income": 3,
        "EBIT": 4,
        "Net Income": 2
    },
    "2019-11-30": {
        "Diluted EPS": 0.11,
        "Total Revenue": 9,
        "Gross Profit": 7,
        "Operating Income": 3,
        "EBIT": 3,
        "Net Income": 2
    },
    "2019-08-31": {
        "Diluted EPS": 0.11,
        "Total Revenue": 8,
        "Gross Profit": 6,
        "Operating Income": 2,
        "EBIT": 3,
        "Net Income": 2
    },
    "2019-05-31": {
        "Diluted EPS": 0.16,
        "Total Revenue": 10,
        "Gross Profit": 8,
        "Operating Income": 4,
        "EBIT": 5,
        "Net Income": 3
    },
    "2019-02-28": {
        "Diluted EPS": 0.12,
        "Total Revenue": 8,
        "Gross Profit": 6,
        "Operating Income": 3,
        "EBIT": 3,
        "Net Income": 2
    },
    "2018-11-30": {
        "Diluted EPS": 0.09,
        "Total Revenue": 8,
        "Gross Profit": 5,
        "Operating Income": 2,
        "EBIT": 3,
        "Net Income": 2
    },
    "2018-08-31": {
        "Diluted EPS": 0.08,
        "Total Revenue": 7,
        "Gross Profit": 5,
        "Operating Income": 2,
        "EBIT": 3,
        "Net Income": 1
    },
    "2018-05-31": {
        "Diluted EPS": 0.13,
        "Total Revenue": 9,
        "Gross Profit": 7,
        "Operating Income": 3,
        "EBIT": 4,
        "Net Income": 2
    },
    "2018-02-28": {
        "Diluted EPS": 0.19,
        "Total Revenue": 7,
        "Gross Profit": 5,
        "Operating Income": 2,
        "EBIT": 3,
        "Net Income": 3
    },
    "2017-11-30": {
        "Diluted EPS": 0.1,
        "Total Revenue": 7,
        "Gross Profit": 5,
        "Operating Income": 3,
        "EBIT": 3,
        "Net Income": 2
    },
    "2017-08-31": {
        "Diluted EPS": 0.06,
        "Total Revenue": 6,
        "Gross Profit": 4,
        "Operating Income": 1,
        "EBIT": 2,
        "Net Income": 1
    },
    "2017-05-31": {
        "Diluted EPS": 0.12,
        "Total Revenue": 7,
        "Gross Profit": 5,
        "Operating Income": 3,
        "EBIT": 4,
        "Net Income": 2
    },
    "2017-02-28": {
        "Diluted EPS": 0.07,
        "Total Revenue": 6,
        "Gross Profit": 4,
        "Operating Income": 2,
        "EBIT": 2,
        "Net Income": 1
    },
    "2016-11-30": {
        "Diluted EPS": 0.08,
        "Total Revenue": 5,
        "Gross Profit": 4,
        "Operating Income": 2,
        "EBIT": 2,
        "Net Income": 1
    },
    "2016-08-31": {
        "Diluted EPS": 0.05,
        "Total Revenue": 4,
        "Gross Profit": 3,
        "Operating Income": 1,
        "EBIT": 1,
        "Net Income": 1
    },
    "2016-05-31": {
        "Diluted EPS": 0.11,
        "Total Revenue": 6,
        "Gross Profit": 5,
        "Operating Income": 3,
        "EBIT": 3,
        "Net Income": 2
    },
    "2016-02-29": {
        "Diluted EPS": 0.07,
        "Total Revenue": 5,
        "Gross Profit": 4,
        "Operating Income": 2,
        "EBIT": 2,
        "Net Income": 1
    },
    "2015-11-30": {
        "Diluted EPS": 0.06,
        "Total Revenue": 5,
        "Gross Profit": 4,
        "Operating Income": 2,
        "EBIT": 2,
        "Net Income": 1
    },
    "2015-08-31": {
        "Diluted EPS": 0.03,
        "Total Revenue": 4,
        "Gross Profit": 3,
        "Operating Income": 1,
        "EBIT": 1,
        "Net Income": 0
    },
    "2015-05-31": {
        "Diluted EPS": 0.11,
        "Total Revenue": 6,
        "Gross Profit": 5,
        "Operating Income": 3,
        "EBIT": 3,
        "Net Income": 2
    },
    "2015-02-28": {
        "Diluted EPS": 0.06,
        "Total Revenue": 5,
        "Gross Profit": 3,
        "Operating Income": 1,
        "EBIT": 2,
        "Net Income": 1
    },
    "2014-11-30": {
        "Diluted EPS": 0.03,
        "Total Revenue": 4,
        "Gross Profit": 3,
        "Operating Income": 1,
        "EBIT": 1,
        "Net Income": 1
    },
    "2014-08-31": {
        "Diluted EPS": 0.01,
        "Total Revenue": 2,
        "Gross Profit": 2,
        "Operating Income": 0,
        "EBIT": 1,
        "Net Income": 0
    },
    "2014-05-31": {
        "Diluted EPS": 0.08,
        "Total Revenue": 4,
        "Gross Profit": 4,
        "Operating Income": 2,
        "EBIT": 2,
        "Net Income": 1
    },
    "2014-02-28": {
        "Diluted EPS": 0.05,
        "Total Revenue": 3,
        "Gross Profit": 3,
        "Operating Income": 1,
        "EBIT": 1,
        "Net Income": 1
    },
    "2013-11-30": {
        "Diluted EPS": 0.04,
        "Total Revenue": 3,
        "Gross Profit": 2,
        "Operating Income": 1,
        "EBIT": 1,
        "Net Income": 1
    },
    "2013-08-31": {
        "Diluted EPS": 0.02,
        "Total Revenue": 2,
        "Gross Profit": 1,
        "Operating Income": 0,
        "EBIT": 0,
        "Net Income": 0
    },
    "2013-05-31": {
        "Diluted EPS": 0.06,
        "Total Revenue": 3,
        "Gross Profit": 3,
        "Operating Income": 2,
        "EBIT": 2,
        "Net Income": 1
    },
    "2013-02-28": {
        "Diluted EPS": 0.06,
        "Total Revenue": 3,
        "Gross Profit": 3,
        "Operating Income": 2,
        "EBIT": 2,
        "Net Income": 1
    },
    "2012-11-30": {
        "Diluted EPS": 0.04,
        "Total Revenue": 2,
        "Gross Profit": 2,
        "Operating Income": 1,
        "EBIT": 1,
        "Net Income": 1
    },
    "2012-08-31": {
        "Diluted EPS": 0.03,
        "Total Revenue": 2,
        "Gross Profit": 1,
        "Operating Income": 0,
        "EBIT": 0,
        "Net Income": 0
    },
    "2012-05-31": {
        "Diluted EPS": 0.05,
        "Total Revenue": 3,
        "Gross Profit": 2,
        "Operating Income": 1,
        "EBIT": 1,
        "Net Income": 1
    },
    "2012-02-29": {
        "Diluted EPS": 0.05,
        "Total Revenue": 3,
        "Gross Profit": 2,
        "Operating Income": 1,
        "EBIT": 1,
        "Net Income": 1
    },
    "2011-11-30": {
        "Diluted EPS": 0.06,
        "Total Revenue": 2,
        "Gross Profit": 2,
        "Operating Income": 1,
        "EBIT": 1,
        "Net Income": 1
    },
    "2011-08-31": {
        "Diluted EPS": 0.01,
        "Total Revenue": 2,
        "Gross Profit": 2,
        "Operating Income": 0,
        "EBIT": 1,
        "Net Income": 0
    },
    "2011-05-31": {
        "Diluted EPS": 0.07,
        "Total Revenue": 3,
        "Gross Profit": 2,
        "Operating Income": 1,
        "EBIT": 1,
        "Net Income": 1
    },
    "2011-02-28": {
        "Diluted EPS": 0.05,
        "Total Revenue": 3,
        "Gross Profit": 2,
        "Operating Income": 1,
        "EBIT": 1,
        "Net Income": 1
    },
    "2010-11-30": {
        "Diluted EPS": 0.03,
        "Total Revenue": 2,
        "Gross Profit": 2,
        "Operating Income": 1,
        "EBIT": 1,
        "Net Income": 1
    },
    "2010-08-31": {
        "Diluted EPS": 0.02,
        "Total Revenue": 2,
        "Gross Profit": 2,
        "Operating Income": 0,
        "EBIT": 0,
        "Net Income": 0
    },
    "2010-05-31": {
        "Diluted EPS": 0.04,
        "Total Revenue": 3,
        "Gross Profit": 2,
        "Operating Income": 1,
        "EBIT": 1,
        "Net Income": 1
    },
    "2010-02-28": {
        "Diluted EPS": 0.04,
        "Total Revenue": 3,
        "Gross Profit": 2,
        "Operating Income": 1,
        "EBIT": 1,
        "Net Income": 1
    },
    "2009-11-30": {
        "Diluted EPS": 0.03,
        "Total Revenue": 2,
        "Gross Profit": 2,
        "Operating Income": 1,
        "EBIT": 1,
        "Net Income": 0
    },
    "2009-08-31": {
        "Diluted EPS": 0.01,
        "Total Revenue": 2,
        "Gross Profit": 1,
        "Operating Income": 0,
        "EBIT": 0,
        "Net Income": 0
    },
    "2009-05-31": {
        "Diluted EPS": 0.03,
        "Total Revenue": 3,
        "Gross Profit": 2,
        "Operating Income": 1,
        "EBIT": 1,
        "Net Income": 1
    },
    "2009-02-28": {
        "Diluted EPS": 0.02,
        "Total Revenue": 2,
        "Gross Profit": 2,
        "Operating Income": 1,
        "EBIT": 1,
        "Net Income": 0
    },
    "2023-08-31": {
        "Tax Effect Of Unusual Items": NaN,
        "Tax Rate For Calcs": NaN,
        "Normalized EBITDA": NaN,
        "Total Unusual Items": NaN,
        "Total Unusual Items Excluding Goodwill": NaN,
        "Net Income From Continuing Operation Net Minority Interest": NaN,
        "Reconciled Depreciation": NaN,
        "Reconciled Cost Of Revenue": NaN,
        "EBITDA": NaN,
        "EBIT": NaN,
        "Net Interest Income": NaN,
        "Interest Income": NaN,
        "Normalized Income": NaN,
        "Net Income From Continuing And Discontinued Operation": NaN,
        "Total Expenses": NaN,
        "Total Operating Income As Reported": NaN,
        "Diluted Average Shares": NaN,
        "Basic Average Shares": NaN,
        "Diluted EPS": NaN,
        "Basic EPS": NaN,
        "Diluted NI Availto Com Stockholders": NaN,
        "Net Income Common Stockholders": NaN,
        "Net Income": NaN,
        "Net Income Including Noncontrolling Interests": NaN,
        "Net Income Continuous Operations": NaN,
        "Tax Provision": NaN,
        "Pretax Income": NaN,
        "Other Income Expense": NaN,
        "Special Income Charges": NaN,
        "Gain On Sale Of Ppe": -6000.0,
        "Restructuring And Mergern Acquisition": NaN,
        "Gain On Sale Of Security": NaN,
        "Net Non Operating Interest Income Expense": NaN,
        "Interest Income Non Operating": NaN,
        "Operating Income": NaN,
        "Operating Expense": NaN,
        "Research And Development": NaN,
        "Selling General And Administration": NaN,
        "Selling And Marketing Expense": NaN,
        "General And Administrative Expense": NaN,
        "Other Gand A": NaN,
        "Gross Profit": NaN,
        "Cost Of Revenue": NaN,
        "Total Revenue": NaN,
        "Operating Revenue": NaN
    },
    "2023-11-30": {
        "Tax Effect Of Unusual Items": 29260.0,
        "Tax Rate For Calcs": 0.19,
        "Normalized EBITDA": 1897000.0,
        "Total Unusual Items": 154000.0,
        "Total Unusual Items Excluding Goodwill": 154000.0,
        "Net Income From Continuing Operation Net Minority Interest": 1945000.0,
        "Reconciled Depreciation": 1091000.0,
        "Reconciled Cost Of Revenue": 4652000.0,
        "EBITDA": 2051000.0,
        "EBIT": 960000.0,
        "Net Interest Income": 1292000.0,
        "Interest Income": 1292000.0,
        "Normalized Income": 1820260.0,
        "Net Income From Continuing And Discontinued Operation": 1945000.0,
        "Total Expenses": 13540000.0,
        "Total Operating Income As Reported": 960000.0,
        "Diluted Average Shares": 20279000.0,
        "Basic Average Shares": 19947000.0,
        "Diluted EPS": 0.1,
        "Basic EPS": 0.1,
        "Diluted NI Availto Com Stockholders": 1945000.0,
        "Net Income Common Stockholders": 1945000.0,
        "Net Income": 1945000.0,
        "Net Income Including Noncontrolling Interests": 1945000.0,
        "Net Income Continuous Operations": 1945000.0,
        "Tax Provision": 461000.0,
        "Pretax Income": 2406000.0,
        "Other Income Expense": 154000.0,
        "Special Income Charges": 110000.0,
        "Gain On Sale Of Ppe": NaN,
        "Restructuring And Mergern Acquisition": -110000.0,
        "Gain On Sale Of Security": 44000.0,
        "Net Non Operating Interest Income Expense": 1292000.0,
        "Interest Income Non Operating": 1292000.0,
        "Operating Income": 960000.0,
        "Operating Expense": 8888000.0,
        "Research And Development": 1217000.0,
        "Selling General And Administration": 7671000.0,
        "Selling And Marketing Expense": 1989000.0,
        "General And Administrative Expense": 5682000.0,
        "Other Gand A": 5682000.0,
        "Gross Profit": 9848000.0,
        "Cost Of Revenue": 4652000.0,
        "Total Revenue": 14500000.0,
        "Operating Revenue": 14500000.0
    },
    "2024-02-29": {
        "Tax Effect Of Unusual Items": -123740.0,
        "Tax Rate For Calcs": 0.23,
        "Normalized EBITDA": 6085000.0,
        "Total Unusual Items": -538000.0,
        "Total Unusual Items Excluding Goodwill": -538000.0,
        "Net Income From Continuing Operation Net Minority Interest": 4029000.0,
        "Reconciled Depreciation": 1105000.0,
        "Reconciled Cost Of Revenue": 5084000.0,
        "EBITDA": 5547000.0,
        "EBIT": 4442000.0,
        "Net Interest Income": 1348000.0,
        "Interest Income": 1348000.0,
        "Normalized Income": 4443260.0,
        "Net Income From Continuing And Discontinued Operation": 4029000.0,
        "Total Expenses": 13863000.0,
        "Total Operating Income As Reported": 4442000.0,
        "Diluted Average Shares": 20315000.0,
        "Basic Average Shares": 19975000.0,
        "Diluted EPS": 0.2,
        "Basic EPS": 0.2,
        "Diluted NI Availto Com Stockholders": 4029000.0,
        "Net Income Common Stockholders": 4029000.0,
        "Net Income": 4029000.0,
        "Net Income Including Noncontrolling Interests": 4029000.0,
        "Net Income Continuous Operations": 4029000.0,
        "Tax Provision": 1223000.0,
        "Pretax Income": 5252000.0,
        "Other Income Expense": -538000.0,
        "Special Income Charges": -440000.0,
        "Gain On Sale Of Ppe": NaN,
        "Restructuring And Mergern Acquisition": 440000.0,
        "Gain On Sale Of Security": -98000.0,
        "Net Non Operating Interest Income Expense": 1348000.0,
        "Interest Income Non Operating": 1348000.0,
        "Operating Income": 4442000.0,
        "Operating Expense": 8779000.0,
        "Research And Development": 1312000.0,
        "Selling General And Administration": 7467000.0,
        "Selling And Marketing Expense": 1949000.0,
        "General And Administrative Expense": 5518000.0,
        "Other Gand A": 5518000.0,
        "Gross Profit": 13221000.0,
        "Cost Of Revenue": 5084000.0,
        "Total Revenue": 18305000.0,
        "Operating Revenue": 18305000.0
    },
    "2024-05-31": {
        "Tax Effect Of Unusual Items": 92720.0,
        "Tax Rate For Calcs": 0.19,
        "Normalized EBITDA": 2655000.0,
        "Total Unusual Items": 488000.0,
        "Total Unusual Items Excluding Goodwill": 488000.0,
        "Net Income From Continuing Operation Net Minority Interest": 3137000.0,
        "Reconciled Depreciation": 1263000.0,
        "Reconciled Cost Of Revenue": 5287000.0,
        "EBITDA": 3143000.0,
        "EBIT": 1880000.0,
        "Net Interest Income": 1522000.0,
        "Interest Income": 1522000.0,
        "Normalized Income": 2741720.0,
        "Net Income From Continuing And Discontinued Operation": 3137000.0,
        "Total Expenses": 16664000.0,
        "Total Operating Income As Reported": 1880000.0,
        "Diluted Average Shares": 20433000.0,
        "Basic Average Shares": 19995000.0,
        "Diluted EPS": 0.15,
        "Basic EPS": 0.16,
        "Diluted NI Availto Com Stockholders": 3137000.0,
        "Net Income Common Stockholders": 3137000.0,
        "Net Income": 3137000.0,
        "Net Income Including Noncontrolling Interests": 3137000.0,
        "Net Income Continuous Operations": 3137000.0,
        "Tax Provision": 753000.0,
        "Pretax Income": 3890000.0,
        "Other Income Expense": 488000.0,
        "Special Income Charges": 599000.0,
        "Gain On Sale Of Ppe": NaN,
        "Restructuring And Mergern Acquisition": -599000.0,
        "Gain On Sale Of Security": -111000.0,
        "Net Non Operating Interest Income Expense": 1522000.0,
        "Interest Income Non Operating": 1522000.0,
        "Operating Income": 1880000.0,
        "Operating Expense": 11377000.0,
        "Research And Development": 1300000.0,
        "Selling General And Administration": 10077000.0,
        "Selling And Marketing Expense": 2399000.0,
        "General And Administrative Expense": 7678000.0,
        "Other Gand A": 7678000.0,
        "Gross Profit": 13257000.0,
        "Cost Of Revenue": 5287000.0,
        "Total Revenue": 18544000.0,
        "Operating Revenue": 18544000.0
    },
    "2024-08-31": {
        "Tax Effect Of Unusual Items": 41738.122827,
        "Tax Rate For Calcs": 0.023175,
        "Normalized EBITDA": -746000.0,
        "Total Unusual Items": 1801000.0,
        "Total Unusual Items Excluding Goodwill": 1801000.0,
        "Net Income From Continuing Operation Net Minority Interest": 843000.0,
        "Reconciled Depreciation": 2206000.0,
        "Reconciled Cost Of Revenue": 11839000.0,
        "EBITDA": 1055000.0,
        "EBIT": -1151000.0,
        "Net Interest Income": 213000.0,
        "Interest Income": 213000.0,
        "Normalized Income": -916261.877173,
        "Net Income From Continuing And Discontinued Operation": 843000.0,
        "Total Expenses": 19815000.0,
        "Total Operating Income As Reported": -1151000.0,
        "Diluted Average Shares": NaN,
        "Basic Average Shares": NaN,
        "Diluted EPS": NaN,
        "Basic EPS": NaN,
        "Diluted NI Availto Com Stockholders": 843000.0,
        "Net Income Common Stockholders": 843000.0,
        "Net Income": 843000.0,
        "Net Income Including Noncontrolling Interests": 843000.0,
        "Net Income Continuous Operations": 843000.0,
        "Tax Provision": 20000.0,
        "Pretax Income": 863000.0,
        "Other Income Expense": 1801000.0,
        "Special Income Charges": 1370000.0,
        "Gain On Sale Of Ppe": NaN,
        "Restructuring And Mergern Acquisition": -1370000.0,
        "Gain On Sale Of Security": 431000.0,
        "Net Non Operating Interest Income Expense": 213000.0,
        "Interest Income Non Operating": 213000.0,
        "Operating Income": -1151000.0,
        "Operating Expense": 7976000.0,
        "Research And Development": 1925000.0,
        "Selling General And Administration": 6051000.0,
        "Selling And Marketing Expense": 2578000.0,
        "General And Administrative Expense": 3473000.0,
        "Other Gand A": 3473000.0,
        "Gross Profit": 6825000.0,
        "Cost Of Revenue": 11839000.0,
        "Total Revenue": 18664000.0,
        "Operating Revenue": 18664000.0
    },
    "2024-11-30": {
        "Tax Effect Of Unusual Items": -3600.0,
        "Tax Rate For Calcs": 0.24,
        "Normalized EBITDA": 2406000.0,
        "Total Unusual Items": -15000.0,
        "Total Unusual Items Excluding Goodwill": -15000.0,
        "Net Income From Continuing Operation Net Minority Interest": 206000.0,
        "Reconciled Depreciation": 2265000.0,
        "Reconciled Cost Of Revenue": 8706000.0,
        "EBITDA": 2391000.0,
        "EBIT": 126000.0,
        "Net Interest Income": 159000.0,
        "Interest Income": 159000.0,
        "Normalized Income": 217400.0,
        "Net Income From Continuing And Discontinued Operation": 206000.0,
        "Total Expenses": 18798000.0,
        "Total Operating Income As Reported": 126000.0,
        "Diluted Average Shares": 20266000.0,
        "Basic Average Shares": 20068000.0,
        "Diluted EPS": 0.01,
        "Basic EPS": 0.01,
        "Diluted NI Availto Com Stockholders": 206000.0,
        "Net Income Common Stockholders": 206000.0,
        "Net Income": 206000.0,
        "Net Income Including Noncontrolling Interests": 206000.0,
        "Net Income Continuous Operations": 206000.0,
        "Tax Provision": 64000.0,
        "Pretax Income": 270000.0,
        "Other Income Expense": -15000.0,
        "Special Income Charges": 0.0,
        "Gain On Sale Of Ppe": NaN,
        "Restructuring And Mergern Acquisition": 0.0,
        "Gain On Sale Of Security": -15000.0,
        "Net Non Operating Interest Income Expense": 159000.0,
        "Interest Income Non Operating": 159000.0,
        "Operating Income": 126000.0,
        "Operating Expense": 10092000.0,
        "Research And Development": 1848000.0,
        "Selling General And Administration": 8244000.0,
        "Selling And Marketing Expense": 2851000.0,
        "General And Administrative Expense": 5393000.0,
        "Other Gand A": 5393000.0,
        "Gross Profit": 10218000.0,
        "Cost Of Revenue": 8706000.0,
        "Total Revenue": 18924000.0,
        "Operating Revenue": 18924000.0
    }
}