{
    "2023-03-31": {
        "Tax Effect Of Unusual Items": 0.0,
        "Tax Rate For Calcs": 0.0,
        "Normalized EBITDA": -5418994.0,
        "Total Unusual Items": NaN,
        "Total Unusual Items Excluding Goodwill": NaN,
        "Net Income From Continuing Operation Net Minority Interest": -5340773.0,
        "Reconciled Depreciation": 1669.0,
        "EBITDA": -5418994.0,
        "EBIT": -5420663.0,
        "Net Interest Income": 79890.0,
        "Interest Income": 79890.0,
        "Normalized Income": -5340773.0,
        "Net Income From Continuing And Discontinued Operation": -5340773.0,
        "Total Expenses": 5420663.0,
        "Total Operating Income As Reported": NaN,
        "Diluted Average Shares": 2391964.0,
        "Basic Average Shares": 2391964.0,
        "Diluted EPS": -2.23,
        "Basic EPS": -2.23,
        "Diluted NI Availto Com Stockholders": -5340773.0,
        "Net Income Common Stockholders": -5340773.0,
        "Net Income": -5340773.0,
        "Net Income Including Noncontrolling Interests": -5340773.0,
        "Net Income Continuous Operations": -5340773.0,
        "Pretax Income": -5340773.0,
        "Other Income Expense": NaN,
        "Special Income Charges": NaN,
        "Impairment Of Capital Assets": NaN,
        "Gain On Sale Of Security": NaN,
        "Net Non Operating Interest Income Expense": 79890.0,
        "Total Other Finance Cost": NaN,
        "Interest Income Non Operating": 79890.0,
        "Operating Income": -5420663.0,
        "Operating Expense": 5420663.0,
        "Research And Development": 3725588.0,
        "Selling General And Administration": 1695075.0,
        "General And Administrative Expense": 1695075.0,
        "Other Gand A": 1695075.0,
        "Total Revenue": 0.0,
        "Operating Revenue": 0.0
    },
    "2022-12-31": {
        "Tax Effect Of Unusual Items": NaN,
        "Tax Rate For Calcs": NaN,
        "Normalized EBITDA": NaN,
        "Total Unusual Items": 1884.0,
        "Total Unusual Items Excluding Goodwill": 1884.0,
        "Net Income From Continuing Operation Net Minority Interest": NaN,
        "Reconciled Depreciation": NaN,
        "EBITDA": NaN,
        "EBIT": NaN,
        "Net Interest Income": NaN,
        "Interest Income": NaN,
        "Normalized Income": NaN,
        "Net Income From Continuing And Discontinued Operation": NaN,
        "Total Expenses": NaN,
        "Total Operating Income As Reported": NaN,
        "Diluted Average Shares": NaN,
        "Basic Average Shares": NaN,
        "Diluted EPS": NaN,
        "Basic EPS": NaN,
        "Diluted NI Availto Com Stockholders": NaN,
        "Net Income Common Stockholders": NaN,
        "Net Income": NaN,
        "Net Income Including Noncontrolling Interests": NaN,
        "Net Income Continuous Operations": NaN,
        "Pretax Income": NaN,
        "Other Income Expense": 1884.0,
        "Special Income Charges": 0.0,
        "Impairment Of Capital Assets": 0.0,
        "Gain On Sale Of Security": 1884.0,
        "Net Non Operating Interest Income Expense": NaN,
        "Total Other Finance Cost": NaN,
        "Interest Income Non Operating": NaN,
        "Operating Income": NaN,
        "Operating Expense": NaN,
        "Research And Development": NaN,
        "Selling General And Administration": NaN,
        "General And Administrative Expense": NaN,
        "Other Gand A": NaN,
        "Total Revenue": NaN,
        "Operating Revenue": NaN
    },
    "2022-09-30": {
        "Tax Effect Of Unusual Items": NaN,
        "Tax Rate For Calcs": NaN,
        "Normalized EBITDA": NaN,
        "Total Unusual Items": -8865909.0,
        "Total Unusual Items Excluding Goodwill": -8865909.0,
        "Net Income From Continuing Operation Net Minority Interest": NaN,
        "Reconciled Depreciation": NaN,
        "EBITDA": NaN,
        "EBIT": NaN,
        "Net Interest Income": NaN,
        "Interest Income": 78607.0,
        "Normalized Income": NaN,
        "Net Income From Continuing And Discontinued Operation": NaN,
        "Total Expenses": NaN,
        "Total Operating Income As Reported": NaN,
        "Diluted Average Shares": 2247753.0,
        "Basic Average Shares": 2247753.0,
        "Diluted EPS": -6.41,
        "Basic EPS": -6.41,
        "Diluted NI Availto Com Stockholders": NaN,
        "Net Income Common Stockholders": NaN,
        "Net Income": NaN,
        "Net Income Including Noncontrolling Interests": NaN,
        "Net Income Continuous Operations": NaN,
        "Pretax Income": NaN,
        "Other Income Expense": -8865909.0,
        "Special Income Charges": -8865909.0,
        "Impairment Of Capital Assets": 8865909.0,
        "Gain On Sale Of Security": 335.0,
        "Net Non Operating Interest Income Expense": NaN,
        "Total Other Finance Cost": -78272.0,
        "Interest Income Non Operating": 78607.0,
        "Operating Income": NaN,
        "Operating Expense": NaN,
        "Research And Development": NaN,
        "Selling General And Administration": NaN,
        "General And Administrative Expense": NaN,
        "Other Gand A": NaN,
        "Total Revenue": NaN,
        "Operating Revenue": NaN
    },
    "2022-06-30": {
        "Tax Effect Of Unusual Items": 0.0,
        "Tax Rate For Calcs": 0.0,
        "Normalized EBITDA": -4764394.0,
        "Total Unusual Items": 6427.0,
        "Total Unusual Items Excluding Goodwill": 6427.0,
        "Net Income From Continuing Operation Net Minority Interest": -4718338.0,
        "Reconciled Depreciation": -1457.0,
        "EBITDA": -4757967.0,
        "EBIT": -4757967.0,
        "Net Interest Income": 33202.0,
        "Interest Income": NaN,
        "Normalized Income": -4724765.0,
        "Net Income From Continuing And Discontinued Operation": -4718338.0,
        "Total Expenses": 4757967.0,
        "Total Operating Income As Reported": -4757967.0,
        "Diluted Average Shares": 2140899.0,
        "Basic Average Shares": 2140899.0,
        "Diluted EPS": -2.2,
        "Basic EPS": -2.2,
        "Diluted NI Availto Com Stockholders": -4718338.0,
        "Net Income Common Stockholders": -4718338.0,
        "Net Income": -4718338.0,
        "Net Income Including Noncontrolling Interests": -4718338.0,
        "Net Income Continuous Operations": -4718338.0,
        "Pretax Income": -4718338.0,
        "Other Income Expense": 6427.0,
        "Special Income Charges": NaN,
        "Impairment Of Capital Assets": NaN,
        "Gain On Sale Of Security": 6427.0,
        "Net Non Operating Interest Income Expense": 33202.0,
        "Total Other Finance Cost": -33202.0,
        "Interest Income Non Operating": NaN,
        "Operating Income": -4757967.0,
        "Operating Expense": 4757967.0,
        "Research And Development": 2921572.0,
        "Selling General And Administration": 1836395.0,
        "General And Administrative Expense": 1836395.0,
        "Other Gand A": 1836395.0,
        "Total Revenue": 0.0,
        "Operating Revenue": 0.0
    },
    "2022-03-31": {
        "Diluted EPS": -3.3,
        "Total Revenue": NaN,
        "Gross Profit": NaN,
        "Operating Income": -6,
        "EBIT": -6,
        "Net Income": -6
    },
    "2021-12-31": {
        "Diluted EPS": -2.38,
        "Total Revenue": 0,
        "Gross Profit": 0,
        "Operating Income": -4,
        "EBIT": -4,
        "Net Income": -4
    },
    "2021-09-30": {
        "Diluted EPS": -2.09,
        "Total Revenue": NaN,
        "Gross Profit": NaN,
        "Operating Income": -4,
        "EBIT": -4,
        "Net Income": -4
    },
    "2021-06-30": {
        "Diluted EPS": -1.75,
        "Total Revenue": 1,
        "Gross Profit": 1,
        "Operating Income": -3,
        "EBIT": -3,
        "Net Income": -3
    },
    "2021-03-31": {
        "Diluted EPS": -1.5,
        "Total Revenue": 1,
        "Gross Profit": 1,
        "Operating Income": -2,
        "EBIT": -2,
        "Net Income": -2
    },
    "2020-12-31": {
        "Diluted EPS": -1.25,
        "Total Revenue": 1,
        "Gross Profit": 1,
        "Operating Income": -2,
        "EBIT": -2,
        "Net Income": -2
    },
    "2020-09-30": {
        "Diluted EPS": -2.5,
        "Total Revenue": 1,
        "Gross Profit": 1,
        "Operating Income": -2,
        "EBIT": -2,
        "Net Income": -2
    },
    "2020-06-30": {
        "Diluted EPS": -3.25,
        "Total Revenue": 1,
        "Gross Profit": 1,
        "Operating Income": -2,
        "EBIT": -2,
        "Net Income": -2
    },
    "2020-03-31": {
        "Diluted EPS": -5.5,
        "Total Revenue": 1,
        "Gross Profit": 1,
        "Operating Income": -2,
        "EBIT": -2,
        "Net Income": -2
    },
    "2019-12-31": {
        "Diluted EPS": -11.25,
        "Total Revenue": 1,
        "Gross Profit": 1,
        "Operating Income": -2,
        "EBIT": -2,
        "Net Income": -2
    },
    "2019-09-30": {
        "Diluted EPS": -18.25,
        "Total Revenue": 1,
        "Gross Profit": 1,
        "Operating Income": -4,
        "EBIT": -4,
        "Net Income": -3
    },
    "2019-06-30": {
        "Diluted EPS": -7.5,
        "Total Revenue": 1,
        "Gross Profit": 1,
        "Operating Income": -1,
        "EBIT": -1,
        "Net Income": -1
    },
    "2019-03-31": {
        "Diluted EPS": -16.0,
        "Total Revenue": 1,
        "Gross Profit": 1,
        "Operating Income": -2,
        "EBIT": -1,
        "Net Income": -2
    },
    "2018-12-31": {
        "Diluted EPS": 576.0,
        "Total Revenue": 1,
        "Gross Profit": 1,
        "Operating Income": 16,
        "EBIT": 16,
        "Net Income": 16
    },
    "2018-09-30": {
        "Diluted EPS": -5.0,
        "Total Revenue": 0,
        "Gross Profit": 0,
        "Operating Income": 0,
        "EBIT": 0,
        "Net Income": 0
    },
    "2018-06-30": {
        "Diluted EPS": -312.5,
        "Total Revenue": 0,
        "Gross Profit": 0,
        "Operating Income": -9,
        "EBIT": -9,
        "Net Income": -9
    },
    "2018-03-31": {
        "Diluted EPS": -287.5,
        "Total Revenue": 0,
        "Gross Profit": 0,
        "Operating Income": -8,
        "EBIT": -8,
        "Net Income": -8
    },
    "2017-12-31": {
        "Diluted EPS": -281.25,
        "Total Revenue": 0,
        "Gross Profit": 0,
        "Operating Income": -8,
        "EBIT": -8,
        "Net Income": -8
    },
    "2017-09-30": {
        "Diluted EPS": -337.5,
        "Total Revenue": 0,
        "Gross Profit": 0,
        "Operating Income": -9,
        "EBIT": -9,
        "Net Income": -9
    },
    "2017-06-30": {
        "Diluted EPS": -318.75,
        "Total Revenue": 0,
        "Gross Profit": 0,
        "Operating Income": -9,
        "EBIT": -9,
        "Net Income": -9
    },
    "2017-03-31": {
        "Diluted EPS": -306.25,
        "Total Revenue": 0,
        "Gross Profit": 0,
        "Operating Income": -8,
        "EBIT": -8,
        "Net Income": -8
    },
    "2016-12-31": {
        "Diluted EPS": -287.5,
        "Total Revenue": 0,
        "Gross Profit": 0,
        "Operating Income": -8,
        "EBIT": -8,
        "Net Income": -8
    },
    "2016-09-30": {
        "Diluted EPS": -406.25,
        "Total Revenue": 1,
        "Gross Profit": 0,
        "Operating Income": -11,
        "EBIT": -11,
        "Net Income": -11
    },
    "2016-06-30": {
        "Diluted EPS": -443.75,
        "Total Revenue": 0,
        "Gross Profit": 0,
        "Operating Income": -11,
        "EBIT": -11,
        "Net Income": -11
    },
    "2016-03-31": {
        "Diluted EPS": -381.25,
        "Total Revenue": NaN,
        "Gross Profit": 0,
        "Operating Income": -10,
        "EBIT": -10,
        "Net Income": -10
    },
    "2015-12-31": {
        "Diluted EPS": -306.25,
        "Total Revenue": NaN,
        "Gross Profit": NaN,
        "Operating Income": -8,
        "EBIT": -8,
        "Net Income": -8
    },
    "2015-09-30": {
        "Diluted EPS": -331.25,
        "Total Revenue": NaN,
        "Gross Profit": NaN,
        "Operating Income": -8,
        "EBIT": -8,
        "Net Income": -8
    },
    "2015-06-30": {
        "Diluted EPS": -293.75,
        "Total Revenue": NaN,
        "Gross Profit": NaN,
        "Operating Income": -7,
        "EBIT": -7,
        "Net Income": -7
    },
    "2015-03-31": {
        "Diluted EPS": -368.75,
        "Total Revenue": NaN,
        "Gross Profit": NaN,
        "Operating Income": -6,
        "EBIT": -6,
        "Net Income": -6
    },
    "2014-12-31": {
        "Diluted EPS": NaN,
        "Total Revenue": NaN,
        "Gross Profit": NaN,
        "Operating Income": NaN,
        "EBIT": 0,
        "Net Income": -4
    },
    "2014-09-30": {
        "Diluted EPS": -693.75,
        "Total Revenue": NaN,
        "Gross Profit": NaN,
        "Operating Income": -2,
        "EBIT": -2,
        "Net Income": -2
    },
    "2014-06-30": {
        "Diluted EPS": -887.5,
        "Total Revenue": NaN,
        "Gross Profit": NaN,
        "Operating Income": -2,
        "EBIT": -2,
        "Net Income": -2
    },
    "2014-03-31": {
        "Diluted EPS": -43.75,
        "Total Revenue": NaN,
        "Gross Profit": NaN,
        "Operating Income": NaN,
        "EBIT": NaN,
        "Net Income": 0
    },
    "2023-06-30": {
        "Tax Effect Of Unusual Items": 0.0,
        "Tax Rate For Calcs": 0.0,
        "Normalized EBITDA": -3969726.0,
        "Total Unusual Items": NaN,
        "Total Unusual Items Excluding Goodwill": NaN,
        "Net Income From Continuing Operation Net Minority Interest": -3877308.0,
        "Reconciled Depreciation": 1669.0,
        "EBITDA": -3969726.0,
        "EBIT": -3971395.0,
        "Net Interest Income": 94087.0,
        "Interest Income": NaN,
        "Normalized Income": -3877308.0,
        "Net Income From Continuing And Discontinued Operation": -3877308.0,
        "Total Expenses": 3971395.0,
        "Total Operating Income As Reported": -3971395.0,
        "Diluted Average Shares": 2709104.0,
        "Basic Average Shares": 2709104.0,
        "Diluted EPS": -1.43,
        "Basic EPS": -1.43,
        "Diluted NI Availto Com Stockholders": -3877308.0,
        "Net Income Common Stockholders": -3877308.0,
        "Net Income": -3877308.0,
        "Net Income Including Noncontrolling Interests": -3877308.0,
        "Net Income Continuous Operations": -3877308.0,
        "Pretax Income": -3877308.0,
        "Other Income Expense": NaN,
        "Special Income Charges": NaN,
        "Impairment Of Capital Assets": NaN,
        "Gain On Sale Of Security": NaN,
        "Net Non Operating Interest Income Expense": 94087.0,
        "Total Other Finance Cost": -94087.0,
        "Interest Income Non Operating": NaN,
        "Operating Income": -3971395.0,
        "Operating Expense": 3971395.0,
        "Research And Development": 2351852.0,
        "Selling General And Administration": 1619543.0,
        "General And Administrative Expense": 1619543.0,
        "Other Gand A": 1619543.0,
        "Total Revenue": 0.0,
        "Operating Revenue": 0.0
    },
    "2023-09-30": {
        "Tax Effect Of Unusual Items": 0.0,
        "Tax Rate For Calcs": 0.0,
        "Normalized EBITDA": -2526577.0,
        "Total Unusual Items": 0.0,
        "Total Unusual Items Excluding Goodwill": 0.0,
        "Net Income From Continuing Operation Net Minority Interest": -2442816.0,
        "Reconciled Depreciation": 5608.0,
        "EBITDA": -2526577.0,
        "EBIT": -2532185.0,
        "Net Interest Income": 89369.0,
        "Interest Income": 89369.0,
        "Normalized Income": -2442816.0,
        "Net Income From Continuing And Discontinued Operation": -2442816.0,
        "Total Expenses": 2532185.0,
        "Total Operating Income As Reported": NaN,
        "Diluted Average Shares": 3754028.0,
        "Basic Average Shares": 3754028.0,
        "Diluted EPS": -0.65,
        "Basic EPS": -0.65,
        "Diluted NI Availto Com Stockholders": -2442816.0,
        "Net Income Common Stockholders": -2442816.0,
        "Net Income": -2442816.0,
        "Net Income Including Noncontrolling Interests": -2442816.0,
        "Net Income Continuous Operations": -2442816.0,
        "Pretax Income": -2442816.0,
        "Other Income Expense": NaN,
        "Special Income Charges": 0.0,
        "Impairment Of Capital Assets": 0.0,
        "Gain On Sale Of Security": NaN,
        "Net Non Operating Interest Income Expense": 89369.0,
        "Total Other Finance Cost": NaN,
        "Interest Income Non Operating": 89369.0,
        "Operating Income": -2532185.0,
        "Operating Expense": 2532185.0,
        "Research And Development": 1036354.0,
        "Selling General And Administration": 1495831.0,
        "General And Administrative Expense": 1495831.0,
        "Other Gand A": 1495831.0,
        "Total Revenue": 0.0,
        "Operating Revenue": 0.0
    },
    "2023-12-31": {
        "Tax Effect Of Unusual Items": 0.0,
        "Tax Rate For Calcs": 0.0,
        "Normalized EBITDA": -969596.0,
        "Total Unusual Items": 0.0,
        "Total Unusual Items Excluding Goodwill": 0.0,
        "Net Income From Continuing Operation Net Minority Interest": -881796.0,
        "Reconciled Depreciation": 1105.0,
        "EBITDA": -969596.0,
        "EBIT": -970701.0,
        "Net Interest Income": 88905.0,
        "Interest Income": 88905.0,
        "Normalized Income": -881796.0,
        "Net Income From Continuing And Discontinued Operation": -881796.0,
        "Total Expenses": 970701.0,
        "Total Operating Income As Reported": NaN,
        "Diluted Average Shares": NaN,
        "Basic Average Shares": NaN,
        "Diluted EPS": NaN,
        "Basic EPS": NaN,
        "Diluted NI Availto Com Stockholders": -881796.0,
        "Net Income Common Stockholders": -881796.0,
        "Net Income": -881796.0,
        "Net Income Including Noncontrolling Interests": -881796.0,
        "Net Income Continuous Operations": -881796.0,
        "Pretax Income": -881796.0,
        "Other Income Expense": NaN,
        "Special Income Charges": 0.0,
        "Impairment Of Capital Assets": 0.0,
        "Gain On Sale Of Security": NaN,
        "Net Non Operating Interest Income Expense": 88905.0,
        "Total Other Finance Cost": NaN,
        "Interest Income Non Operating": 88905.0,
        "Operating Income": -970701.0,
        "Operating Expense": 970701.0,
        "Research And Development": 59953.0,
        "Selling General And Administration": 910748.0,
        "General And Administrative Expense": 910748.0,
        "Other Gand A": 910748.0,
        "Total Revenue": 0.0,
        "Operating Revenue": 0.0
    },
    "2024-03-31": {
        "Tax Effect Of Unusual Items": 0.0,
        "Tax Rate For Calcs": 0.0,
        "Normalized EBITDA": -1770508.0,
        "Total Unusual Items": NaN,
        "Total Unusual Items Excluding Goodwill": NaN,
        "Net Income From Continuing Operation Net Minority Interest": -1715290.0,
        "Reconciled Depreciation": 1107.0,
        "EBITDA": -1770508.0,
        "EBIT": -1771615.0,
        "Net Interest Income": 56325.0,
        "Interest Income": 56325.0,
        "Normalized Income": -1715290.0,
        "Net Income From Continuing And Discontinued Operation": -1715290.0,
        "Total Expenses": 1771615.0,
        "Total Operating Income As Reported": NaN,
        "Diluted Average Shares": 4194609.0,
        "Basic Average Shares": 4194609.0,
        "Diluted EPS": -0.41,
        "Basic EPS": -0.41,
        "Diluted NI Availto Com Stockholders": -1715290.0,
        "Net Income Common Stockholders": -1715290.0,
        "Net Income": -1715290.0,
        "Net Income Including Noncontrolling Interests": -1715290.0,
        "Net Income Continuous Operations": -1715290.0,
        "Pretax Income": -1715290.0,
        "Other Income Expense": NaN,
        "Special Income Charges": NaN,
        "Impairment Of Capital Assets": NaN,
        "Gain On Sale Of Security": NaN,
        "Net Non Operating Interest Income Expense": 56325.0,
        "Total Other Finance Cost": NaN,
        "Interest Income Non Operating": 56325.0,
        "Operating Income": -1771615.0,
        "Operating Expense": 1771615.0,
        "Research And Development": 243002.0,
        "Selling General And Administration": 1528613.0,
        "General And Administrative Expense": 1528613.0,
        "Other Gand A": 1528613.0,
        "Total Revenue": 0.0,
        "Operating Revenue": 0.0
    }
}