{
    "2023-03-31": {
        "Tax Effect Of Unusual Items": 11189722.0,
        "Tax Rate For Calcs": 0.218,
        "Normalized EBITDA": 379377000.0,
        "Total Unusual Items": 51329000.0,
        "Total Unusual Items Excluding Goodwill": 51329000.0,
        "Net Income From Continuing Operation Net Minority Interest": 198552000.0,
        "Reconciled Depreciation": 154189000.0,
        "Reconciled Cost Of Revenue": 296537000.0,
        "EBITDA": 430706000.0,
        "EBIT": 276517000.0,
        "Net Interest Income": -17757000.0,
        "Interest Expense": 22459000.0,
        "Interest Income": 4702000.0,
        "Normalized Income": 158412722.0,
        "Net Income From Continuing And Discontinued Operation": 198552000.0,
        "Total Expenses": 350060000.0,
        "Total Operating Income As Reported": 272047000.0,
        "Diluted Average Shares": 122294000.0,
        "Basic Average Shares": 121671000.0,
        "Diluted EPS": 1.62,
        "Basic EPS": 1.63,
        "Diluted NI Availto Com Stockholders": 198552000.0,
        "Net Income Common Stockholders": 198552000.0,
        "Net Income": 198552000.0,
        "Net Income Including Noncontrolling Interests": 198552000.0,
        "Net Income Continuous Operations": 198552000.0,
        "Tax Provision": 55506000.0,
        "Pretax Income": 254058000.0,
        "Other Income Expense": 51097000.0,
        "Other Non Operating Income Expenses": -232000.0,
        "Special Income Charges": NaN,
        "Other Special Charges": NaN,
        "Impairment Of Capital Assets": NaN,
        "Gain On Sale Of Security": 51329000.0,
        "Net Non Operating Interest Income Expense": -17757000.0,
        "Interest Expense Non Operating": 22459000.0,
        "Interest Income Non Operating": 4702000.0,
        "Operating Income": 220718000.0,
        "Operating Expense": 53523000.0,
        "Other Operating Expenses": 25854000.0,
        "Selling General And Administration": 27669000.0,
        "General And Administrative Expense": 27669000.0,
        "Other Gand A": 27669000.0,
        "Gross Profit": 274241000.0,
        "Cost Of Revenue": 296537000.0,
        "Total Revenue": 570778000.0,
        "Operating Revenue": 570778000.0
    },
    "2022-12-31": {
        "Tax Effect Of Unusual Items": NaN,
        "Tax Rate For Calcs": NaN,
        "Normalized EBITDA": NaN,
        "Total Unusual Items": NaN,
        "Total Unusual Items Excluding Goodwill": NaN,
        "Net Income From Continuing Operation Net Minority Interest": NaN,
        "Reconciled Depreciation": NaN,
        "Reconciled Cost Of Revenue": NaN,
        "EBITDA": NaN,
        "EBIT": NaN,
        "Net Interest Income": NaN,
        "Interest Expense": NaN,
        "Interest Income": NaN,
        "Normalized Income": NaN,
        "Net Income From Continuing And Discontinued Operation": NaN,
        "Total Expenses": NaN,
        "Total Operating Income As Reported": NaN,
        "Diluted Average Shares": NaN,
        "Basic Average Shares": NaN,
        "Diluted EPS": NaN,
        "Basic EPS": NaN,
        "Diluted NI Availto Com Stockholders": NaN,
        "Net Income Common Stockholders": NaN,
        "Net Income": NaN,
        "Net Income Including Noncontrolling Interests": NaN,
        "Net Income Continuous Operations": NaN,
        "Tax Provision": NaN,
        "Pretax Income": NaN,
        "Other Income Expense": NaN,
        "Other Non Operating Income Expenses": NaN,
        "Special Income Charges": -1002000.0,
        "Other Special Charges": 0.0,
        "Impairment Of Capital Assets": 1002000.0,
        "Gain On Sale Of Security": NaN,
        "Net Non Operating Interest Income Expense": NaN,
        "Interest Expense Non Operating": NaN,
        "Interest Income Non Operating": NaN,
        "Operating Income": NaN,
        "Operating Expense": NaN,
        "Other Operating Expenses": NaN,
        "Selling General And Administration": NaN,
        "General And Administrative Expense": NaN,
        "Other Gand A": NaN,
        "Gross Profit": NaN,
        "Cost Of Revenue": NaN,
        "Total Revenue": NaN,
        "Operating Revenue": NaN
    },
    "2022-09-30": {
        "Tax Effect Of Unusual Items": NaN,
        "Tax Rate For Calcs": NaN,
        "Normalized EBITDA": NaN,
        "Total Unusual Items": NaN,
        "Total Unusual Items Excluding Goodwill": NaN,
        "Net Income From Continuing Operation Net Minority Interest": NaN,
        "Reconciled Depreciation": NaN,
        "Reconciled Cost Of Revenue": NaN,
        "EBITDA": NaN,
        "EBIT": NaN,
        "Net Interest Income": NaN,
        "Interest Expense": NaN,
        "Interest Income": 1546000.0,
        "Normalized Income": NaN,
        "Net Income From Continuing And Discontinued Operation": NaN,
        "Total Expenses": NaN,
        "Total Operating Income As Reported": NaN,
        "Diluted Average Shares": NaN,
        "Basic Average Shares": NaN,
        "Diluted EPS": NaN,
        "Basic EPS": NaN,
        "Diluted NI Availto Com Stockholders": NaN,
        "Net Income Common Stockholders": NaN,
        "Net Income": NaN,
        "Net Income Including Noncontrolling Interests": NaN,
        "Net Income Continuous Operations": NaN,
        "Tax Provision": NaN,
        "Pretax Income": NaN,
        "Other Income Expense": NaN,
        "Other Non Operating Income Expenses": NaN,
        "Special Income Charges": 0.0,
        "Other Special Charges": NaN,
        "Impairment Of Capital Assets": 1077000.0,
        "Gain On Sale Of Security": NaN,
        "Net Non Operating Interest Income Expense": NaN,
        "Interest Expense Non Operating": NaN,
        "Interest Income Non Operating": 1546000.0,
        "Operating Income": NaN,
        "Operating Expense": NaN,
        "Other Operating Expenses": NaN,
        "Selling General And Administration": NaN,
        "General And Administrative Expense": NaN,
        "Other Gand A": NaN,
        "Gross Profit": NaN,
        "Cost Of Revenue": NaN,
        "Total Revenue": NaN,
        "Operating Revenue": NaN
    },
    "2022-06-30": {
        "Tax Effect Of Unusual Items": -37173000.372992,
        "Tax Rate For Calcs": 0.211389,
        "Normalized EBITDA": 776366000.0,
        "Total Unusual Items": -175851000.0,
        "Total Unusual Items Excluding Goodwill": -175851000.0,
        "Net Income From Continuing Operation Net Minority Interest": 323485000.0,
        "Reconciled Depreciation": 154823000.0,
        "Reconciled Cost Of Revenue": 320416000.0,
        "EBITDA": 600515000.0,
        "EBIT": 445692000.0,
        "Net Interest Income": -35496000.0,
        "Interest Expense": 35496000.0,
        "Normalized Income": 462162999.627008,
        "Net Income From Continuing And Discontinued Operation": 323485000.0,
        "Total Expenses": 368946000.0,
        "Total Operating Income As Reported": 512806000.0,
        "Diluted Average Shares": 124343000.0,
        "Basic Average Shares": 121910000.0,
        "Diluted EPS": 2.6,
        "Basic EPS": 2.65,
        "Diluted NI Availto Com Stockholders": 323485000.0,
        "Net Income Common Stockholders": 323485000.0,
        "Net Income": 323485000.0,
        "Net Income Including Noncontrolling Interests": 323485000.0,
        "Net Income Continuous Operations": 323485000.0,
        "Tax Provision": 86711000.0,
        "Pretax Income": 410196000.0,
        "Other Income Expense": -175739000.0,
        "Other Non Operating Income Expenses": 112000.0,
        "Special Income Charges": -71615000.0,
        "Other Special Charges": 67226000.0,
        "Impairment Of Capital Assets": 4389000.0,
        "Gain On Sale Of Security": -104236000.0,
        "Net Non Operating Interest Income Expense": -35496000.0,
        "Interest Expense Non Operating": 35496000.0,
        "Operating Income": 621431000.0,
        "Operating Expense": 48530000.0,
        "Other Operating Expenses": 20239000.0,
        "Selling General And Administration": 28291000.0,
        "General And Administrative Expense": 28291000.0,
        "Other Gand A": 28291000.0,
        "Gross Profit": 669961000.0,
        "Cost Of Revenue": 320416000.0,
        "Total Revenue": 990377000.0,
        "Operating Revenue": 990377000.0
    },
    "2023-06-30": {
        "Tax Effect Of Unusual Items": 2556606.0,
        "Tax Rate For Calcs": 0.219,
        "Normalized EBITDA": 360272000.0,
        "Total Unusual Items": 11674000.0,
        "Total Unusual Items Excluding Goodwill": 11674000.0,
        "Net Income From Continuing Operation Net Minority Interest": 149874000.0,
        "Reconciled Depreciation": 157832000.0,
        "Reconciled Cost Of Revenue": 303420000.0,
        "EBITDA": 371946000.0,
        "EBIT": 214114000.0,
        "Net Interest Income": -22148000.0,
        "Interest Expense": 22148000.0,
        "Interest Income": NaN,
        "Normalized Income": 140756606.0,
        "Net Income From Continuing And Discontinued Operation": 149874000.0,
        "Total Expenses": 348878000.0,
        "Total Operating Income As Reported": 209351000.0,
        "Diluted Average Shares": 120074000.0,
        "Basic Average Shares": 119408000.0,
        "Diluted EPS": 1.25,
        "Basic EPS": 1.26,
        "Diluted NI Availto Com Stockholders": 149874000.0,
        "Net Income Common Stockholders": 149874000.0,
        "Net Income": 149874000.0,
        "Net Income Including Noncontrolling Interests": 149874000.0,
        "Net Income Continuous Operations": 149874000.0,
        "Tax Provision": 42092000.0,
        "Pretax Income": 191966000.0,
        "Other Income Expense": 16437000.0,
        "Other Non Operating Income Expenses": 4763000.0,
        "Special Income Charges": 0.0,
        "Other Special Charges": NaN,
        "Impairment Of Capital Assets": NaN,
        "Gain On Sale Of Security": 11674000.0,
        "Net Non Operating Interest Income Expense": -22148000.0,
        "Interest Expense Non Operating": 22148000.0,
        "Interest Income Non Operating": NaN,
        "Operating Income": 197677000.0,
        "Operating Expense": 45458000.0,
        "Other Operating Expenses": 17958000.0,
        "Selling General And Administration": 27500000.0,
        "General And Administrative Expense": 27500000.0,
        "Other Gand A": 27500000.0,
        "Gross Profit": 243135000.0,
        "Cost Of Revenue": 303420000.0,
        "Total Revenue": 546555000.0,
        "Operating Revenue": 546555000.0
    },
    "2023-09-30": {
        "Tax Effect Of Unusual Items": -15824550.0,
        "Tax Rate For Calcs": 0.21,
        "Normalized EBITDA": 464178000.0,
        "Total Unusual Items": -75355000.0,
        "Total Unusual Items Excluding Goodwill": -75355000.0,
        "Net Income From Continuing Operation Net Minority Interest": 222343000.0,
        "Reconciled Depreciation": 189353000.0,
        "Reconciled Cost Of Revenue": 327617000.0,
        "EBITDA": 388823000.0,
        "EBIT": 199470000.0,
        "Net Interest Income": -19000000.0,
        "Interest Expense": 23106000.0,
        "Interest Income": 4106000.0,
        "Normalized Income": 281873450.0,
        "Net Income From Continuing And Discontinued Operation": 222343000.0,
        "Total Expenses": 368747000.0,
        "Total Operating Income As Reported": 195597000.0,
        "Diluted Average Shares": 118328000.0,
        "Basic Average Shares": 117823000.0,
        "Diluted EPS": 1.88,
        "Basic EPS": 1.89,
        "Diluted NI Availto Com Stockholders": 222343000.0,
        "Net Income Common Stockholders": 222343000.0,
        "Net Income": 222343000.0,
        "Net Income Including Noncontrolling Interests": 222343000.0,
        "Net Income Continuous Operations": 222343000.0,
        "Tax Provision": -45979000.0,
        "Pretax Income": 176364000.0,
        "Other Income Expense": -75588000.0,
        "Other Non Operating Income Expenses": -233000.0,
        "Special Income Charges": 0.0,
        "Other Special Charges": NaN,
        "Impairment Of Capital Assets": NaN,
        "Gain On Sale Of Security": -75355000.0,
        "Net Non Operating Interest Income Expense": -19000000.0,
        "Interest Expense Non Operating": 23106000.0,
        "Interest Income Non Operating": 4106000.0,
        "Operating Income": 270952000.0,
        "Operating Expense": 41130000.0,
        "Other Operating Expenses": 11875000.0,
        "Selling General And Administration": 29255000.0,
        "General And Administrative Expense": 29255000.0,
        "Other Gand A": 29255000.0,
        "Gross Profit": 312082000.0,
        "Cost Of Revenue": 327617000.0,
        "Total Revenue": 639699000.0,
        "Operating Revenue": 639699000.0
    },
    "2023-12-31": {
        "Tax Effect Of Unusual Items": 12332717.820255,
        "Tax Rate For Calcs": 0.15319,
        "Normalized EBITDA": 424332000.0,
        "Total Unusual Items": 80506000.0,
        "Total Unusual Items Excluding Goodwill": 80506000.0,
        "Net Income From Continuing Operation Net Minority Interest": 247111000.0,
        "Reconciled Depreciation": 189107000.0,
        "Reconciled Cost Of Revenue": 326450000.0,
        "EBITDA": 504838000.0,
        "EBIT": 315731000.0,
        "Net Interest Income": -17865000.0,
        "Interest Expense": 23917000.0,
        "Interest Income": 6052000.0,
        "Normalized Income": 178937717.820255,
        "Net Income From Continuing And Discontinued Operation": 247111000.0,
        "Total Expenses": 377452000.0,
        "Total Operating Income As Reported": 309911000.0,
        "Diluted Average Shares": 116587000.0,
        "Basic Average Shares": 115971000.0,
        "Diluted EPS": 2.12,
        "Basic EPS": 2.13,
        "Diluted NI Availto Com Stockholders": 247111000.0,
        "Net Income Common Stockholders": 247111000.0,
        "Net Income": 247111000.0,
        "Net Income Including Noncontrolling Interests": 247111000.0,
        "Net Income Continuous Operations": 247111000.0,
        "Tax Provision": 44703000.0,
        "Pretax Income": 291814000.0,
        "Other Income Expense": 80274000.0,
        "Other Non Operating Income Expenses": -232000.0,
        "Special Income Charges": 0.0,
        "Other Special Charges": NaN,
        "Impairment Of Capital Assets": NaN,
        "Gain On Sale Of Security": 80506000.0,
        "Net Non Operating Interest Income Expense": -17865000.0,
        "Interest Expense Non Operating": 23917000.0,
        "Interest Income Non Operating": 6052000.0,
        "Operating Income": 229405000.0,
        "Operating Expense": 51002000.0,
        "Other Operating Expenses": 14363000.0,
        "Selling General And Administration": 36639000.0,
        "General And Administrative Expense": 36639000.0,
        "Other Gand A": 36639000.0,
        "Gross Profit": 280407000.0,
        "Cost Of Revenue": 326450000.0,
        "Total Revenue": 606857000.0,
        "Operating Revenue": 606857000.0
    },
    "2024-03-31": {
        "Tax Effect Of Unusual Items": -5516420.0,
        "Tax Rate For Calcs": 0.196,
        "Normalized EBITDA": 379474000.0,
        "Total Unusual Items": -28145000.0,
        "Total Unusual Items Excluding Goodwill": -28145000.0,
        "Net Income From Continuing Operation Net Minority Interest": 131199000.0,
        "Reconciled Depreciation": 166188000.0,
        "Reconciled Cost Of Revenue": 303563000.0,
        "EBITDA": 351329000.0,
        "EBIT": 185141000.0,
        "Net Interest Income": -15103000.0,
        "Interest Expense": 21873000.0,
        "Interest Income": 6770000.0,
        "Normalized Income": 153827580.0,
        "Net Income From Continuing And Discontinued Operation": 131199000.0,
        "Total Expenses": 353056000.0,
        "Total Operating Income As Reported": 178395000.0,
        "Diluted Average Shares": 116456000.0,
        "Basic Average Shares": 115642000.0,
        "Diluted EPS": 1.13,
        "Basic EPS": 1.13,
        "Diluted NI Availto Com Stockholders": 131199000.0,
        "Net Income Common Stockholders": 131199000.0,
        "Net Income": 131199000.0,
        "Net Income Including Noncontrolling Interests": 131199000.0,
        "Net Income Continuous Operations": 131199000.0,
        "Tax Provision": 32069000.0,
        "Pretax Income": 163268000.0,
        "Other Income Expense": -28169000.0,
        "Other Non Operating Income Expenses": -24000.0,
        "Special Income Charges": NaN,
        "Other Special Charges": NaN,
        "Impairment Of Capital Assets": NaN,
        "Gain On Sale Of Security": -28145000.0,
        "Net Non Operating Interest Income Expense": -15103000.0,
        "Interest Expense Non Operating": 21873000.0,
        "Interest Income Non Operating": 6770000.0,
        "Operating Income": 206540000.0,
        "Operating Expense": 49493000.0,
        "Other Operating Expenses": 19315000.0,
        "Selling General And Administration": 30178000.0,
        "General And Administrative Expense": 30178000.0,
        "Other Gand A": 30178000.0,
        "Gross Profit": 256033000.0,
        "Cost Of Revenue": 303563000.0,
        "Total Revenue": 559596000.0,
        "Operating Revenue": 559596000.0
    }
}