{
    "2023-03-31": {
        "Tax Effect Of Unusual Items": 0.0,
        "Tax Rate For Calcs": 0.0,
        "Normalized EBITDA": -2048243.0,
        "Total Unusual Items": NaN,
        "Total Unusual Items Excluding Goodwill": NaN,
        "Net Income From Continuing Operation Net Minority Interest": -4284315.0,
        "Reconciled Depreciation": 691210.0,
        "Reconciled Cost Of Revenue": 1576838.0,
        "EBITDA": -2048243.0,
        "EBIT": -2739453.0,
        "Net Interest Income": -1544862.0,
        "Interest Expense": 1544862.0,
        "Normalized Income": -4284315.0,
        "Net Income From Continuing And Discontinued Operation": -4284315.0,
        "Total Expenses": 5167172.0,
        "Total Operating Income As Reported": -2762605.0,
        "Diluted Average Shares": 12510.0,
        "Basic Average Shares": 12510.0,
        "Diluted EPS": -342.09,
        "Basic EPS": -342.09,
        "Diluted NI Availto Com Stockholders": -4284315.0,
        "Net Income Common Stockholders": -4284315.0,
        "Preferred Stock Dividends": NaN,
        "Net Income": -4284315.0,
        "Net Income Including Noncontrolling Interests": -4284315.0,
        "Net Income Continuous Operations": -4284315.0,
        "Tax Provision": 0.0,
        "Pretax Income": -4284315.0,
        "Other Income Expense": 23152.0,
        "Other Non Operating Income Expenses": 23152.0,
        "Special Income Charges": NaN,
        "Other Special Charges": NaN,
        "Impairment Of Capital Assets": NaN,
        "Net Non Operating Interest Income Expense": -1544862.0,
        "Interest Expense Non Operating": 1544862.0,
        "Operating Income": -2762605.0,
        "Operating Expense": 3590334.0,
        "Depreciation Amortization Depletion Income Statement": 691210.0,
        "Depreciation And Amortization In Income Statement": 691210.0,
        "Selling General And Administration": 2899124.0,
        "General And Administrative Expense": 2899124.0,
        "Other Gand A": 2899124.0,
        "Salaries And Wages": 1472374.0,
        "Gross Profit": 827729.0,
        "Cost Of Revenue": 1576838.0,
        "Total Revenue": 2404567.0,
        "Operating Revenue": 2404567.0
    },
    "2022-12-31": {
        "Tax Effect Of Unusual Items": 0.0,
        "Tax Rate For Calcs": 0.0,
        "Normalized EBITDA": -5598769.0,
        "Total Unusual Items": 47583.0,
        "Total Unusual Items Excluding Goodwill": 47583.0,
        "Net Income From Continuing Operation Net Minority Interest": -8070422.0,
        "Reconciled Depreciation": 769927.0,
        "Reconciled Cost Of Revenue": 4723267.0,
        "EBITDA": -5551186.0,
        "EBIT": -6321113.0,
        "Net Interest Income": -1749309.0,
        "Interest Expense": 1749309.0,
        "Normalized Income": -8118005.0,
        "Net Income From Continuing And Discontinued Operation": -8070422.0,
        "Total Expenses": 10722409.0,
        "Total Operating Income As Reported": -4879817.0,
        "Diluted Average Shares": NaN,
        "Basic Average Shares": NaN,
        "Diluted EPS": NaN,
        "Basic EPS": NaN,
        "Diluted NI Availto Com Stockholders": -8070422.0,
        "Net Income Common Stockholders": -8070422.0,
        "Preferred Stock Dividends": 0.0,
        "Net Income": -8070422.0,
        "Net Income Including Noncontrolling Interests": -8070422.0,
        "Net Income Continuous Operations": -8070422.0,
        "Tax Provision": 0.0,
        "Pretax Income": -8070422.0,
        "Other Income Expense": 732297.0,
        "Other Non Operating Income Expenses": 684714.0,
        "Special Income Charges": 194096.0,
        "Other Special Charges": -194096.0,
        "Impairment Of Capital Assets": NaN,
        "Net Non Operating Interest Income Expense": -1749309.0,
        "Interest Expense Non Operating": 1749309.0,
        "Operating Income": -7053410.0,
        "Operating Expense": 5999142.0,
        "Depreciation Amortization Depletion Income Statement": 769927.0,
        "Depreciation And Amortization In Income Statement": 769927.0,
        "Selling General And Administration": 5229215.0,
        "General And Administrative Expense": 5229215.0,
        "Other Gand A": 3658844.0,
        "Salaries And Wages": 1570371.0,
        "Gross Profit": -1054268.0,
        "Cost Of Revenue": 4723267.0,
        "Total Revenue": 3668999.0,
        "Operating Revenue": 3668999.0
    },
    "2022-09-30": {
        "Tax Effect Of Unusual Items": 0.0,
        "Tax Rate For Calcs": 0.0,
        "Normalized EBITDA": -1107162.0,
        "Total Unusual Items": 108426.0,
        "Total Unusual Items Excluding Goodwill": 108426.0,
        "Net Income From Continuing Operation Net Minority Interest": -1947721.0,
        "Reconciled Depreciation": 522409.0,
        "Reconciled Cost Of Revenue": 2724324.0,
        "EBITDA": -998736.0,
        "EBIT": -1521148.0,
        "Net Interest Income": -426573.0,
        "Interest Expense": 426573.0,
        "Normalized Income": -2056147.0,
        "Net Income From Continuing And Discontinued Operation": -1947721.0,
        "Total Expenses": 6803370.0,
        "Total Operating Income As Reported": -1446385.0,
        "Diluted Average Shares": 8891.0,
        "Basic Average Shares": 8891.0,
        "Diluted EPS": -219.03,
        "Basic EPS": -219.03,
        "Diluted NI Availto Com Stockholders": -1947721.0,
        "Net Income Common Stockholders": -1947721.0,
        "Preferred Stock Dividends": NaN,
        "Net Income": -1947721.0,
        "Net Income Including Noncontrolling Interests": -1947721.0,
        "Net Income Continuous Operations": -1947721.0,
        "Tax Provision": 0.0,
        "Pretax Income": -1947721.0,
        "Other Income Expense": -74763.0,
        "Other Non Operating Income Expenses": -183189.0,
        "Special Income Charges": 0.0,
        "Other Special Charges": NaN,
        "Impairment Of Capital Assets": 0.0,
        "Gain On Sale Of Security": 108426.0,
        "Net Non Operating Interest Income Expense": -426573.0,
        "Interest Expense Non Operating": 426573.0,
        "Operating Income": -1446385.0,
        "Operating Expense": 4079049.0,
        "Depreciation Amortization Depletion Income Statement": 522412.0,
        "Depreciation And Amortization In Income Statement": 522412.0,
        "Selling General And Administration": 3556637.0,
        "General And Administrative Expense": 3556637.0,
        "Other Gand A": 2076821.0,
        "Salaries And Wages": 1479816.0,
        "Gross Profit": 2632664.0,
        "Cost Of Revenue": 2724321.0,
        "Total Revenue": 5356985.0,
        "Operating Revenue": 5356985.0
    },
    "2022-06-30": {
        "Tax Effect Of Unusual Items": 0.0,
        "Tax Rate For Calcs": 0.0,
        "Normalized EBITDA": -2066632.0,
        "Total Unusual Items": 95959.0,
        "Total Unusual Items Excluding Goodwill": 95959.0,
        "Net Income From Continuing Operation Net Minority Interest": -3385195.0,
        "Reconciled Depreciation": 430095.0,
        "Reconciled Cost Of Revenue": 2504317.0,
        "EBITDA": -1970673.0,
        "EBIT": -2400768.0,
        "Net Interest Income": -984427.0,
        "Interest Expense": 984427.0,
        "Normalized Income": -3481154.0,
        "Net Income From Continuing And Discontinued Operation": -3385195.0,
        "Total Expenses": 6893907.0,
        "Total Operating Income As Reported": -2608416.0,
        "Diluted Average Shares": 352374.0,
        "Basic Average Shares": 352374.0,
        "Diluted EPS": -10.062,
        "Basic EPS": -10.062,
        "Diluted NI Availto Com Stockholders": -3545111.0,
        "Net Income Common Stockholders": -3545111.0,
        "Preferred Stock Dividends": 159916.0,
        "Net Income": -3385195.0,
        "Net Income Including Noncontrolling Interests": -3385195.0,
        "Net Income Continuous Operations": -3385195.0,
        "Tax Provision": 0.0,
        "Pretax Income": -3385195.0,
        "Other Income Expense": 207648.0,
        "Other Non Operating Income Expenses": 111689.0,
        "Special Income Charges": 134956.0,
        "Other Special Charges": -134956.0,
        "Impairment Of Capital Assets": NaN,
        "Gain On Sale Of Security": -38997.0,
        "Net Non Operating Interest Income Expense": -984427.0,
        "Interest Expense Non Operating": 984427.0,
        "Operating Income": -2608416.0,
        "Operating Expense": 4389587.0,
        "Depreciation Amortization Depletion Income Statement": 430092.0,
        "Depreciation And Amortization In Income Statement": 430092.0,
        "Selling General And Administration": 3959495.0,
        "General And Administrative Expense": 3959495.0,
        "Other Gand A": 3959495.0,
        "Salaries And Wages": NaN,
        "Gross Profit": 1781171.0,
        "Cost Of Revenue": 2504320.0,
        "Total Revenue": 4285491.0,
        "Operating Revenue": 4285491.0
    },
    "2022-03-31": {
        "Diluted EPS": -41.06,
        "Total Revenue": 4,
        "Gross Profit": 2,
        "Operating Income": -3,
        "EBIT": -3,
        "Net Income": -17
    },
    "2021-12-31": {
        "Diluted EPS": -15.5,
        "Total Revenue": 4,
        "Gross Profit": 1,
        "Operating Income": -2,
        "EBIT": -2,
        "Net Income": -4
    },
    "2021-09-30": {
        "Diluted EPS": -8.5,
        "Total Revenue": 3,
        "Gross Profit": 1,
        "Operating Income": -2,
        "EBIT": -1,
        "Net Income": -2
    },
    "2021-06-30": {
        "Diluted EPS": -3.5,
        "Total Revenue": 1,
        "Gross Profit": 0,
        "Operating Income": -1,
        "EBIT": -1,
        "Net Income": -1
    },
    "2021-03-31": {
        "Diluted EPS": -3.0,
        "Total Revenue": 1,
        "Gross Profit": 0,
        "Operating Income": -1,
        "EBIT": -1,
        "Net Income": -1
    },
    "2020-12-31": {
        "Diluted EPS": 0.0,
        "Total Revenue": NaN,
        "Gross Profit": NaN,
        "Operating Income": NaN,
        "EBIT": NaN,
        "Net Income": NaN
    },
    "2023-06-30": {
        "Tax Effect Of Unusual Items": 0.0,
        "Tax Rate For Calcs": 0.0,
        "Normalized EBITDA": -2794984.0,
        "Total Unusual Items": -209700.0,
        "Total Unusual Items Excluding Goodwill": -209700.0,
        "Net Income From Continuing Operation Net Minority Interest": -4219996.0,
        "Reconciled Depreciation": 507598.0,
        "Reconciled Cost Of Revenue": 1541677.0,
        "EBITDA": -3004684.0,
        "EBIT": -3512282.0,
        "Net Interest Income": -707714.0,
        "Interest Expense": 707714.0,
        "Normalized Income": -4010296.0,
        "Net Income From Continuing And Discontinued Operation": -4219996.0,
        "Total Expenses": 5876811.0,
        "Total Operating Income As Reported": -4059845.0,
        "Diluted Average Shares": 57317.0,
        "Basic Average Shares": 57317.0,
        "Diluted EPS": -73.584,
        "Basic EPS": -73.584,
        "Diluted NI Availto Com Stockholders": -4219996.0,
        "Net Income Common Stockholders": -4219996.0,
        "Preferred Stock Dividends": NaN,
        "Net Income": -4219996.0,
        "Net Income Including Noncontrolling Interests": -4219996.0,
        "Net Income Continuous Operations": -4219996.0,
        "Tax Provision": NaN,
        "Pretax Income": -4219996.0,
        "Other Income Expense": 80826.0,
        "Other Non Operating Income Expenses": 290526.0,
        "Special Income Charges": -209700.0,
        "Other Special Charges": -257037.0,
        "Impairment Of Capital Assets": 466737.0,
        "Net Non Operating Interest Income Expense": -707714.0,
        "Interest Expense Non Operating": 707714.0,
        "Operating Income": -3593108.0,
        "Operating Expense": 4335129.0,
        "Depreciation Amortization Depletion Income Statement": 507593.0,
        "Depreciation And Amortization In Income Statement": 507593.0,
        "Selling General And Administration": 3827536.0,
        "General And Administrative Expense": 3827536.0,
        "Other Gand A": 3827536.0,
        "Salaries And Wages": 1410735.0,
        "Gross Profit": 742021.0,
        "Cost Of Revenue": 1541682.0,
        "Total Revenue": 2283703.0,
        "Operating Revenue": 2283703.0
    },
    "2023-09-30": {
        "Tax Effect Of Unusual Items": 0.0,
        "Tax Rate For Calcs": 0.0,
        "Normalized EBITDA": -2571576.0,
        "Total Unusual Items": 16021.0,
        "Total Unusual Items Excluding Goodwill": 16021.0,
        "Net Income From Continuing Operation Net Minority Interest": -4344107.0,
        "Reconciled Depreciation": 615805.0,
        "Reconciled Cost Of Revenue": 1688624.0,
        "EBITDA": -2555555.0,
        "EBIT": -3171365.0,
        "Net Interest Income": -1172742.0,
        "Interest Expense": 1172742.0,
        "Normalized Income": -4360128.0,
        "Net Income From Continuing And Discontinued Operation": -4344107.0,
        "Total Expenses": 5957511.0,
        "Total Operating Income As Reported": -3207206.0,
        "Diluted Average Shares": 82669.0,
        "Basic Average Shares": 82669.0,
        "Diluted EPS": -52.569993,
        "Basic EPS": -52.569993,
        "Diluted NI Availto Com Stockholders": -4344107.0,
        "Net Income Common Stockholders": -4344107.0,
        "Preferred Stock Dividends": NaN,
        "Net Income": -4344107.0,
        "Net Income Including Noncontrolling Interests": -4344107.0,
        "Net Income Continuous Operations": -4344107.0,
        "Tax Provision": NaN,
        "Pretax Income": -4344107.0,
        "Other Income Expense": 35841.0,
        "Other Non Operating Income Expenses": 19820.0,
        "Special Income Charges": 16021.0,
        "Other Special Charges": -16021.0,
        "Impairment Of Capital Assets": 0.0,
        "Net Non Operating Interest Income Expense": -1172742.0,
        "Interest Expense Non Operating": 1172742.0,
        "Operating Income": -3207206.0,
        "Operating Expense": 4268892.0,
        "Depreciation Amortization Depletion Income Statement": 615810.0,
        "Depreciation And Amortization In Income Statement": 615810.0,
        "Selling General And Administration": 3653082.0,
        "General And Administrative Expense": 3653082.0,
        "Other Gand A": 1606862.0,
        "Salaries And Wages": 2046220.0,
        "Gross Profit": 1061686.0,
        "Cost Of Revenue": 1688619.0,
        "Total Revenue": 2750305.0,
        "Operating Revenue": 2750305.0
    }
}