{
    "2023-03-31": {
        "Tax Effect Of Unusual Items": NaN,
        "Tax Rate For Calcs": NaN,
        "Normalized EBITDA": NaN,
        "Total Unusual Items": NaN,
        "Total Unusual Items Excluding Goodwill": NaN,
        "Net Income From Continuing Operation Net Minority Interest": NaN,
        "Reconciled Depreciation": NaN,
        "Reconciled Cost Of Revenue": NaN,
        "EBITDA": NaN,
        "EBIT": NaN,
        "Net Interest Income": NaN,
        "Interest Income": NaN,
        "Normalized Income": NaN,
        "Net Income From Continuing And Discontinued Operation": NaN,
        "Total Expenses": NaN,
        "Total Operating Income As Reported": NaN,
        "Diluted Average Shares": NaN,
        "Basic Average Shares": NaN,
        "Diluted EPS": NaN,
        "Basic EPS": NaN,
        "Diluted NI Availto Com Stockholders": NaN,
        "Net Income Common Stockholders": NaN,
        "Net Income": NaN,
        "Net Income Including Noncontrolling Interests": NaN,
        "Net Income Continuous Operations": NaN,
        "Tax Provision": NaN,
        "Pretax Income": NaN,
        "Other Income Expense": NaN,
        "Other Non Operating Income Expenses": NaN,
        "Special Income Charges": NaN,
        "Restructuring And Mergern Acquisition": NaN,
        "Gain On Sale Of Security": -107000.0,
        "Net Non Operating Interest Income Expense": NaN,
        "Interest Income Non Operating": NaN,
        "Operating Income": NaN,
        "Operating Expense": NaN,
        "Research And Development": NaN,
        "Selling General And Administration": NaN,
        "Selling And Marketing Expense": NaN,
        "General And Administrative Expense": NaN,
        "Other Gand A": NaN,
        "Gross Profit": NaN,
        "Cost Of Revenue": NaN,
        "Total Revenue": NaN,
        "Operating Revenue": NaN
    },
    "2022-12-31": {
        "Tax Effect Of Unusual Items": NaN,
        "Tax Rate For Calcs": NaN,
        "Normalized EBITDA": NaN,
        "Total Unusual Items": NaN,
        "Total Unusual Items Excluding Goodwill": NaN,
        "Net Income From Continuing Operation Net Minority Interest": NaN,
        "Reconciled Depreciation": NaN,
        "Reconciled Cost Of Revenue": NaN,
        "EBITDA": NaN,
        "EBIT": NaN,
        "Net Interest Income": NaN,
        "Interest Income": NaN,
        "Normalized Income": NaN,
        "Net Income From Continuing And Discontinued Operation": NaN,
        "Total Expenses": NaN,
        "Total Operating Income As Reported": NaN,
        "Diluted Average Shares": NaN,
        "Basic Average Shares": NaN,
        "Diluted EPS": NaN,
        "Basic EPS": NaN,
        "Diluted NI Availto Com Stockholders": NaN,
        "Net Income Common Stockholders": NaN,
        "Net Income": NaN,
        "Net Income Including Noncontrolling Interests": NaN,
        "Net Income Continuous Operations": NaN,
        "Tax Provision": NaN,
        "Pretax Income": NaN,
        "Other Income Expense": NaN,
        "Other Non Operating Income Expenses": -3000.0,
        "Special Income Charges": NaN,
        "Restructuring And Mergern Acquisition": NaN,
        "Gain On Sale Of Security": NaN,
        "Net Non Operating Interest Income Expense": NaN,
        "Interest Income Non Operating": NaN,
        "Operating Income": NaN,
        "Operating Expense": NaN,
        "Research And Development": NaN,
        "Selling General And Administration": NaN,
        "Selling And Marketing Expense": NaN,
        "General And Administrative Expense": NaN,
        "Other Gand A": NaN,
        "Gross Profit": NaN,
        "Cost Of Revenue": NaN,
        "Total Revenue": NaN,
        "Operating Revenue": NaN
    },
    "2022-09-30": {
        "Tax Effect Of Unusual Items": NaN,
        "Tax Rate For Calcs": NaN,
        "Normalized EBITDA": NaN,
        "Total Unusual Items": 0.0,
        "Total Unusual Items Excluding Goodwill": 0.0,
        "Net Income From Continuing Operation Net Minority Interest": NaN,
        "Reconciled Depreciation": NaN,
        "Reconciled Cost Of Revenue": NaN,
        "EBITDA": NaN,
        "EBIT": NaN,
        "Net Interest Income": NaN,
        "Interest Income": NaN,
        "Normalized Income": NaN,
        "Net Income From Continuing And Discontinued Operation": NaN,
        "Total Expenses": NaN,
        "Total Operating Income As Reported": NaN,
        "Diluted Average Shares": NaN,
        "Basic Average Shares": NaN,
        "Diluted EPS": NaN,
        "Basic EPS": NaN,
        "Diluted NI Availto Com Stockholders": NaN,
        "Net Income Common Stockholders": NaN,
        "Net Income": NaN,
        "Net Income Including Noncontrolling Interests": NaN,
        "Net Income Continuous Operations": NaN,
        "Tax Provision": NaN,
        "Pretax Income": NaN,
        "Other Income Expense": NaN,
        "Other Non Operating Income Expenses": -3000.0,
        "Special Income Charges": 0.0,
        "Restructuring And Mergern Acquisition": 0.0,
        "Gain On Sale Of Security": NaN,
        "Net Non Operating Interest Income Expense": NaN,
        "Interest Income Non Operating": NaN,
        "Operating Income": NaN,
        "Operating Expense": NaN,
        "Research And Development": NaN,
        "Selling General And Administration": NaN,
        "Selling And Marketing Expense": NaN,
        "General And Administrative Expense": NaN,
        "Other Gand A": NaN,
        "Gross Profit": NaN,
        "Cost Of Revenue": NaN,
        "Total Revenue": NaN,
        "Operating Revenue": NaN
    },
    "2022-06-30": {
        "Tax Effect Of Unusual Items": 0.0,
        "Tax Rate For Calcs": 0.21518,
        "Normalized EBITDA": 5178000.0,
        "Total Unusual Items": NaN,
        "Total Unusual Items Excluding Goodwill": NaN,
        "Net Income From Continuing Operation Net Minority Interest": 4074000.0,
        "Reconciled Depreciation": 154000.0,
        "Reconciled Cost Of Revenue": 963000.0,
        "EBITDA": 5178000.0,
        "EBIT": 5178000.0,
        "Net Interest Income": 13000.0,
        "Interest Income": 13000.0,
        "Normalized Income": 4074000.0,
        "Net Income From Continuing And Discontinued Operation": 4074000.0,
        "Total Expenses": 9650000.0,
        "Total Operating Income As Reported": 5178000.0,
        "Diluted Average Shares": 8029302.0,
        "Basic Average Shares": 6761050.0,
        "Diluted EPS": 0.51,
        "Basic EPS": 0.6,
        "Diluted NI Availto Com Stockholders": 4074000.0,
        "Net Income Common Stockholders": 4074000.0,
        "Net Income": 4074000.0,
        "Net Income Including Noncontrolling Interests": 4074000.0,
        "Net Income Continuous Operations": 4074000.0,
        "Tax Provision": 1117000.0,
        "Pretax Income": 5191000.0,
        "Other Income Expense": NaN,
        "Other Non Operating Income Expenses": NaN,
        "Gain On Sale Of Security": NaN,
        "Net Non Operating Interest Income Expense": 13000.0,
        "Interest Income Non Operating": 13000.0,
        "Operating Income": 5178000.0,
        "Operating Expense": 8687000.0,
        "Research And Development": 1074000.0,
        "Selling General And Administration": 7613000.0,
        "Selling And Marketing Expense": 4201000.0,
        "General And Administrative Expense": 3412000.0,
        "Other Gand A": 3412000.0,
        "Gross Profit": 13865000.0,
        "Cost Of Revenue": 963000.0,
        "Total Revenue": 14828000.0,
        "Operating Revenue": 14828000.0
    },
    "2022-03-31": {
        "Diluted EPS": 0.41,
        "Total Revenue": 14,
        "Gross Profit": 13,
        "Operating Income": 4,
        "EBIT": 4,
        "Net Income": 3
    },
    "2021-12-31": {
        "Diluted EPS": 0.18,
        "Total Revenue": 12,
        "Gross Profit": 9,
        "Operating Income": 2,
        "EBIT": 2,
        "Net Income": 2
    },
    "2021-09-30": {
        "Diluted EPS": 0.51,
        "Total Revenue": 14,
        "Gross Profit": 13,
        "Operating Income": 5,
        "EBIT": 5,
        "Net Income": 4
    },
    "2021-06-30": {
        "Diluted EPS": 0.83,
        "Total Revenue": 14,
        "Gross Profit": 13,
        "Operating Income": 6,
        "EBIT": 7,
        "Net Income": 7
    },
    "2021-03-31": {
        "Diluted EPS": 0.6,
        "Total Revenue": 13,
        "Gross Profit": 12,
        "Operating Income": 6,
        "EBIT": 6,
        "Net Income": 5
    },
    "2020-12-31": {
        "Diluted EPS": 0.67,
        "Total Revenue": 12,
        "Gross Profit": 11,
        "Operating Income": 6,
        "EBIT": 6,
        "Net Income": 5
    },
    "2020-09-30": {
        "Diluted EPS": 0.61,
        "Total Revenue": 11,
        "Gross Profit": 10,
        "Operating Income": 6,
        "EBIT": 6,
        "Net Income": 5
    },
    "2020-06-30": {
        "Diluted EPS": 0.13,
        "Total Revenue": 6,
        "Gross Profit": 6,
        "Operating Income": 1,
        "EBIT": 1,
        "Net Income": 1
    },
    "2020-03-31": {
        "Diluted EPS": 0.33,
        "Total Revenue": 9,
        "Gross Profit": 9,
        "Operating Income": 3,
        "EBIT": 4,
        "Net Income": 3
    },
    "2019-12-31": {
        "Diluted EPS": 0.37,
        "Total Revenue": 9,
        "Gross Profit": 8,
        "Operating Income": 3,
        "EBIT": 3,
        "Net Income": 3
    },
    "2019-09-30": {
        "Diluted EPS": 0.96,
        "Total Revenue": 9,
        "Gross Profit": 8,
        "Operating Income": 3,
        "EBIT": 3,
        "Net Income": 8
    },
    "2019-06-30": {
        "Diluted EPS": 0.32,
        "Total Revenue": 8,
        "Gross Profit": 7,
        "Operating Income": 3,
        "EBIT": 3,
        "Net Income": 3
    },
    "2019-03-31": {
        "Diluted EPS": 0.23,
        "Total Revenue": 7,
        "Gross Profit": 6,
        "Operating Income": 2,
        "EBIT": 2,
        "Net Income": 2
    },
    "2018-12-31": {
        "Diluted EPS": 0.18,
        "Total Revenue": 6,
        "Gross Profit": 5,
        "Operating Income": 1,
        "EBIT": 2,
        "Net Income": 1
    },
    "2018-09-30": {
        "Diluted EPS": 0.19,
        "Total Revenue": 6,
        "Gross Profit": 5,
        "Operating Income": 2,
        "EBIT": 2,
        "Net Income": 1
    },
    "2018-06-30": {
        "Diluted EPS": 0.19,
        "Total Revenue": 5,
        "Gross Profit": 5,
        "Operating Income": 2,
        "EBIT": 2,
        "Net Income": 1
    },
    "2018-03-31": {
        "Diluted EPS": 0.1,
        "Total Revenue": 4,
        "Gross Profit": 4,
        "Operating Income": 1,
        "EBIT": 1,
        "Net Income": 1
    },
    "2017-12-31": {
        "Diluted EPS": 0.06,
        "Total Revenue": 4,
        "Gross Profit": 4,
        "Operating Income": 0,
        "EBIT": 1,
        "Net Income": 0
    },
    "2017-09-30": {
        "Diluted EPS": -0.01,
        "Total Revenue": 4,
        "Gross Profit": 3,
        "Operating Income": 0,
        "EBIT": 0,
        "Net Income": 0
    },
    "2017-06-30": {
        "Diluted EPS": -0.16,
        "Total Revenue": 3,
        "Gross Profit": 2,
        "Operating Income": -1,
        "EBIT": 0,
        "Net Income": -1
    },
    "2017-03-31": {
        "Diluted EPS": -0.17,
        "Total Revenue": 2,
        "Gross Profit": 2,
        "Operating Income": -1,
        "EBIT": -1,
        "Net Income": -1
    },
    "2016-12-31": {
        "Diluted EPS": -0.04,
        "Total Revenue": 2,
        "Gross Profit": 2,
        "Operating Income": 0,
        "EBIT": 0,
        "Net Income": 0
    },
    "2016-09-30": {
        "Diluted EPS": -0.07,
        "Total Revenue": 2,
        "Gross Profit": 2,
        "Operating Income": 0,
        "EBIT": 0,
        "Net Income": 0
    },
    "2016-06-30": {
        "Diluted EPS": -0.19,
        "Total Revenue": 2,
        "Gross Profit": 1,
        "Operating Income": -1,
        "EBIT": -1,
        "Net Income": -1
    },
    "2016-03-31": {
        "Diluted EPS": -0.2,
        "Total Revenue": 2,
        "Gross Profit": 1,
        "Operating Income": -1,
        "EBIT": -1,
        "Net Income": -1
    },
    "2015-12-31": {
        "Diluted EPS": -0.84,
        "Total Revenue": 3,
        "Gross Profit": 1,
        "Operating Income": -4,
        "EBIT": -4,
        "Net Income": -4
    },
    "2015-09-30": {
        "Diluted EPS": -0.32,
        "Total Revenue": 2,
        "Gross Profit": 1,
        "Operating Income": -2,
        "EBIT": -1,
        "Net Income": -2
    },
    "2015-06-30": {
        "Diluted EPS": -0.27,
        "Total Revenue": 1,
        "Gross Profit": 1,
        "Operating Income": -1,
        "EBIT": -1,
        "Net Income": -1
    },
    "2015-03-31": {
        "Diluted EPS": -0.29,
        "Total Revenue": 1,
        "Gross Profit": 1,
        "Operating Income": -1,
        "EBIT": -1,
        "Net Income": -1
    },
    "2014-12-31": {
        "Diluted EPS": -0.21,
        "Total Revenue": 1,
        "Gross Profit": 1,
        "Operating Income": -1,
        "EBIT": -1,
        "Net Income": -1
    },
    "2014-09-30": {
        "Diluted EPS": -0.31,
        "Total Revenue": 1,
        "Gross Profit": 1,
        "Operating Income": -1,
        "EBIT": -1,
        "Net Income": -1
    },
    "2014-06-30": {
        "Diluted EPS": -0.22,
        "Total Revenue": 1,
        "Gross Profit": 1,
        "Operating Income": -1,
        "EBIT": -1,
        "Net Income": -1
    },
    "2014-03-31": {
        "Diluted EPS": -0.36,
        "Total Revenue": 1,
        "Gross Profit": 1,
        "Operating Income": -1,
        "EBIT": -1,
        "Net Income": -1
    },
    "2013-12-31": {
        "Diluted EPS": -0.67,
        "Total Revenue": 1,
        "Gross Profit": 1,
        "Operating Income": -1,
        "EBIT": 0,
        "Net Income": -1
    },
    "2013-09-30": {
        "Diluted EPS": -0.66,
        "Total Revenue": 1,
        "Gross Profit": 0,
        "Operating Income": 0,
        "EBIT": 0,
        "Net Income": -1
    },
    "2013-06-30": {
        "Diluted EPS": -0.78,
        "Total Revenue": 0,
        "Gross Profit": 0,
        "Operating Income": -1,
        "EBIT": -1,
        "Net Income": -1
    },
    "2013-03-31": {
        "Diluted EPS": -0.73,
        "Total Revenue": 0,
        "Gross Profit": 0,
        "Operating Income": -1,
        "EBIT": 0,
        "Net Income": -1
    },
    "2012-12-31": {
        "Diluted EPS": 0.0,
        "Total Revenue": NaN,
        "Gross Profit": NaN,
        "Operating Income": NaN,
        "EBIT": NaN,
        "Net Income": NaN
    },
    "2023-06-30": {
        "Tax Effect Of Unusual Items": NaN,
        "Tax Rate For Calcs": NaN,
        "Normalized EBITDA": NaN,
        "Total Unusual Items": -111000.0,
        "Total Unusual Items Excluding Goodwill": -111000.0,
        "Net Income From Continuing Operation Net Minority Interest": NaN,
        "Reconciled Depreciation": NaN,
        "Reconciled Cost Of Revenue": NaN,
        "EBITDA": NaN,
        "EBIT": NaN,
        "Net Interest Income": NaN,
        "Interest Income": NaN,
        "Normalized Income": NaN,
        "Net Income From Continuing And Discontinued Operation": NaN,
        "Total Expenses": NaN,
        "Total Operating Income As Reported": NaN,
        "Diluted Average Shares": NaN,
        "Basic Average Shares": NaN,
        "Diluted EPS": NaN,
        "Basic EPS": NaN,
        "Diluted NI Availto Com Stockholders": NaN,
        "Net Income Common Stockholders": NaN,
        "Net Income": NaN,
        "Net Income Including Noncontrolling Interests": NaN,
        "Net Income Continuous Operations": NaN,
        "Tax Provision": NaN,
        "Pretax Income": NaN,
        "Other Income Expense": NaN,
        "Other Non Operating Income Expenses": NaN,
        "Special Income Charges": NaN,
        "Restructuring And Mergern Acquisition": NaN,
        "Gain On Sale Of Security": -111000.0,
        "Net Non Operating Interest Income Expense": NaN,
        "Interest Income Non Operating": NaN,
        "Operating Income": NaN,
        "Operating Expense": NaN,
        "Research And Development": NaN,
        "Selling General And Administration": NaN,
        "Selling And Marketing Expense": NaN,
        "General And Administrative Expense": NaN,
        "Other Gand A": NaN,
        "Gross Profit": NaN,
        "Cost Of Revenue": NaN,
        "Total Revenue": NaN,
        "Operating Revenue": NaN
    },
    "2023-09-30": {
        "Tax Effect Of Unusual Items": -126329.1,
        "Tax Rate For Calcs": 0.2109,
        "Normalized EBITDA": 7657000.0,
        "Total Unusual Items": -599000.0,
        "Total Unusual Items Excluding Goodwill": -599000.0,
        "Net Income From Continuing Operation Net Minority Interest": 5514000.0,
        "Reconciled Depreciation": 160000.0,
        "Reconciled Cost Of Revenue": 1111000.0,
        "EBITDA": 7058000.0,
        "EBIT": 6898000.0,
        "Net Interest Income": 692000.0,
        "Interest Income": 692000.0,
        "Normalized Income": 5986670.9,
        "Net Income From Continuing And Discontinued Operation": 5514000.0,
        "Total Expenses": 9418000.0,
        "Total Operating Income As Reported": 6299000.0,
        "Diluted Average Shares": 7818236.0,
        "Basic Average Shares": 6717301.0,
        "Diluted EPS": 0.71,
        "Basic EPS": 0.82,
        "Diluted NI Availto Com Stockholders": 5514000.0,
        "Net Income Common Stockholders": 5514000.0,
        "Net Income": 5514000.0,
        "Net Income Including Noncontrolling Interests": 5514000.0,
        "Net Income Continuous Operations": 5514000.0,
        "Tax Provision": 1474000.0,
        "Pretax Income": 6988000.0,
        "Other Income Expense": -602000.0,
        "Other Non Operating Income Expenses": -3000.0,
        "Special Income Charges": -599000.0,
        "Restructuring And Mergern Acquisition": 599000.0,
        "Gain On Sale Of Security": NaN,
        "Net Non Operating Interest Income Expense": 692000.0,
        "Interest Income Non Operating": 692000.0,
        "Operating Income": 6898000.0,
        "Operating Expense": 8307000.0,
        "Research And Development": 1174000.0,
        "Selling General And Administration": 7133000.0,
        "Selling And Marketing Expense": 3423000.0,
        "General And Administrative Expense": 3710000.0,
        "Other Gand A": 3710000.0,
        "Gross Profit": 15205000.0,
        "Cost Of Revenue": 1111000.0,
        "Total Revenue": 16316000.0,
        "Operating Revenue": 16316000.0
    },
    "2023-12-31": {
        "Tax Effect Of Unusual Items": -118020.0,
        "Tax Rate For Calcs": 0.21,
        "Normalized EBITDA": 3379000.0,
        "Total Unusual Items": -562000.0,
        "Total Unusual Items Excluding Goodwill": -562000.0,
        "Net Income From Continuing Operation Net Minority Interest": 4221000.0,
        "Reconciled Depreciation": 160000.0,
        "Reconciled Cost Of Revenue": 3385000.0,
        "EBITDA": 2817000.0,
        "EBIT": 2657000.0,
        "Net Interest Income": 699000.0,
        "Interest Income": 699000.0,
        "Normalized Income": 4664980.0,
        "Net Income From Continuing And Discontinued Operation": 4221000.0,
        "Total Expenses": 12400000.0,
        "Total Operating Income As Reported": 2522000.0,
        "Diluted Average Shares": 7734263.0,
        "Basic Average Shares": 6804998.0,
        "Diluted EPS": 0.55,
        "Basic EPS": 0.62,
        "Diluted NI Availto Com Stockholders": 4221000.0,
        "Net Income Common Stockholders": 4221000.0,
        "Net Income": 4221000.0,
        "Net Income Including Noncontrolling Interests": 4221000.0,
        "Net Income Continuous Operations": 4221000.0,
        "Tax Provision": -1407000.0,
        "Pretax Income": 2814000.0,
        "Other Income Expense": -542000.0,
        "Other Non Operating Income Expenses": 20000.0,
        "Special Income Charges": -472000.0,
        "Restructuring And Mergern Acquisition": 135000.0,
        "Gain On Sale Of Security": -90000.0,
        "Net Non Operating Interest Income Expense": 699000.0,
        "Interest Income Non Operating": 699000.0,
        "Operating Income": 2657000.0,
        "Operating Expense": 9015000.0,
        "Research And Development": 1207000.0,
        "Selling General And Administration": 7808000.0,
        "Selling And Marketing Expense": 4546000.0,
        "General And Administrative Expense": 3262000.0,
        "Other Gand A": 3262000.0,
        "Gross Profit": 11672000.0,
        "Cost Of Revenue": 3385000.0,
        "Total Revenue": 15057000.0,
        "Operating Revenue": 15057000.0
    },
    "2024-03-31": {
        "Tax Effect Of Unusual Items": 0.0,
        "Tax Rate For Calcs": 0.2211,
        "Normalized EBITDA": 7152000.0,
        "Total Unusual Items": NaN,
        "Total Unusual Items Excluding Goodwill": NaN,
        "Net Income From Continuing Operation Net Minority Interest": 6073000.0,
        "Reconciled Depreciation": 176000.0,
        "Reconciled Cost Of Revenue": 1247000.0,
        "EBITDA": 7152000.0,
        "EBIT": 6976000.0,
        "Net Interest Income": 819000.0,
        "Interest Income": 819000.0,
        "Normalized Income": 6073000.0,
        "Net Income From Continuing And Discontinued Operation": 6073000.0,
        "Total Expenses": 8927000.0,
        "Total Operating Income As Reported": 6976000.0,
        "Diluted Average Shares": 7782393.0,
        "Basic Average Shares": 6892742.0,
        "Diluted EPS": 0.78,
        "Basic EPS": 0.88,
        "Diluted NI Availto Com Stockholders": 6073000.0,
        "Net Income Common Stockholders": 6073000.0,
        "Net Income": 6073000.0,
        "Net Income Including Noncontrolling Interests": 6073000.0,
        "Net Income Continuous Operations": 6073000.0,
        "Tax Provision": 1724000.0,
        "Pretax Income": 7797000.0,
        "Other Income Expense": 2000.0,
        "Other Non Operating Income Expenses": 2000.0,
        "Special Income Charges": NaN,
        "Restructuring And Mergern Acquisition": NaN,
        "Gain On Sale Of Security": NaN,
        "Net Non Operating Interest Income Expense": 819000.0,
        "Interest Income Non Operating": 819000.0,
        "Operating Income": 6976000.0,
        "Operating Expense": 7680000.0,
        "Research And Development": 1138000.0,
        "Selling General And Administration": 6542000.0,
        "Selling And Marketing Expense": 3675000.0,
        "General And Administrative Expense": 2867000.0,
        "Other Gand A": 2867000.0,
        "Gross Profit": 14656000.0,
        "Cost Of Revenue": 1247000.0,
        "Total Revenue": 15903000.0,
        "Operating Revenue": 15903000.0
    },
    "2024-06-30": {
        "Tax Effect Of Unusual Items": 26880.0,
        "Tax Rate For Calcs": 0.21,
        "Normalized EBITDA": 5392000.0,
        "Total Unusual Items": 128000.0,
        "Total Unusual Items Excluding Goodwill": 128000.0,
        "Net Income From Continuing Operation Net Minority Interest": 11000.0,
        "Reconciled Depreciation": 170000.0,
        "Reconciled Cost Of Revenue": 1255000.0,
        "EBITDA": 5520000.0,
        "EBIT": 5350000.0,
        "Net Interest Income": 714000.0,
        "Interest Income": 714000.0,
        "Normalized Income": -90120.0,
        "Net Income From Continuing And Discontinued Operation": 11000.0,
        "Total Expenses": 9115000.0,
        "Total Operating Income As Reported": 5350000.0,
        "Diluted Average Shares": 7795149.0,
        "Basic Average Shares": 6944664.0,
        "Diluted EPS": 0.001411,
        "Basic EPS": 0.001584,
        "Diluted NI Availto Com Stockholders": 11000.0,
        "Net Income Common Stockholders": 11000.0,
        "Net Income": 11000.0,
        "Net Income Including Noncontrolling Interests": 11000.0,
        "Net Income Continuous Operations": 11000.0,
        "Tax Provision": 1126000.0,
        "Pretax Income": 1137000.0,
        "Other Income Expense": -4927000.0,
        "Other Non Operating Income Expenses": -5055000.0,
        "Special Income Charges": NaN,
        "Restructuring And Mergern Acquisition": NaN,
        "Gain On Sale Of Security": 128000.0,
        "Net Non Operating Interest Income Expense": 714000.0,
        "Interest Income Non Operating": 714000.0,
        "Operating Income": 5350000.0,
        "Operating Expense": 7860000.0,
        "Research And Development": 1440000.0,
        "Selling General And Administration": 6420000.0,
        "Selling And Marketing Expense": 3456000.0,
        "General And Administrative Expense": 2964000.0,
        "Other Gand A": 2964000.0,
        "Gross Profit": 13210000.0,
        "Cost Of Revenue": 1255000.0,
        "Total Revenue": 14465000.0,
        "Operating Revenue": 14465000.0
    },
    "2024-09-30": {
        "Tax Effect Of Unusual Items": 0.0,
        "Tax Rate For Calcs": 0.1202,
        "Normalized EBITDA": 5199000.0,
        "Total Unusual Items": 0.0,
        "Total Unusual Items Excluding Goodwill": 0.0,
        "Net Income From Continuing Operation Net Minority Interest": 5609000.0,
        "Reconciled Depreciation": 134000.0,
        "Reconciled Cost Of Revenue": 1156000.0,
        "EBITDA": 5199000.0,
        "EBIT": 5065000.0,
        "Net Interest Income": 168000.0,
        "Interest Income": 168000.0,
        "Normalized Income": 5609000.0,
        "Net Income From Continuing And Discontinued Operation": 5609000.0,
        "Total Expenses": 8447000.0,
        "Total Operating Income As Reported": 5065000.0,
        "Diluted Average Shares": 7771088.0,
        "Basic Average Shares": 7045108.0,
        "Diluted EPS": 0.72,
        "Basic EPS": 0.8,
        "Diluted NI Availto Com Stockholders": 5609000.0,
        "Net Income Common Stockholders": 5609000.0,
        "Net Income": 5609000.0,
        "Net Income Including Noncontrolling Interests": 5609000.0,
        "Net Income Continuous Operations": 5609000.0,
        "Tax Provision": 766000.0,
        "Pretax Income": 6375000.0,
        "Other Income Expense": 1142000.0,
        "Other Non Operating Income Expenses": 1142000.0,
        "Special Income Charges": 0.0,
        "Restructuring And Mergern Acquisition": 0.0,
        "Gain On Sale Of Security": NaN,
        "Net Non Operating Interest Income Expense": 168000.0,
        "Interest Income Non Operating": 168000.0,
        "Operating Income": 5065000.0,
        "Operating Expense": 7291000.0,
        "Research And Development": 1186000.0,
        "Selling General And Administration": 6105000.0,
        "Selling And Marketing Expense": 2976000.0,
        "General And Administrative Expense": 3129000.0,
        "Other Gand A": 3129000.0,
        "Gross Profit": 12356000.0,
        "Cost Of Revenue": 1156000.0,
        "Total Revenue": 13512000.0,
        "Operating Revenue": 13512000.0
    }
}