{
    "2023-03-31": {
        "Tax Effect Of Unusual Items": NaN,
        "Tax Rate For Calcs": NaN,
        "Normalized EBITDA": NaN,
        "Total Unusual Items": NaN,
        "Total Unusual Items Excluding Goodwill": NaN,
        "Net Income From Continuing Operation Net Minority Interest": NaN,
        "Reconciled Depreciation": NaN,
        "EBITDA": NaN,
        "EBIT": NaN,
        "Net Interest Income": NaN,
        "Interest Expense": NaN,
        "Interest Income": NaN,
        "Normalized Income": NaN,
        "Net Income From Continuing And Discontinued Operation": NaN,
        "Total Expenses": NaN,
        "Total Operating Income As Reported": NaN,
        "Diluted Average Shares": NaN,
        "Basic Average Shares": NaN,
        "Diluted EPS": NaN,
        "Basic EPS": NaN,
        "Diluted NI Availto Com Stockholders": NaN,
        "Net Income Common Stockholders": NaN,
        "Net Income": NaN,
        "Net Income Including Noncontrolling Interests": NaN,
        "Net Income Continuous Operations": NaN,
        "Pretax Income": NaN,
        "Other Income Expense": NaN,
        "Other Non Operating Income Expenses": 417000.0,
        "Special Income Charges": NaN,
        "Other Special Charges": 520915000.0,
        "Gain On Sale Of Security": NaN,
        "Net Non Operating Interest Income Expense": NaN,
        "Interest Expense Non Operating": NaN,
        "Interest Income Non Operating": NaN,
        "Operating Income": NaN,
        "Operating Expense": NaN,
        "Other Operating Expenses": -42000.0,
        "Other Taxes": NaN,
        "Research And Development": NaN,
        "Selling General And Administration": NaN,
        "General And Administrative Expense": NaN,
        "Other Gand A": NaN,
        "Total Revenue": NaN,
        "Operating Revenue": NaN
    },
    "2022-12-31": {
        "Tax Effect Of Unusual Items": NaN,
        "Tax Rate For Calcs": NaN,
        "Normalized EBITDA": NaN,
        "Total Unusual Items": NaN,
        "Total Unusual Items Excluding Goodwill": NaN,
        "Net Income From Continuing Operation Net Minority Interest": NaN,
        "Reconciled Depreciation": NaN,
        "EBITDA": NaN,
        "EBIT": NaN,
        "Net Interest Income": NaN,
        "Interest Expense": NaN,
        "Interest Income": NaN,
        "Normalized Income": NaN,
        "Net Income From Continuing And Discontinued Operation": NaN,
        "Total Expenses": NaN,
        "Total Operating Income As Reported": NaN,
        "Diluted Average Shares": NaN,
        "Basic Average Shares": NaN,
        "Diluted EPS": NaN,
        "Basic EPS": NaN,
        "Diluted NI Availto Com Stockholders": NaN,
        "Net Income Common Stockholders": NaN,
        "Net Income": NaN,
        "Net Income Including Noncontrolling Interests": NaN,
        "Net Income Continuous Operations": NaN,
        "Pretax Income": NaN,
        "Other Income Expense": NaN,
        "Other Non Operating Income Expenses": NaN,
        "Special Income Charges": NaN,
        "Other Special Charges": NaN,
        "Gain On Sale Of Security": NaN,
        "Net Non Operating Interest Income Expense": NaN,
        "Interest Expense Non Operating": NaN,
        "Interest Income Non Operating": NaN,
        "Operating Income": NaN,
        "Operating Expense": NaN,
        "Other Operating Expenses": -340000.0,
        "Other Taxes": NaN,
        "Research And Development": NaN,
        "Selling General And Administration": NaN,
        "General And Administrative Expense": NaN,
        "Other Gand A": NaN,
        "Total Revenue": NaN,
        "Operating Revenue": NaN
    },
    "2022-09-30": {
        "Tax Effect Of Unusual Items": NaN,
        "Tax Rate For Calcs": NaN,
        "Normalized EBITDA": NaN,
        "Total Unusual Items": NaN,
        "Total Unusual Items Excluding Goodwill": NaN,
        "Net Income From Continuing Operation Net Minority Interest": NaN,
        "Reconciled Depreciation": NaN,
        "EBITDA": NaN,
        "EBIT": NaN,
        "Net Interest Income": NaN,
        "Interest Expense": NaN,
        "Interest Income": 0.0,
        "Normalized Income": NaN,
        "Net Income From Continuing And Discontinued Operation": NaN,
        "Total Expenses": NaN,
        "Total Operating Income As Reported": NaN,
        "Diluted Average Shares": 208909351.0,
        "Basic Average Shares": 208909351.0,
        "Diluted EPS": -0.1,
        "Basic EPS": -0.1,
        "Diluted NI Availto Com Stockholders": NaN,
        "Net Income Common Stockholders": NaN,
        "Net Income": NaN,
        "Net Income Including Noncontrolling Interests": NaN,
        "Net Income Continuous Operations": NaN,
        "Pretax Income": NaN,
        "Other Income Expense": NaN,
        "Other Non Operating Income Expenses": 46000.0,
        "Special Income Charges": 0.0,
        "Other Special Charges": NaN,
        "Gain On Sale Of Security": NaN,
        "Net Non Operating Interest Income Expense": NaN,
        "Interest Expense Non Operating": NaN,
        "Interest Income Non Operating": 0.0,
        "Operating Income": NaN,
        "Operating Expense": NaN,
        "Other Operating Expenses": -4238000.0,
        "Other Taxes": NaN,
        "Research And Development": NaN,
        "Selling General And Administration": NaN,
        "General And Administrative Expense": NaN,
        "Other Gand A": NaN,
        "Total Revenue": NaN,
        "Operating Revenue": NaN
    },
    "2022-06-30": {
        "Tax Effect Of Unusual Items": 0.0,
        "Tax Rate For Calcs": 0.0,
        "Normalized EBITDA": -12115000.0,
        "Total Unusual Items": -3412000.0,
        "Total Unusual Items Excluding Goodwill": -3412000.0,
        "Net Income From Continuing Operation Net Minority Interest": -16771000.0,
        "Reconciled Depreciation": 591000.0,
        "EBITDA": -15527000.0,
        "EBIT": -16118000.0,
        "Net Interest Income": -653000.0,
        "Interest Expense": 653000.0,
        "Interest Income": NaN,
        "Normalized Income": -13359000.0,
        "Net Income From Continuing And Discontinued Operation": -16771000.0,
        "Total Expenses": 12927000.0,
        "Total Operating Income As Reported": -12692000.0,
        "Diluted Average Shares": 140114997.0,
        "Basic Average Shares": 140114997.0,
        "Diluted EPS": -0.12,
        "Basic EPS": -0.12,
        "Diluted NI Availto Com Stockholders": -16771000.0,
        "Net Income Common Stockholders": -16771000.0,
        "Net Income": -16771000.0,
        "Net Income Including Noncontrolling Interests": -16771000.0,
        "Net Income Continuous Operations": -16771000.0,
        "Pretax Income": -16771000.0,
        "Other Income Expense": -3426000.0,
        "Other Non Operating Income Expenses": -14000.0,
        "Special Income Charges": NaN,
        "Other Special Charges": NaN,
        "Gain On Sale Of Security": -3412000.0,
        "Net Non Operating Interest Income Expense": -653000.0,
        "Interest Expense Non Operating": 653000.0,
        "Interest Income Non Operating": NaN,
        "Operating Income": -12692000.0,
        "Operating Expense": 12927000.0,
        "Other Operating Expenses": -3014000.0,
        "Other Taxes": -810000.0,
        "Research And Development": 9008000.0,
        "Selling General And Administration": 6933000.0,
        "General And Administrative Expense": 6933000.0,
        "Other Gand A": 6933000.0,
        "Total Revenue": 235000.0,
        "Operating Revenue": 235000.0
    },
    "2022-03-31": {
        "Diluted EPS": -0.15,
        "Total Revenue": 0,
        "Gross Profit": 0,
        "Operating Income": -22,
        "EBIT": -22,
        "Net Income": -21
    },
    "2021-12-31": {
        "Diluted EPS": 0.01,
        "Total Revenue": 0,
        "Gross Profit": 0,
        "Operating Income": -26,
        "EBIT": -25,
        "Net Income": -27
    },
    "2021-09-30": {
        "Diluted EPS": -0.2,
        "Total Revenue": 1,
        "Gross Profit": 1,
        "Operating Income": -19,
        "EBIT": -19,
        "Net Income": -20
    },
    "2021-06-30": {
        "Diluted EPS": -0.27,
        "Total Revenue": 0,
        "Gross Profit": 0,
        "Operating Income": -24,
        "EBIT": -23,
        "Net Income": -24
    },
    "2021-03-31": {
        "Diluted EPS": -0.21,
        "Total Revenue": 0,
        "Gross Profit": 0,
        "Operating Income": -17,
        "EBIT": -16,
        "Net Income": -17
    },
    "2020-12-31": {
        "Diluted EPS": -0.18,
        "Total Revenue": 0,
        "Gross Profit": 0,
        "Operating Income": -12,
        "EBIT": -11,
        "Net Income": -14
    },
    "2020-09-30": {
        "Diluted EPS": -0.26,
        "Total Revenue": 0,
        "Gross Profit": 0,
        "Operating Income": -17,
        "EBIT": -16,
        "Net Income": -18
    },
    "2020-06-30": {
        "Diluted EPS": -0.23,
        "Total Revenue": 0,
        "Gross Profit": 0,
        "Operating Income": -15,
        "EBIT": -15,
        "Net Income": -15
    },
    "2020-03-31": {
        "Diluted EPS": -0.09,
        "Total Revenue": 0,
        "Gross Profit": 0,
        "Operating Income": -9,
        "EBIT": -9,
        "Net Income": -6
    },
    "2019-12-31": {
        "Diluted EPS": -0.22,
        "Total Revenue": 0,
        "Gross Profit": 0,
        "Operating Income": -4,
        "EBIT": -3,
        "Net Income": -9
    },
    "2019-10-31": {
        "Diluted EPS": -0.27,
        "Total Revenue": 0,
        "Gross Profit": 0,
        "Operating Income": -10,
        "EBIT": -8,
        "Net Income": -9
    },
    "2019-09-30": {
        "Diluted EPS": -0.2,
        "Total Revenue": 0,
        "Gross Profit": 0,
        "Operating Income": -6,
        "EBIT": -6,
        "Net Income": -6
    },
    "2019-07-31": {
        "Diluted EPS": -0.2,
        "Total Revenue": 0,
        "Gross Profit": 0,
        "Operating Income": -8,
        "EBIT": -7,
        "Net Income": -7
    },
    "2019-04-30": {
        "Diluted EPS": -0.2,
        "Total Revenue": 0,
        "Gross Profit": 0,
        "Operating Income": -6,
        "EBIT": -7,
        "Net Income": -5
    },
    "2019-01-31": {
        "Diluted EPS": 1.26,
        "Total Revenue": 56,
        "Gross Profit": 56,
        "Operating Income": 32,
        "EBIT": 33,
        "Net Income": 30
    },
    "2018-10-31": {
        "Diluted EPS": -0.65,
        "Total Revenue": 1,
        "Gross Profit": 1,
        "Operating Income": -12,
        "EBIT": -11,
        "Net Income": -11
    },
    "2018-07-31": {
        "Diluted EPS": 2.13,
        "Total Revenue": 51,
        "Gross Profit": 51,
        "Operating Income": 38,
        "EBIT": 38,
        "Net Income": 35
    },
    "2018-04-30": {
        "Diluted EPS": -0.55,
        "Total Revenue": 5,
        "Gross Profit": 5,
        "Operating Income": -9,
        "EBIT": -10,
        "Net Income": -8
    },
    "2018-01-31": {
        "Diluted EPS": -1.63,
        "Total Revenue": -24,
        "Gross Profit": -24,
        "Operating Income": -33,
        "EBIT": -34,
        "Net Income": -26
    },
    "2017-10-31": {
        "Diluted EPS": -0.2,
        "Total Revenue": 2,
        "Gross Profit": 2,
        "Operating Income": -8,
        "EBIT": -8,
        "Net Income": -2
    },
    "2017-07-31": {
        "Diluted EPS": 1.1,
        "Total Revenue": 25,
        "Gross Profit": 25,
        "Operating Income": 13,
        "EBIT": 13,
        "Net Income": 14
    },
    "2017-04-30": {
        "Diluted EPS": -0.5,
        "Total Revenue": 2,
        "Gross Profit": 2,
        "Operating Income": -7,
        "EBIT": -8,
        "Net Income": -6
    },
    "2017-01-31": {
        "Diluted EPS": -2.72,
        "Total Revenue": -26,
        "Gross Profit": -26,
        "Operating Income": -31,
        "EBIT": -31,
        "Net Income": -34
    },
    "2016-10-31": {
        "Diluted EPS": -0.45,
        "Total Revenue": 1,
        "Gross Profit": 1,
        "Operating Income": -6,
        "EBIT": -6,
        "Net Income": -6
    },
    "2016-07-31": {
        "Diluted EPS": -0.65,
        "Total Revenue": NaN,
        "Gross Profit": NaN,
        "Operating Income": -10,
        "EBIT": -10,
        "Net Income": -8
    },
    "2016-04-30": {
        "Diluted EPS": -0.65,
        "Total Revenue": NaN,
        "Gross Profit": NaN,
        "Operating Income": -9,
        "EBIT": -9,
        "Net Income": -8
    },
    "2016-01-31": {
        "Diluted EPS": -0.46,
        "Total Revenue": NaN,
        "Gross Profit": NaN,
        "Operating Income": -5,
        "EBIT": -5,
        "Net Income": -4
    },
    "2015-10-31": {
        "Diluted EPS": -0.6,
        "Total Revenue": NaN,
        "Gross Profit": NaN,
        "Operating Income": -8,
        "EBIT": -8,
        "Net Income": -7
    },
    "2015-07-31": {
        "Diluted EPS": -0.55,
        "Total Revenue": NaN,
        "Gross Profit": NaN,
        "Operating Income": -8,
        "EBIT": -7,
        "Net Income": -6
    },
    "2015-04-30": {
        "Diluted EPS": -0.45,
        "Total Revenue": NaN,
        "Gross Profit": NaN,
        "Operating Income": -6,
        "EBIT": -6,
        "Net Income": -5
    },
    "2015-03-31": {
        "Diluted EPS": 0.0,
        "Total Revenue": NaN,
        "Gross Profit": NaN,
        "Operating Income": -1,
        "EBIT": -1,
        "Net Income": -5
    },
    "2015-01-31": {
        "Diluted EPS": -0.78,
        "Total Revenue": NaN,
        "Gross Profit": NaN,
        "Operating Income": 1,
        "EBIT": 1,
        "Net Income": 0
    },
    "2014-12-31": {
        "Diluted EPS": 0.0,
        "Total Revenue": NaN,
        "Gross Profit": NaN,
        "Operating Income": -1,
        "EBIT": -1,
        "Net Income": -2
    },
    "2023-06-30": {
        "Tax Effect Of Unusual Items": NaN,
        "Tax Rate For Calcs": NaN,
        "Normalized EBITDA": NaN,
        "Total Unusual Items": NaN,
        "Total Unusual Items Excluding Goodwill": NaN,
        "Net Income From Continuing Operation Net Minority Interest": NaN,
        "Reconciled Depreciation": NaN,
        "EBITDA": NaN,
        "EBIT": NaN,
        "Net Interest Income": NaN,
        "Interest Expense": NaN,
        "Interest Income": 3286000.0,
        "Normalized Income": NaN,
        "Net Income From Continuing And Discontinued Operation": NaN,
        "Total Expenses": NaN,
        "Total Operating Income As Reported": NaN,
        "Diluted Average Shares": 697685365.0,
        "Basic Average Shares": 697685365.0,
        "Diluted EPS": -0.02,
        "Basic EPS": -0.02,
        "Diluted NI Availto Com Stockholders": NaN,
        "Net Income Common Stockholders": NaN,
        "Net Income": NaN,
        "Net Income Including Noncontrolling Interests": NaN,
        "Net Income Continuous Operations": NaN,
        "Pretax Income": NaN,
        "Other Income Expense": NaN,
        "Other Non Operating Income Expenses": -5000.0,
        "Special Income Charges": NaN,
        "Other Special Charges": NaN,
        "Gain On Sale Of Security": NaN,
        "Net Non Operating Interest Income Expense": NaN,
        "Interest Expense Non Operating": NaN,
        "Interest Income Non Operating": 3286000.0,
        "Operating Income": NaN,
        "Operating Expense": NaN,
        "Other Operating Expenses": -12000.0,
        "Other Taxes": NaN,
        "Research And Development": NaN,
        "Selling General And Administration": NaN,
        "General And Administrative Expense": NaN,
        "Other Gand A": NaN,
        "Total Revenue": NaN,
        "Operating Revenue": NaN
    },
    "2023-09-30": {
        "Tax Effect Of Unusual Items": 0.0,
        "Tax Rate For Calcs": 0.0,
        "Normalized EBITDA": -20524000.0,
        "Total Unusual Items": 2010000.0,
        "Total Unusual Items Excluding Goodwill": 2010000.0,
        "Net Income From Continuing Operation Net Minority Interest": -21268000.0,
        "Reconciled Depreciation": 32000.0,
        "EBITDA": -18514000.0,
        "EBIT": -18546000.0,
        "Net Interest Income": -2722000.0,
        "Interest Expense": 2722000.0,
        "Interest Income": 2485000.0,
        "Normalized Income": -23278000.0,
        "Net Income From Continuing And Discontinued Operation": -21268000.0,
        "Total Expenses": 20492000.0,
        "Total Operating Income As Reported": -20492000.0,
        "Diluted Average Shares": 697739477.0,
        "Basic Average Shares": 697739477.0,
        "Diluted EPS": -0.03,
        "Basic EPS": -0.03,
        "Diluted NI Availto Com Stockholders": -21268000.0,
        "Net Income Common Stockholders": -21268000.0,
        "Net Income": -21268000.0,
        "Net Income Including Noncontrolling Interests": -21268000.0,
        "Net Income Continuous Operations": -21268000.0,
        "Pretax Income": -21268000.0,
        "Other Income Expense": 1946000.0,
        "Other Non Operating Income Expenses": -64000.0,
        "Special Income Charges": 0.0,
        "Other Special Charges": NaN,
        "Gain On Sale Of Security": 2010000.0,
        "Net Non Operating Interest Income Expense": -2722000.0,
        "Interest Expense Non Operating": 2722000.0,
        "Interest Income Non Operating": 2485000.0,
        "Operating Income": -20492000.0,
        "Operating Expense": 20492000.0,
        "Other Operating Expenses": NaN,
        "Other Taxes": -265000.0,
        "Research And Development": 15323000.0,
        "Selling General And Administration": 5434000.0,
        "General And Administrative Expense": 5434000.0,
        "Other Gand A": 5434000.0,
        "Total Revenue": 0.0,
        "Operating Revenue": 0.0
    },
    "2023-12-31": {
        "Tax Effect Of Unusual Items": 0.0,
        "Tax Rate For Calcs": 0.0,
        "Normalized EBITDA": -33334000.0,
        "Total Unusual Items": 269000.0,
        "Total Unusual Items Excluding Goodwill": 269000.0,
        "Net Income From Continuing Operation Net Minority Interest": -36567000.0,
        "Reconciled Depreciation": 605000.0,
        "EBITDA": -33065000.0,
        "EBIT": -33670000.0,
        "Net Interest Income": -522000.0,
        "Interest Expense": 2897000.0,
        "Interest Income": 2375000.0,
        "Normalized Income": -36836000.0,
        "Net Income From Continuing And Discontinued Operation": -36567000.0,
        "Total Expenses": 36245000.0,
        "Total Operating Income As Reported": -36210000.0,
        "Diluted Average Shares": NaN,
        "Basic Average Shares": NaN,
        "Diluted EPS": NaN,
        "Basic EPS": NaN,
        "Diluted NI Availto Com Stockholders": -36567000.0,
        "Net Income Common Stockholders": -36567000.0,
        "Net Income": -36567000.0,
        "Net Income Including Noncontrolling Interests": -36567000.0,
        "Net Income Continuous Operations": -36567000.0,
        "Pretax Income": -36567000.0,
        "Other Income Expense": 165000.0,
        "Other Non Operating Income Expenses": -104000.0,
        "Special Income Charges": 0.0,
        "Other Special Charges": 0.0,
        "Gain On Sale Of Security": 269000.0,
        "Net Non Operating Interest Income Expense": -522000.0,
        "Interest Expense Non Operating": 2897000.0,
        "Interest Income Non Operating": 2375000.0,
        "Operating Income": -36245000.0,
        "Operating Expense": 36245000.0,
        "Other Operating Expenses": -1000.0,
        "Other Taxes": -178000.0,
        "Research And Development": 24814000.0,
        "Selling General And Administration": 11610000.0,
        "General And Administrative Expense": 11610000.0,
        "Other Gand A": -8190000.0,
        "Total Revenue": 0.0,
        "Operating Revenue": 0.0
    },
    "2024-03-31": {
        "Tax Effect Of Unusual Items": 0.0,
        "Tax Rate For Calcs": 0.0,
        "Normalized EBITDA": -42362000.0,
        "Total Unusual Items": 2037000.0,
        "Total Unusual Items Excluding Goodwill": 2037000.0,
        "Net Income From Continuing Operation Net Minority Interest": -43473000.0,
        "Reconciled Depreciation": 27000.0,
        "EBITDA": -40325000.0,
        "EBIT": -40352000.0,
        "Net Interest Income": -3121000.0,
        "Interest Expense": 3121000.0,
        "Interest Income": NaN,
        "Normalized Income": -45510000.0,
        "Net Income From Continuing And Discontinued Operation": -43473000.0,
        "Total Expenses": 42389000.0,
        "Total Operating Income As Reported": -42389000.0,
        "Diluted Average Shares": 701785250.0,
        "Basic Average Shares": 701785250.0,
        "Diluted EPS": -0.06,
        "Basic EPS": -0.06,
        "Diluted NI Availto Com Stockholders": -43473000.0,
        "Net Income Common Stockholders": -43473000.0,
        "Net Income": -43473000.0,
        "Net Income Including Noncontrolling Interests": -43473000.0,
        "Net Income Continuous Operations": -43473000.0,
        "Pretax Income": -43473000.0,
        "Other Income Expense": 2037000.0,
        "Other Non Operating Income Expenses": NaN,
        "Special Income Charges": 0.0,
        "Other Special Charges": NaN,
        "Gain On Sale Of Security": 2037000.0,
        "Net Non Operating Interest Income Expense": -3121000.0,
        "Interest Expense Non Operating": 3121000.0,
        "Interest Income Non Operating": NaN,
        "Operating Income": -42389000.0,
        "Operating Expense": 42389000.0,
        "Other Operating Expenses": NaN,
        "Other Taxes": -213000.0,
        "Research And Development": 30873000.0,
        "Selling General And Administration": 11729000.0,
        "General And Administrative Expense": 11729000.0,
        "Other Gand A": 11729000.0,
        "Total Revenue": 0.0,
        "Operating Revenue": 0.0
    },
    "2024-06-30": {
        "Tax Effect Of Unusual Items": 0.0,
        "Tax Rate For Calcs": 0.0,
        "Normalized EBITDA": -44590000.0,
        "Total Unusual Items": -12673000.0,
        "Total Unusual Items Excluding Goodwill": -12673000.0,
        "Net Income From Continuing Operation Net Minority Interest": -60385000.0,
        "Reconciled Depreciation": 20000.0,
        "EBITDA": -57263000.0,
        "EBIT": -57283000.0,
        "Net Interest Income": -3102000.0,
        "Interest Expense": 3102000.0,
        "Interest Income": NaN,
        "Normalized Income": -47712000.0,
        "Net Income From Continuing And Discontinued Operation": -60385000.0,
        "Total Expenses": 44610000.0,
        "Total Operating Income As Reported": -59617000.0,
        "Diluted Average Shares": 707904643.0,
        "Basic Average Shares": 707904643.0,
        "Diluted EPS": -0.09,
        "Basic EPS": -0.09,
        "Diluted NI Availto Com Stockholders": -60385000.0,
        "Net Income Common Stockholders": -60385000.0,
        "Net Income": -60385000.0,
        "Net Income Including Noncontrolling Interests": -60385000.0,
        "Net Income Continuous Operations": -60385000.0,
        "Pretax Income": -60385000.0,
        "Other Income Expense": -12673000.0,
        "Other Non Operating Income Expenses": NaN,
        "Special Income Charges": -15007000.0,
        "Other Special Charges": 15007000.0,
        "Gain On Sale Of Security": 2334000.0,
        "Net Non Operating Interest Income Expense": -3102000.0,
        "Interest Expense Non Operating": 3102000.0,
        "Interest Income Non Operating": NaN,
        "Operating Income": -44610000.0,
        "Operating Expense": 44610000.0,
        "Other Operating Expenses": NaN,
        "Other Taxes": -159000.0,
        "Research And Development": 30798000.0,
        "Selling General And Administration": 13971000.0,
        "General And Administrative Expense": 13971000.0,
        "Other Gand A": 13971000.0,
        "Total Revenue": 0.0,
        "Operating Revenue": 0.0
    },
    "2024-09-30": {
        "Tax Effect Of Unusual Items": 0.0,
        "Tax Rate For Calcs": 0.0,
        "Normalized EBITDA": -58358000.0,
        "Total Unusual Items": 4579000.0,
        "Total Unusual Items Excluding Goodwill": 4579000.0,
        "Net Income From Continuing Operation Net Minority Interest": -56254000.0,
        "Reconciled Depreciation": 20000.0,
        "EBITDA": -53779000.0,
        "EBIT": -53799000.0,
        "Net Interest Income": -2455000.0,
        "Interest Expense": 2455000.0,
        "Interest Income": NaN,
        "Normalized Income": -60833000.0,
        "Net Income From Continuing And Discontinued Operation": -56254000.0,
        "Total Expenses": 58378000.0,
        "Total Operating Income As Reported": -58378000.0,
        "Diluted Average Shares": 726656045.0,
        "Basic Average Shares": 726656045.0,
        "Diluted EPS": -0.08,
        "Basic EPS": -0.08,
        "Diluted NI Availto Com Stockholders": -56254000.0,
        "Net Income Common Stockholders": -56254000.0,
        "Net Income": -56254000.0,
        "Net Income Including Noncontrolling Interests": -56254000.0,
        "Net Income Continuous Operations": -56254000.0,
        "Pretax Income": -56254000.0,
        "Other Income Expense": 4579000.0,
        "Other Non Operating Income Expenses": NaN,
        "Special Income Charges": 0.0,
        "Other Special Charges": NaN,
        "Gain On Sale Of Security": 4579000.0,
        "Net Non Operating Interest Income Expense": -2455000.0,
        "Interest Expense Non Operating": 2455000.0,
        "Interest Income Non Operating": NaN,
        "Operating Income": -58378000.0,
        "Operating Expense": 58378000.0,
        "Other Operating Expenses": NaN,
        "Other Taxes": 264000.0,
        "Research And Development": 37724000.0,
        "Selling General And Administration": 20390000.0,
        "General And Administrative Expense": 20390000.0,
        "Other Gand A": 20390000.0,
        "Total Revenue": 0.0,
        "Operating Revenue": 0.0
    }
}