{
    "2023-03-31": {
        "Tax Effect Of Unusual Items": NaN,
        "Tax Rate For Calcs": NaN,
        "Normalized EBITDA": NaN,
        "Total Unusual Items": NaN,
        "Total Unusual Items Excluding Goodwill": NaN,
        "Net Income From Continuing Operation Net Minority Interest": NaN,
        "Reconciled Depreciation": NaN,
        "Reconciled Cost Of Revenue": NaN,
        "EBITDA": NaN,
        "EBIT": NaN,
        "Net Interest Income": NaN,
        "Interest Income": 3097000.0,
        "Normalized Income": NaN,
        "Net Income From Continuing And Discontinued Operation": NaN,
        "Total Expenses": NaN,
        "Total Operating Income As Reported": NaN,
        "Diluted Average Shares": 69684268.0,
        "Basic Average Shares": 69684268.0,
        "Diluted EPS": -0.16,
        "Basic EPS": -0.16,
        "Diluted NI Availto Com Stockholders": NaN,
        "Net Income Common Stockholders": NaN,
        "Otherunder Preferred Stock Dividend": 0.0,
        "Net Income": NaN,
        "Minority Interests": NaN,
        "Net Income Including Noncontrolling Interests": NaN,
        "Net Income Continuous Operations": NaN,
        "Tax Provision": NaN,
        "Pretax Income": NaN,
        "Other Income Expense": NaN,
        "Other Non Operating Income Expenses": NaN,
        "Gain On Sale Of Security": NaN,
        "Net Non Operating Interest Income Expense": NaN,
        "Total Other Finance Cost": -3097000.0,
        "Interest Income Non Operating": 3097000.0,
        "Operating Income": NaN,
        "Operating Expense": NaN,
        "Other Operating Expenses": NaN,
        "Research And Development": NaN,
        "Selling General And Administration": NaN,
        "General And Administrative Expense": NaN,
        "Other Gand A": NaN,
        "Gross Profit": NaN,
        "Cost Of Revenue": NaN,
        "Total Revenue": NaN,
        "Operating Revenue": NaN
    },
    "2022-12-31": {
        "Tax Effect Of Unusual Items": NaN,
        "Tax Rate For Calcs": NaN,
        "Normalized EBITDA": NaN,
        "Total Unusual Items": NaN,
        "Total Unusual Items Excluding Goodwill": NaN,
        "Net Income From Continuing Operation Net Minority Interest": NaN,
        "Reconciled Depreciation": NaN,
        "Reconciled Cost Of Revenue": NaN,
        "EBITDA": NaN,
        "EBIT": NaN,
        "Net Interest Income": NaN,
        "Interest Income": NaN,
        "Normalized Income": NaN,
        "Net Income From Continuing And Discontinued Operation": NaN,
        "Total Expenses": NaN,
        "Total Operating Income As Reported": NaN,
        "Diluted Average Shares": NaN,
        "Basic Average Shares": NaN,
        "Diluted EPS": NaN,
        "Basic EPS": NaN,
        "Diluted NI Availto Com Stockholders": NaN,
        "Net Income Common Stockholders": NaN,
        "Otherunder Preferred Stock Dividend": 0.0,
        "Net Income": NaN,
        "Minority Interests": NaN,
        "Net Income Including Noncontrolling Interests": NaN,
        "Net Income Continuous Operations": NaN,
        "Tax Provision": NaN,
        "Pretax Income": NaN,
        "Other Income Expense": NaN,
        "Other Non Operating Income Expenses": NaN,
        "Gain On Sale Of Security": NaN,
        "Net Non Operating Interest Income Expense": NaN,
        "Total Other Finance Cost": NaN,
        "Interest Income Non Operating": NaN,
        "Operating Income": NaN,
        "Operating Expense": NaN,
        "Other Operating Expenses": NaN,
        "Research And Development": NaN,
        "Selling General And Administration": NaN,
        "General And Administrative Expense": NaN,
        "Other Gand A": NaN,
        "Gross Profit": NaN,
        "Cost Of Revenue": NaN,
        "Total Revenue": NaN,
        "Operating Revenue": NaN
    },
    "2022-09-30": {
        "Tax Effect Of Unusual Items": NaN,
        "Tax Rate For Calcs": NaN,
        "Normalized EBITDA": NaN,
        "Total Unusual Items": NaN,
        "Total Unusual Items Excluding Goodwill": NaN,
        "Net Income From Continuing Operation Net Minority Interest": NaN,
        "Reconciled Depreciation": NaN,
        "Reconciled Cost Of Revenue": NaN,
        "EBITDA": NaN,
        "EBIT": NaN,
        "Net Interest Income": NaN,
        "Interest Income": 880000.0,
        "Normalized Income": NaN,
        "Net Income From Continuing And Discontinued Operation": NaN,
        "Total Expenses": NaN,
        "Total Operating Income As Reported": NaN,
        "Diluted Average Shares": 46417563.0,
        "Basic Average Shares": 46417563.0,
        "Diluted EPS": -0.23,
        "Basic EPS": -0.23,
        "Diluted NI Availto Com Stockholders": NaN,
        "Net Income Common Stockholders": NaN,
        "Otherunder Preferred Stock Dividend": NaN,
        "Net Income": NaN,
        "Minority Interests": NaN,
        "Net Income Including Noncontrolling Interests": NaN,
        "Net Income From Tax Loss Carryforward": 0.0,
        "Net Income Continuous Operations": NaN,
        "Tax Provision": NaN,
        "Pretax Income": NaN,
        "Other Income Expense": NaN,
        "Other Non Operating Income Expenses": NaN,
        "Gain On Sale Of Security": NaN,
        "Net Non Operating Interest Income Expense": NaN,
        "Total Other Finance Cost": NaN,
        "Interest Income Non Operating": 880000.0,
        "Operating Income": NaN,
        "Operating Expense": NaN,
        "Other Operating Expenses": NaN,
        "Research And Development": NaN,
        "Selling General And Administration": NaN,
        "General And Administrative Expense": NaN,
        "Other Gand A": NaN,
        "Gross Profit": NaN,
        "Cost Of Revenue": NaN,
        "Total Revenue": NaN,
        "Operating Revenue": NaN
    },
    "2022-06-30": {
        "Tax Effect Of Unusual Items": 0.0,
        "Tax Rate For Calcs": 0.0,
        "Normalized EBITDA": -27489000.0,
        "Total Unusual Items": 6120000.0,
        "Total Unusual Items Excluding Goodwill": 6120000.0,
        "Net Income From Continuing Operation Net Minority Interest": -10375000.0,
        "Reconciled Depreciation": 683000.0,
        "Reconciled Cost Of Revenue": 1739000.0,
        "EBITDA": -21369000.0,
        "EBIT": -21369000.0,
        "Net Interest Income": -11000.0,
        "Interest Expense": 11000.0,
        "Interest Income": NaN,
        "Normalized Income": -16495000.0,
        "Net Income From Continuing And Discontinued Operation": -10375000.0,
        "Total Expenses": 55415000.0,
        "Total Operating Income As Reported": -52666000.0,
        "Diluted Average Shares": 42028341.0,
        "Basic Average Shares": 42028341.0,
        "Diluted EPS": -0.06,
        "Basic EPS": -0.06,
        "Diluted NI Availto Com Stockholders": -2593000.0,
        "Net Income Common Stockholders": -2593000.0,
        "Otherunder Preferred Stock Dividend": -7782000.0,
        "Net Income": -10375000.0,
        "Minority Interests": 11005000.0,
        "Net Income Including Noncontrolling Interests": -21380000.0,
        "Net Income From Tax Loss Carryforward": 7782000.0,
        "Net Income Continuous Operations": -21380000.0,
        "Tax Provision": 0.0,
        "Pretax Income": -21380000.0,
        "Other Income Expense": 31297000.0,
        "Other Non Operating Income Expenses": 25177000.0,
        "Gain On Sale Of Security": 6120000.0,
        "Net Non Operating Interest Income Expense": -11000.0,
        "Total Other Finance Cost": NaN,
        "Interest Expense Non Operating": 11000.0,
        "Interest Income Non Operating": NaN,
        "Operating Income": -52666000.0,
        "Operating Expense": 53676000.0,
        "Other Operating Expenses": 9605000.0,
        "Research And Development": 28628000.0,
        "Selling General And Administration": 15443000.0,
        "General And Administrative Expense": 15443000.0,
        "Other Gand A": 15443000.0,
        "Gross Profit": 1010000.0,
        "Cost Of Revenue": 1739000.0,
        "Total Revenue": 2749000.0,
        "Operating Revenue": 2749000.0
    },
    "2022-03-31": {
        "Diluted EPS": 0.0,
        "Total Revenue": 2,
        "Gross Profit": 1,
        "Operating Income": -44,
        "EBIT": -43,
        "Net Income": NaN
    },
    "2021-12-31": {
        "Diluted EPS": 0.0,
        "Total Revenue": 2,
        "Gross Profit": 1,
        "Operating Income": -87,
        "EBIT": -87,
        "Net Income": -59
    },
    "2021-09-30": {
        "Diluted EPS": 0.0,
        "Total Revenue": 0,
        "Gross Profit": 0,
        "Operating Income": -46,
        "EBIT": -45,
        "Net Income": -27
    },
    "2021-06-30": {
        "Diluted EPS": 0.0,
        "Total Revenue": 0,
        "Gross Profit": 0,
        "Operating Income": -41,
        "EBIT": -41,
        "Net Income": -25
    },
    "2021-03-31": {
        "Diluted EPS": 0.3,
        "Total Revenue": NaN,
        "Gross Profit": NaN,
        "Operating Income": 0,
        "EBIT": 0,
        "Net Income": 9
    },
    "2020-12-31": {
        "Diluted EPS": 0.0,
        "Total Revenue": NaN,
        "Gross Profit": NaN,
        "Operating Income": NaN,
        "EBIT": NaN,
        "Net Income": NaN
    },
    "2020-09-30": {
        "Diluted EPS": 0.0,
        "Total Revenue": NaN,
        "Gross Profit": NaN,
        "Operating Income": 0,
        "EBIT": 0,
        "Net Income": 0
    },
    "2023-06-30": {
        "Tax Effect Of Unusual Items": 0.0,
        "Tax Rate For Calcs": 0.0,
        "Normalized EBITDA": -62718000.0,
        "Total Unusual Items": 7199000.0,
        "Total Unusual Items Excluding Goodwill": 7199000.0,
        "Net Income From Continuing Operation Net Minority Interest": -9523000.0,
        "Reconciled Depreciation": 602000.0,
        "Reconciled Cost Of Revenue": 5765000.0,
        "EBITDA": -55519000.0,
        "EBIT": -56121000.0,
        "Net Interest Income": 2851000.0,
        "Interest Income": 2851000.0,
        "Normalized Income": -16722000.0,
        "Net Income From Continuing And Discontinued Operation": -9523000.0,
        "Total Expenses": 61916000.0,
        "Total Operating Income As Reported": -56121000.0,
        "Diluted Average Shares": 72125375.0,
        "Basic Average Shares": 72125375.0,
        "Diluted EPS": -0.13,
        "Basic EPS": -0.13,
        "Diluted NI Availto Com Stockholders": -9523000.0,
        "Net Income Common Stockholders": -9523000.0,
        "Otherunder Preferred Stock Dividend": 0.0,
        "Net Income": -9523000.0,
        "Minority Interests": 20211000.0,
        "Net Income Including Noncontrolling Interests": -29734000.0,
        "Net Income Continuous Operations": -29734000.0,
        "Tax Provision": 0.0,
        "Pretax Income": -29734000.0,
        "Other Income Expense": 23536000.0,
        "Other Non Operating Income Expenses": 16337000.0,
        "Gain On Sale Of Security": 7199000.0,
        "Net Non Operating Interest Income Expense": 2851000.0,
        "Total Other Finance Cost": NaN,
        "Interest Income Non Operating": 2851000.0,
        "Operating Income": -56121000.0,
        "Operating Expense": 56151000.0,
        "Other Operating Expenses": 12896000.0,
        "Research And Development": 26932000.0,
        "Selling General And Administration": 16323000.0,
        "General And Administrative Expense": 16323000.0,
        "Other Gand A": 16323000.0,
        "Gross Profit": 30000.0,
        "Cost Of Revenue": 5765000.0,
        "Total Revenue": 5795000.0,
        "Operating Revenue": 5795000.0
    },
    "2023-09-30": {
        "Tax Effect Of Unusual Items": 0.0,
        "Tax Rate For Calcs": 0.0,
        "Normalized EBITDA": -103307000.0,
        "Total Unusual Items": 11076000.0,
        "Total Unusual Items Excluding Goodwill": 11076000.0,
        "Net Income From Continuing Operation Net Minority Interest": -19122000.0,
        "Reconciled Depreciation": 685000.0,
        "Reconciled Cost Of Revenue": 5940000.0,
        "EBITDA": -92231000.0,
        "EBIT": -92916000.0,
        "Net Interest Income": 2738000.0,
        "Interest Income": 2738000.0,
        "Normalized Income": -30198000.0,
        "Net Income From Continuing And Discontinued Operation": -19122000.0,
        "Total Expenses": 99866000.0,
        "Total Operating Income As Reported": -92916000.0,
        "Diluted Average Shares": 74836884.0,
        "Basic Average Shares": 74836884.0,
        "Diluted EPS": -0.26,
        "Basic EPS": -0.26,
        "Diluted NI Availto Com Stockholders": -19122000.0,
        "Net Income Common Stockholders": -19122000.0,
        "Otherunder Preferred Stock Dividend": 0.0,
        "Net Income": -19122000.0,
        "Minority Interests": 39206000.0,
        "Net Income Including Noncontrolling Interests": -58328000.0,
        "Net Income Continuous Operations": -58328000.0,
        "Tax Provision": 0.0,
        "Pretax Income": -58328000.0,
        "Other Income Expense": 31850000.0,
        "Other Non Operating Income Expenses": 20774000.0,
        "Gain On Sale Of Security": 11076000.0,
        "Net Non Operating Interest Income Expense": 2738000.0,
        "Total Other Finance Cost": NaN,
        "Interest Income Non Operating": 2738000.0,
        "Operating Income": -92916000.0,
        "Operating Expense": 93926000.0,
        "Other Operating Expenses": 13799000.0,
        "Research And Development": 63725000.0,
        "Selling General And Administration": 16402000.0,
        "General And Administrative Expense": 16402000.0,
        "Other Gand A": 16402000.0,
        "Gross Profit": 1010000.0,
        "Cost Of Revenue": 5940000.0,
        "Total Revenue": 6950000.0,
        "Operating Revenue": 6950000.0
    },
    "2023-12-31": {
        "Tax Effect Of Unusual Items": 0.0,
        "Tax Rate For Calcs": 0.0,
        "Normalized EBITDA": -76905000.0,
        "Total Unusual Items": 6460000.0,
        "Total Unusual Items Excluding Goodwill": 6460000.0,
        "Net Income From Continuing Operation Net Minority Interest": -18755000.0,
        "Reconciled Depreciation": 611000.0,
        "Reconciled Cost Of Revenue": 3840000.0,
        "EBITDA": -70445000.0,
        "EBIT": -71056000.0,
        "Net Interest Income": 2106000.0,
        "Interest Income": NaN,
        "Normalized Income": -25215000.0,
        "Net Income From Continuing And Discontinued Operation": -18755000.0,
        "Total Expenses": 75616000.0,
        "Total Operating Income As Reported": -71056000.0,
        "Diluted Average Shares": NaN,
        "Basic Average Shares": NaN,
        "Diluted EPS": NaN,
        "Basic EPS": NaN,
        "Diluted NI Availto Com Stockholders": -18755000.0,
        "Net Income Common Stockholders": -18755000.0,
        "Otherunder Preferred Stock Dividend": 0.0,
        "Net Income": -18755000.0,
        "Minority Interests": 37688000.0,
        "Net Income Including Noncontrolling Interests": -56443000.0,
        "Net Income Continuous Operations": -56443000.0,
        "Tax Provision": 0.0,
        "Pretax Income": -56443000.0,
        "Other Income Expense": 12507000.0,
        "Other Non Operating Income Expenses": 6047000.0,
        "Gain On Sale Of Security": 6460000.0,
        "Net Non Operating Interest Income Expense": 2106000.0,
        "Total Other Finance Cost": NaN,
        "Interest Income Non Operating": NaN,
        "Operating Income": -71056000.0,
        "Operating Expense": 71776000.0,
        "Other Operating Expenses": 15969000.0,
        "Research And Development": 37823000.0,
        "Selling General And Administration": 17984000.0,
        "General And Administrative Expense": 17984000.0,
        "Other Gand A": 17984000.0,
        "Gross Profit": 720000.0,
        "Cost Of Revenue": 3840000.0,
        "Total Revenue": 4560000.0,
        "Operating Revenue": 4560000.0
    },
    "2024-03-31": {
        "Tax Effect Of Unusual Items": 0.0,
        "Tax Rate For Calcs": 0.0,
        "Normalized EBITDA": -34394000.0,
        "Total Unusual Items": -9045000.0,
        "Total Unusual Items Excluding Goodwill": -9045000.0,
        "Net Income From Continuing Operation Net Minority Interest": -16572000.0,
        "Reconciled Depreciation": 534000.0,
        "Reconciled Cost Of Revenue": 735000.0,
        "EBITDA": -43439000.0,
        "EBIT": -43973000.0,
        "Net Interest Income": 1542000.0,
        "Interest Income": 1542000.0,
        "Normalized Income": -7527000.0,
        "Net Income From Continuing And Discontinued Operation": -16572000.0,
        "Total Expenses": 45352000.0,
        "Total Operating Income As Reported": -43973000.0,
        "Diluted Average Shares": 79585062.0,
        "Basic Average Shares": 79585062.0,
        "Diluted EPS": -0.21,
        "Basic EPS": -0.21,
        "Diluted NI Availto Com Stockholders": -16572000.0,
        "Net Income Common Stockholders": -16572000.0,
        "Otherunder Preferred Stock Dividend": NaN,
        "Net Income": -16572000.0,
        "Minority Interests": 31508000.0,
        "Net Income Including Noncontrolling Interests": -48080000.0,
        "Net Income Continuous Operations": -48080000.0,
        "Tax Provision": 0.0,
        "Pretax Income": -48080000.0,
        "Other Income Expense": -5649000.0,
        "Other Non Operating Income Expenses": 3396000.0,
        "Gain On Sale Of Security": -9045000.0,
        "Net Non Operating Interest Income Expense": 1542000.0,
        "Total Other Finance Cost": NaN,
        "Interest Income Non Operating": 1542000.0,
        "Operating Income": -43973000.0,
        "Operating Expense": 44617000.0,
        "Other Operating Expenses": 12103000.0,
        "Research And Development": 13155000.0,
        "Selling General And Administration": 19359000.0,
        "General And Administrative Expense": 19359000.0,
        "Other Gand A": 19359000.0,
        "Gross Profit": 644000.0,
        "Cost Of Revenue": 735000.0,
        "Total Revenue": 1379000.0,
        "Operating Revenue": 1379000.0
    },
    "2024-06-30": {
        "Tax Effect Of Unusual Items": 0.0,
        "Tax Rate For Calcs": 0.0,
        "Normalized EBITDA": -4698000.0,
        "Total Unusual Items": -36733000.0,
        "Total Unusual Items Excluding Goodwill": -36733000.0,
        "Net Income From Continuing Operation Net Minority Interest": -27617000.0,
        "Reconciled Depreciation": 447000.0,
        "Reconciled Cost Of Revenue": 850000.0,
        "EBITDA": -41431000.0,
        "EBIT": -41878000.0,
        "Net Interest Income": 1725000.0,
        "Interest Income": 1725000.0,
        "Normalized Income": 9116000.0,
        "Net Income From Continuing And Discontinued Operation": -27617000.0,
        "Total Expenses": 42845000.0,
        "Total Operating Income As Reported": -41878000.0,
        "Diluted Average Shares": 89553679.0,
        "Basic Average Shares": 89553679.0,
        "Diluted EPS": -0.31,
        "Basic EPS": -0.31,
        "Diluted NI Availto Com Stockholders": -27617000.0,
        "Net Income Common Stockholders": -27617000.0,
        "Otherunder Preferred Stock Dividend": NaN,
        "Net Income": -27617000.0,
        "Minority Interests": 46821000.0,
        "Net Income Including Noncontrolling Interests": -74438000.0,
        "Net Income Continuous Operations": -74438000.0,
        "Tax Provision": 0.0,
        "Pretax Income": -74438000.0,
        "Other Income Expense": -34285000.0,
        "Other Non Operating Income Expenses": 2448000.0,
        "Gain On Sale Of Security": -36733000.0,
        "Net Non Operating Interest Income Expense": 1725000.0,
        "Total Other Finance Cost": NaN,
        "Interest Income Non Operating": 1725000.0,
        "Operating Income": -41878000.0,
        "Operating Expense": 41995000.0,
        "Other Operating Expenses": 13036000.0,
        "Research And Development": 12132000.0,
        "Selling General And Administration": 16827000.0,
        "General And Administrative Expense": 16827000.0,
        "Other Gand A": 16827000.0,
        "Gross Profit": 117000.0,
        "Cost Of Revenue": 850000.0,
        "Total Revenue": 967000.0,
        "Operating Revenue": 967000.0
    }
}