{
    "2023-03-31": {
        "Tax Effect Of Unusual Items": NaN,
        "Tax Rate For Calcs": NaN,
        "Normalized EBITDA": NaN,
        "Total Unusual Items": NaN,
        "Total Unusual Items Excluding Goodwill": NaN,
        "Net Income From Continuing Operation Net Minority Interest": NaN,
        "Reconciled Depreciation": NaN,
        "Reconciled Cost Of Revenue": NaN,
        "EBITDA": NaN,
        "EBIT": NaN,
        "Net Interest Income": NaN,
        "Interest Expense": NaN,
        "Normalized Income": NaN,
        "Net Income From Continuing And Discontinued Operation": NaN,
        "Total Expenses": NaN,
        "Total Operating Income As Reported": NaN,
        "Diluted Average Shares": 8173784.0,
        "Basic Average Shares": 8173784.0,
        "Diluted EPS": -0.14,
        "Basic EPS": -0.14,
        "Diluted NI Availto Com Stockholders": NaN,
        "Net Income Common Stockholders": NaN,
        "Net Income": NaN,
        "Minority Interests": NaN,
        "Net Income Including Noncontrolling Interests": NaN,
        "Net Income Continuous Operations": NaN,
        "Tax Provision": NaN,
        "Pretax Income": NaN,
        "Other Income Expense": NaN,
        "Special Income Charges": NaN,
        "Restructuring And Mergern Acquisition": NaN,
        "Earnings From Equity Interest": 0.0,
        "Gain On Sale Of Security": 452687.0,
        "Net Non Operating Interest Income Expense": NaN,
        "Interest Expense Non Operating": NaN,
        "Operating Income": NaN,
        "Operating Expense": NaN,
        "Depreciation Amortization Depletion Income Statement": NaN,
        "Depreciation And Amortization In Income Statement": NaN,
        "Research And Development": NaN,
        "Selling General And Administration": NaN,
        "Gross Profit": NaN,
        "Cost Of Revenue": NaN,
        "Total Revenue": NaN,
        "Operating Revenue": NaN
    },
    "2022-12-31": {
        "Tax Effect Of Unusual Items": NaN,
        "Tax Rate For Calcs": NaN,
        "Normalized EBITDA": NaN,
        "Total Unusual Items": NaN,
        "Total Unusual Items Excluding Goodwill": NaN,
        "Net Income From Continuing Operation Net Minority Interest": NaN,
        "Reconciled Depreciation": NaN,
        "Reconciled Cost Of Revenue": NaN,
        "EBITDA": NaN,
        "EBIT": NaN,
        "Net Interest Income": NaN,
        "Interest Expense": NaN,
        "Normalized Income": NaN,
        "Net Income From Continuing And Discontinued Operation": NaN,
        "Total Expenses": NaN,
        "Total Operating Income As Reported": NaN,
        "Diluted Average Shares": NaN,
        "Basic Average Shares": NaN,
        "Diluted EPS": NaN,
        "Basic EPS": NaN,
        "Diluted NI Availto Com Stockholders": NaN,
        "Net Income Common Stockholders": NaN,
        "Net Income": NaN,
        "Minority Interests": NaN,
        "Net Income Including Noncontrolling Interests": NaN,
        "Net Income Continuous Operations": NaN,
        "Tax Provision": 0.0,
        "Pretax Income": NaN,
        "Other Income Expense": NaN,
        "Special Income Charges": NaN,
        "Restructuring And Mergern Acquisition": NaN,
        "Earnings From Equity Interest": 0.0,
        "Gain On Sale Of Security": NaN,
        "Net Non Operating Interest Income Expense": NaN,
        "Interest Expense Non Operating": NaN,
        "Operating Income": NaN,
        "Operating Expense": NaN,
        "Depreciation Amortization Depletion Income Statement": NaN,
        "Depreciation And Amortization In Income Statement": NaN,
        "Research And Development": NaN,
        "Selling General And Administration": NaN,
        "Gross Profit": NaN,
        "Cost Of Revenue": NaN,
        "Total Revenue": NaN,
        "Operating Revenue": NaN
    },
    "2022-09-30": {
        "Tax Effect Of Unusual Items": NaN,
        "Tax Rate For Calcs": NaN,
        "Normalized EBITDA": NaN,
        "Total Unusual Items": NaN,
        "Total Unusual Items Excluding Goodwill": NaN,
        "Net Income From Continuing Operation Net Minority Interest": NaN,
        "Reconciled Depreciation": NaN,
        "Reconciled Cost Of Revenue": NaN,
        "EBITDA": NaN,
        "EBIT": NaN,
        "Net Interest Income": NaN,
        "Interest Expense": NaN,
        "Normalized Income": NaN,
        "Net Income From Continuing And Discontinued Operation": NaN,
        "Total Expenses": NaN,
        "Total Operating Income As Reported": NaN,
        "Diluted Average Shares": 8107261.0,
        "Basic Average Shares": 8107261.0,
        "Diluted EPS": -0.18,
        "Basic EPS": -0.18,
        "Diluted NI Availto Com Stockholders": NaN,
        "Net Income Common Stockholders": NaN,
        "Net Income": NaN,
        "Minority Interests": NaN,
        "Net Income Including Noncontrolling Interests": NaN,
        "Net Income Continuous Operations": NaN,
        "Tax Provision": -1702890.0,
        "Pretax Income": NaN,
        "Other Income Expense": NaN,
        "Special Income Charges": NaN,
        "Restructuring And Mergern Acquisition": NaN,
        "Earnings From Equity Interest": NaN,
        "Gain On Sale Of Security": NaN,
        "Net Non Operating Interest Income Expense": NaN,
        "Interest Expense Non Operating": NaN,
        "Operating Income": NaN,
        "Operating Expense": NaN,
        "Depreciation Amortization Depletion Income Statement": NaN,
        "Depreciation And Amortization In Income Statement": NaN,
        "Research And Development": NaN,
        "Selling General And Administration": NaN,
        "Gross Profit": NaN,
        "Cost Of Revenue": NaN,
        "Total Revenue": NaN,
        "Operating Revenue": NaN
    },
    "2022-06-30": {
        "Tax Effect Of Unusual Items": 0.0,
        "Tax Rate For Calcs": 0.0,
        "Normalized EBITDA": -2782441.0,
        "Total Unusual Items": NaN,
        "Total Unusual Items Excluding Goodwill": NaN,
        "Net Income From Continuing Operation Net Minority Interest": -3245384.0,
        "Reconciled Depreciation": 412028.0,
        "Reconciled Cost Of Revenue": 958086.0,
        "EBITDA": -2782441.0,
        "EBIT": -3194469.0,
        "Net Interest Income": -63427.0,
        "Interest Expense": 63427.0,
        "Normalized Income": -3245384.0,
        "Net Income From Continuing And Discontinued Operation": -3245384.0,
        "Total Expenses": 12865247.0,
        "Total Operating Income As Reported": -3194469.0,
        "Diluted Average Shares": 8162983.0,
        "Basic Average Shares": 7791431.0,
        "Diluted EPS": 0.09,
        "Basic EPS": 0.1,
        "Diluted NI Availto Com Stockholders": -3245384.0,
        "Net Income Common Stockholders": -3245384.0,
        "Net Income": -3245384.0,
        "Minority Interests": 12512.0,
        "Net Income Including Noncontrolling Interests": -3257896.0,
        "Net Income Continuous Operations": -3257896.0,
        "Tax Provision": NaN,
        "Pretax Income": -3257896.0,
        "Other Income Expense": NaN,
        "Special Income Charges": NaN,
        "Restructuring And Mergern Acquisition": NaN,
        "Earnings From Equity Interest": 0.0,
        "Gain On Sale Of Security": NaN,
        "Net Non Operating Interest Income Expense": -63427.0,
        "Interest Expense Non Operating": 63427.0,
        "Operating Income": -3194469.0,
        "Operating Expense": 11907161.0,
        "Depreciation Amortization Depletion Income Statement": 412028.0,
        "Depreciation And Amortization In Income Statement": 412028.0,
        "Research And Development": 1067000.0,
        "Selling General And Administration": 10428133.0,
        "Gross Profit": 8712692.0,
        "Cost Of Revenue": 958086.0,
        "Total Revenue": 9670778.0,
        "Operating Revenue": 9670778.0
    },
    "2022-03-31": {
        "Diluted EPS": -0.41,
        "Total Revenue": 8,
        "Gross Profit": 7,
        "Operating Income": -3,
        "EBIT": -3,
        "Net Income": -3
    },
    "2021-12-31": {
        "Diluted EPS": -0.48,
        "Total Revenue": 7,
        "Gross Profit": 6,
        "Operating Income": -3,
        "EBIT": -3,
        "Net Income": -4
    },
    "2021-09-30": {
        "Diluted EPS": -0.27,
        "Total Revenue": 6,
        "Gross Profit": 5,
        "Operating Income": -2,
        "EBIT": -2,
        "Net Income": -2
    },
    "2021-06-30": {
        "Diluted EPS": -0.16,
        "Total Revenue": 6,
        "Gross Profit": 6,
        "Operating Income": -1,
        "EBIT": -1,
        "Net Income": -1
    },
    "2021-03-31": {
        "Diluted EPS": -0.17,
        "Total Revenue": 5,
        "Gross Profit": 5,
        "Operating Income": -1,
        "EBIT": -1,
        "Net Income": -1
    },
    "2020-12-31": {
        "Diluted EPS": -0.01,
        "Total Revenue": 5,
        "Gross Profit": 4,
        "Operating Income": -1,
        "EBIT": -1,
        "Net Income": 0
    },
    "2020-09-30": {
        "Diluted EPS": -0.18,
        "Total Revenue": 4,
        "Gross Profit": 4,
        "Operating Income": -1,
        "EBIT": -1,
        "Net Income": -1
    },
    "2020-06-30": {
        "Diluted EPS": -0.18,
        "Total Revenue": 3,
        "Gross Profit": 3,
        "Operating Income": -1,
        "EBIT": -1,
        "Net Income": -1
    },
    "2020-03-31": {
        "Diluted EPS": -0.39,
        "Total Revenue": 4,
        "Gross Profit": 3,
        "Operating Income": -2,
        "EBIT": -2,
        "Net Income": -2
    },
    "2019-12-31": {
        "Diluted EPS": -0.43,
        "Total Revenue": 3,
        "Gross Profit": 3,
        "Operating Income": -1,
        "EBIT": -1,
        "Net Income": -1
    },
    "2019-09-30": {
        "Diluted EPS": -0.35,
        "Total Revenue": 3,
        "Gross Profit": 3,
        "Operating Income": -1,
        "EBIT": -1,
        "Net Income": -1
    },
    "2019-06-30": {
        "Diluted EPS": -0.15,
        "Total Revenue": 3,
        "Gross Profit": 3,
        "Operating Income": 0,
        "EBIT": 0,
        "Net Income": 0
    },
    "2019-03-31": {
        "Diluted EPS": -0.39,
        "Total Revenue": 2,
        "Gross Profit": 2,
        "Operating Income": 0,
        "EBIT": 0,
        "Net Income": 0
    },
    "2018-12-31": {
        "Diluted EPS": 0.07,
        "Total Revenue": 2,
        "Gross Profit": 2,
        "Operating Income": 0,
        "EBIT": 0,
        "Net Income": 0
    },
    "2018-09-30": {
        "Diluted EPS": 0.02,
        "Total Revenue": 2,
        "Gross Profit": 2,
        "Operating Income": 0,
        "EBIT": 0,
        "Net Income": 0
    },
    "2018-06-30": {
        "Diluted EPS": 0.01,
        "Total Revenue": 2,
        "Gross Profit": 2,
        "Operating Income": 0,
        "EBIT": 0,
        "Net Income": 0
    },
    "2018-03-31": {
        "Diluted EPS": -0.08,
        "Total Revenue": 2,
        "Gross Profit": 2,
        "Operating Income": 0,
        "EBIT": 0,
        "Net Income": 0
    },
    "2017-12-31": {
        "Diluted EPS": 0.0,
        "Total Revenue": 2,
        "Gross Profit": 1,
        "Operating Income": 0,
        "EBIT": 0,
        "Net Income": 0
    },
    "2017-09-30": {
        "Diluted EPS": 0.0,
        "Total Revenue": 2,
        "Gross Profit": 1,
        "Operating Income": 0,
        "EBIT": 0,
        "Net Income": 0
    },
    "2017-06-30": {
        "Diluted EPS": 0.0,
        "Total Revenue": 1,
        "Gross Profit": 1,
        "Operating Income": 0,
        "EBIT": 0,
        "Net Income": 0
    },
    "2017-03-31": {
        "Diluted EPS": 0.0,
        "Total Revenue": 2,
        "Gross Profit": 1,
        "Operating Income": 0,
        "EBIT": 0,
        "Net Income": 0
    },
    "2016-12-31": {
        "Diluted EPS": 0.0,
        "Total Revenue": NaN,
        "Gross Profit": NaN,
        "Operating Income": NaN,
        "EBIT": NaN,
        "Net Income": NaN
    },
    "2016-09-30": {
        "Diluted EPS": 0.0,
        "Total Revenue": NaN,
        "Gross Profit": NaN,
        "Operating Income": NaN,
        "EBIT": NaN,
        "Net Income": NaN
    },
    "2016-06-30": {
        "Diluted EPS": -1.0,
        "Total Revenue": 1,
        "Gross Profit": 1,
        "Operating Income": 1,
        "EBIT": 1,
        "Net Income": -1
    },
    "2016-03-31": {
        "Diluted EPS": 0.0,
        "Total Revenue": 1,
        "Gross Profit": 1,
        "Operating Income": 1,
        "EBIT": 1,
        "Net Income": 0
    },
    "2015-12-31": {
        "Diluted EPS": 0.0,
        "Total Revenue": NaN,
        "Gross Profit": NaN,
        "Operating Income": NaN,
        "EBIT": NaN,
        "Net Income": NaN
    },
    "2015-09-30": {
        "Diluted EPS": 0.0,
        "Total Revenue": 1,
        "Gross Profit": 1,
        "Operating Income": 1,
        "EBIT": 1,
        "Net Income": 0
    },
    "2015-06-30": {
        "Diluted EPS": -1.0,
        "Total Revenue": 1,
        "Gross Profit": 1,
        "Operating Income": 1,
        "EBIT": 1,
        "Net Income": -1
    },
    "2015-03-31": {
        "Diluted EPS": 0.0,
        "Total Revenue": NaN,
        "Gross Profit": NaN,
        "Operating Income": NaN,
        "EBIT": NaN,
        "Net Income": NaN
    },
    "2014-12-31": {
        "Diluted EPS": 0.0,
        "Total Revenue": NaN,
        "Gross Profit": NaN,
        "Operating Income": NaN,
        "EBIT": NaN,
        "Net Income": NaN
    },
    "2014-09-30": {
        "Diluted EPS": 0.0,
        "Total Revenue": NaN,
        "Gross Profit": NaN,
        "Operating Income": NaN,
        "EBIT": NaN,
        "Net Income": NaN
    },
    "2014-06-30": {
        "Diluted EPS": 0.0,
        "Total Revenue": NaN,
        "Gross Profit": NaN,
        "Operating Income": NaN,
        "EBIT": NaN,
        "Net Income": NaN
    },
    "2014-03-31": {
        "Diluted EPS": 0.0,
        "Total Revenue": NaN,
        "Gross Profit": NaN,
        "Operating Income": NaN,
        "EBIT": NaN,
        "Net Income": NaN
    },
    "2013-12-31": {
        "Diluted EPS": 0.0,
        "Total Revenue": NaN,
        "Gross Profit": NaN,
        "Operating Income": NaN,
        "EBIT": NaN,
        "Net Income": NaN
    },
    "2013-09-30": {
        "Diluted EPS": 0.0,
        "Total Revenue": NaN,
        "Gross Profit": NaN,
        "Operating Income": NaN,
        "EBIT": NaN,
        "Net Income": NaN
    },
    "2013-06-30": {
        "Diluted EPS": 0.0,
        "Total Revenue": NaN,
        "Gross Profit": NaN,
        "Operating Income": NaN,
        "EBIT": NaN,
        "Net Income": NaN
    },
    "2013-03-31": {
        "Diluted EPS": 0.0,
        "Total Revenue": NaN,
        "Gross Profit": NaN,
        "Operating Income": NaN,
        "EBIT": NaN,
        "Net Income": NaN
    },
    "2023-06-30": {
        "Tax Effect Of Unusual Items": 0.0,
        "Tax Rate For Calcs": 0.0,
        "Normalized EBITDA": -1422956.0,
        "Total Unusual Items": 360470.0,
        "Total Unusual Items Excluding Goodwill": 360470.0,
        "Net Income From Continuing Operation Net Minority Interest": -1827733.0,
        "Reconciled Depreciation": 803694.0,
        "Reconciled Cost Of Revenue": 2187516.0,
        "EBITDA": -1062486.0,
        "EBIT": -1866180.0,
        "Net Interest Income": 0.0,
        "Interest Expense": 0.0,
        "Normalized Income": -2188203.0,
        "Net Income From Continuing And Discontinued Operation": -1827733.0,
        "Total Expenses": 17979814.0,
        "Total Operating Income As Reported": -1866180.0,
        "Diluted Average Shares": 8226271.0,
        "Basic Average Shares": 8226271.0,
        "Diluted EPS": -0.22,
        "Basic EPS": -0.22,
        "Diluted NI Availto Com Stockholders": -1827733.0,
        "Net Income Common Stockholders": -1827733.0,
        "Net Income": -1827733.0,
        "Minority Interests": 38447.0,
        "Net Income Including Noncontrolling Interests": -1866180.0,
        "Net Income Continuous Operations": -1866180.0,
        "Tax Provision": 0.0,
        "Pretax Income": -1866180.0,
        "Other Income Expense": 360470.0,
        "Special Income Charges": 360470.0,
        "Restructuring And Mergern Acquisition": -360470.0,
        "Earnings From Equity Interest": 0.0,
        "Gain On Sale Of Security": NaN,
        "Net Non Operating Interest Income Expense": 0.0,
        "Interest Expense Non Operating": 0.0,
        "Operating Income": -2226650.0,
        "Operating Expense": 15792298.0,
        "Depreciation Amortization Depletion Income Statement": 803694.0,
        "Depreciation And Amortization In Income Statement": 803694.0,
        "Research And Development": 1177128.0,
        "Selling General And Administration": 13811476.0,
        "Gross Profit": 13565648.0,
        "Cost Of Revenue": 2187516.0,
        "Total Revenue": 15753164.0,
        "Operating Revenue": 15753164.0
    },
    "2023-09-30": {
        "Tax Effect Of Unusual Items": 0.0,
        "Tax Rate For Calcs": 0.0,
        "Normalized EBITDA": -590734.0,
        "Total Unusual Items": 681753.0,
        "Total Unusual Items Excluding Goodwill": 681753.0,
        "Net Income From Continuing Operation Net Minority Interest": -1060370.0,
        "Reconciled Depreciation": 997674.0,
        "Reconciled Cost Of Revenue": 1751349.0,
        "EBITDA": 91019.0,
        "EBIT": -906655.0,
        "Net Interest Income": -188294.0,
        "Interest Expense": 188294.0,
        "Normalized Income": -1742123.0,
        "Net Income From Continuing And Discontinued Operation": -1060370.0,
        "Total Expenses": 17613356.0,
        "Total Operating Income As Reported": -906655.0,
        "Diluted Average Shares": 8332341.0,
        "Basic Average Shares": 8332341.0,
        "Diluted EPS": -0.13,
        "Basic EPS": -0.13,
        "Diluted NI Availto Com Stockholders": -1060370.0,
        "Net Income Common Stockholders": -1060370.0,
        "Net Income": -1060370.0,
        "Minority Interests": 34579.0,
        "Net Income Including Noncontrolling Interests": -1094949.0,
        "Net Income Continuous Operations": -1094949.0,
        "Tax Provision": 0.0,
        "Pretax Income": -1094949.0,
        "Other Income Expense": 681753.0,
        "Special Income Charges": 681753.0,
        "Restructuring And Mergern Acquisition": -681753.0,
        "Earnings From Equity Interest": 0.0,
        "Gain On Sale Of Security": NaN,
        "Net Non Operating Interest Income Expense": -188294.0,
        "Interest Expense Non Operating": 188294.0,
        "Operating Income": -1588408.0,
        "Operating Expense": 15862007.0,
        "Depreciation Amortization Depletion Income Statement": 997674.0,
        "Depreciation And Amortization In Income Statement": 997674.0,
        "Research And Development": 986454.0,
        "Selling General And Administration": 13877879.0,
        "Gross Profit": 14273599.0,
        "Cost Of Revenue": 1751349.0,
        "Total Revenue": 16024948.0,
        "Operating Revenue": 16024948.0
    },
    "2023-12-31": {
        "Tax Effect Of Unusual Items": 0.0,
        "Tax Rate For Calcs": 0.0,
        "Normalized EBITDA": -1086197.0,
        "Total Unusual Items": 2206019.0,
        "Total Unusual Items Excluding Goodwill": 2206019.0,
        "Net Income From Continuing Operation Net Minority Interest": -237194.0,
        "Reconciled Depreciation": 1094783.0,
        "Reconciled Cost Of Revenue": 1788162.0,
        "EBITDA": 1119822.0,
        "EBIT": 25039.0,
        "Net Interest Income": -287483.0,
        "Interest Expense": 287483.0,
        "Normalized Income": -2443213.0,
        "Net Income From Continuing And Discontinued Operation": -237194.0,
        "Total Expenses": 19870793.0,
        "Total Operating Income As Reported": -225995.0,
        "Diluted Average Shares": NaN,
        "Basic Average Shares": NaN,
        "Diluted EPS": NaN,
        "Basic EPS": NaN,
        "Diluted NI Availto Com Stockholders": -237194.0,
        "Net Income Common Stockholders": -237194.0,
        "Net Income": -237194.0,
        "Minority Interests": 25250.0,
        "Net Income Including Noncontrolling Interests": -262444.0,
        "Net Income Continuous Operations": -262444.0,
        "Tax Provision": 0.0,
        "Pretax Income": -262444.0,
        "Other Income Expense": 2206019.0,
        "Special Income Charges": 1954985.0,
        "Restructuring And Mergern Acquisition": -1954985.0,
        "Earnings From Equity Interest": 0.0,
        "Gain On Sale Of Security": NaN,
        "Net Non Operating Interest Income Expense": -287483.0,
        "Interest Expense Non Operating": 287483.0,
        "Operating Income": -2180980.0,
        "Operating Expense": 18082631.0,
        "Depreciation Amortization Depletion Income Statement": 1094783.0,
        "Depreciation And Amortization In Income Statement": 1094783.0,
        "Research And Development": 651519.0,
        "Selling General And Administration": 16336329.0,
        "Gross Profit": 15901651.0,
        "Cost Of Revenue": 1788162.0,
        "Total Revenue": 17689813.0,
        "Operating Revenue": 17689813.0
    },
    "2024-03-31": {
        "Tax Effect Of Unusual Items": 0.0,
        "Tax Rate For Calcs": 0.0,
        "Normalized EBITDA": -491965.0,
        "Total Unusual Items": 65678.0,
        "Total Unusual Items Excluding Goodwill": 65678.0,
        "Net Income From Continuing Operation Net Minority Interest": -1764184.0,
        "Reconciled Depreciation": 1105420.0,
        "Reconciled Cost Of Revenue": 1890046.0,
        "EBITDA": -426287.0,
        "EBIT": -1531707.0,
        "Net Interest Income": -267336.0,
        "Interest Expense": 267336.0,
        "Normalized Income": -1829862.0,
        "Net Income From Continuing And Discontinued Operation": -1764184.0,
        "Total Expenses": 20134023.0,
        "Total Operating Income As Reported": -1531707.0,
        "Diluted Average Shares": 8419528.0,
        "Basic Average Shares": 8419528.0,
        "Diluted EPS": -0.21,
        "Basic EPS": -0.21,
        "Diluted NI Availto Com Stockholders": -1764184.0,
        "Net Income Common Stockholders": -1764184.0,
        "Net Income": -1764184.0,
        "Minority Interests": 34859.0,
        "Net Income Including Noncontrolling Interests": -1799043.0,
        "Net Income Continuous Operations": -1799043.0,
        "Tax Provision": NaN,
        "Pretax Income": -1799043.0,
        "Other Income Expense": 65678.0,
        "Special Income Charges": 65678.0,
        "Restructuring And Mergern Acquisition": -65678.0,
        "Earnings From Equity Interest": NaN,
        "Gain On Sale Of Security": NaN,
        "Net Non Operating Interest Income Expense": -267336.0,
        "Interest Expense Non Operating": 267336.0,
        "Operating Income": -1597385.0,
        "Operating Expense": 18243977.0,
        "Depreciation Amortization Depletion Income Statement": 1105420.0,
        "Depreciation And Amortization In Income Statement": 1105420.0,
        "Research And Development": 946298.0,
        "Selling General And Administration": 16192259.0,
        "Gross Profit": 16646592.0,
        "Cost Of Revenue": 1890046.0,
        "Total Revenue": 18536638.0,
        "Operating Revenue": 18536638.0
    },
    "2024-06-30": {
        "Tax Effect Of Unusual Items": 0.0,
        "Tax Rate For Calcs": 0.0,
        "Normalized EBITDA": -1793122.0,
        "Total Unusual Items": 13773.0,
        "Total Unusual Items Excluding Goodwill": 13773.0,
        "Net Income From Continuing Operation Net Minority Interest": -3504014.0,
        "Reconciled Depreciation": 1105507.0,
        "Reconciled Cost Of Revenue": 2008686.0,
        "EBITDA": -1779349.0,
        "EBIT": -2884856.0,
        "Net Interest Income": -644346.0,
        "Interest Expense": 644346.0,
        "Normalized Income": -3517787.0,
        "Net Income From Continuing And Discontinued Operation": -3504014.0,
        "Total Expenses": 23057452.0,
        "Total Operating Income As Reported": -2884856.0,
        "Diluted Average Shares": 8468835.0,
        "Basic Average Shares": 8468835.0,
        "Diluted EPS": -0.41,
        "Basic EPS": -0.41,
        "Diluted NI Availto Com Stockholders": -3504014.0,
        "Net Income Common Stockholders": -3504014.0,
        "Net Income": -3504014.0,
        "Minority Interests": 25188.0,
        "Net Income Including Noncontrolling Interests": -3529202.0,
        "Net Income Continuous Operations": -3529202.0,
        "Tax Provision": NaN,
        "Pretax Income": -3529202.0,
        "Other Income Expense": 13773.0,
        "Special Income Charges": 13773.0,
        "Restructuring And Mergern Acquisition": -13773.0,
        "Earnings From Equity Interest": NaN,
        "Gain On Sale Of Security": NaN,
        "Net Non Operating Interest Income Expense": -644346.0,
        "Interest Expense Non Operating": 644346.0,
        "Operating Income": -2898629.0,
        "Operating Expense": 21048766.0,
        "Depreciation Amortization Depletion Income Statement": 1105507.0,
        "Depreciation And Amortization In Income Statement": 1105507.0,
        "Research And Development": 985651.0,
        "Selling General And Administration": 18957608.0,
        "Gross Profit": 18150137.0,
        "Cost Of Revenue": 2008686.0,
        "Total Revenue": 20158823.0,
        "Operating Revenue": 20158823.0
    }
}