{
    "2023-03-31": {
        "Tax Effect Of Unusual Items": 1732.5,
        "Tax Rate For Calcs": 0.21,
        "Normalized EBITDA": -3598047.0,
        "Total Unusual Items": 8250.0,
        "Total Unusual Items Excluding Goodwill": 8250.0,
        "Net Income From Continuing Operation Net Minority Interest": -4642556.0,
        "Reconciled Depreciation": 650482.0,
        "Reconciled Cost Of Revenue": 3584176.0,
        "EBITDA": -3589797.0,
        "EBIT": -4240279.0,
        "Net Interest Income": -398945.0,
        "Interest Expense": 398945.0,
        "Normalized Income": -4649073.5,
        "Net Income From Continuing And Discontinued Operation": -4642556.0,
        "Total Expenses": 8880409.0,
        "Total Operating Income As Reported": -4234156.0,
        "Diluted Average Shares": 2085514.0,
        "Basic Average Shares": 2085514.0,
        "Diluted EPS": -2.23,
        "Basic EPS": -2.23,
        "Diluted NI Availto Com Stockholders": -4642556.0,
        "Net Income Common Stockholders": -4642556.0,
        "Net Income": -4642556.0,
        "Net Income Including Noncontrolling Interests": -4642555.0,
        "Net Income Continuous Operations": -4642555.0,
        "Tax Provision": 3331.0,
        "Pretax Income": -4639224.0,
        "Other Income Expense": -6123.0,
        "Other Non Operating Income Expenses": -14373.0,
        "Special Income Charges": 0.0,
        "Gain On Sale Of Ppe": NaN,
        "Other Special Charges": NaN,
        "Gain On Sale Of Security": 8250.0,
        "Net Non Operating Interest Income Expense": -398945.0,
        "Interest Expense Non Operating": 398945.0,
        "Operating Income": -4234156.0,
        "Operating Expense": 5197407.0,
        "Other Operating Expenses": 513589.0,
        "Depreciation Amortization Depletion Income Statement": 551656.0,
        "Depreciation And Amortization In Income Statement": 551656.0,
        "Selling General And Administration": 4132162.0,
        "Selling And Marketing Expense": 1969010.0,
        "General And Administrative Expense": 2163152.0,
        "Salaries And Wages": 2163152.0,
        "Gross Profit": 963251.0,
        "Cost Of Revenue": 3683002.0,
        "Total Revenue": 4646253.0,
        "Operating Revenue": 4646253.0
    },
    "2022-12-31": {
        "Tax Effect Of Unusual Items": NaN,
        "Tax Rate For Calcs": NaN,
        "Normalized EBITDA": NaN,
        "Total Unusual Items": NaN,
        "Total Unusual Items Excluding Goodwill": NaN,
        "Net Income From Continuing Operation Net Minority Interest": NaN,
        "Reconciled Depreciation": NaN,
        "Reconciled Cost Of Revenue": NaN,
        "EBITDA": NaN,
        "EBIT": NaN,
        "Net Interest Income": NaN,
        "Interest Expense": NaN,
        "Normalized Income": NaN,
        "Net Income From Continuing And Discontinued Operation": NaN,
        "Total Expenses": NaN,
        "Total Operating Income As Reported": NaN,
        "Diluted Average Shares": 2078730.0,
        "Basic Average Shares": 2078730.0,
        "Diluted EPS": -2.1,
        "Basic EPS": -2.1,
        "Diluted NI Availto Com Stockholders": NaN,
        "Net Income Common Stockholders": NaN,
        "Net Income": NaN,
        "Net Income Including Noncontrolling Interests": NaN,
        "Net Income Continuous Operations": NaN,
        "Tax Provision": NaN,
        "Pretax Income": NaN,
        "Other Income Expense": NaN,
        "Other Non Operating Income Expenses": NaN,
        "Special Income Charges": NaN,
        "Gain On Sale Of Ppe": 449.0,
        "Other Special Charges": NaN,
        "Gain On Sale Of Security": 7796.0,
        "Net Non Operating Interest Income Expense": NaN,
        "Interest Expense Non Operating": NaN,
        "Operating Income": NaN,
        "Operating Expense": NaN,
        "Other Operating Expenses": NaN,
        "Depreciation Amortization Depletion Income Statement": NaN,
        "Depreciation And Amortization In Income Statement": NaN,
        "Selling General And Administration": NaN,
        "Selling And Marketing Expense": NaN,
        "General And Administrative Expense": NaN,
        "Salaries And Wages": NaN,
        "Gross Profit": NaN,
        "Cost Of Revenue": NaN,
        "Total Revenue": NaN,
        "Operating Revenue": NaN
    },
    "2022-09-30": {
        "Tax Effect Of Unusual Items": NaN,
        "Tax Rate For Calcs": NaN,
        "Normalized EBITDA": NaN,
        "Total Unusual Items": NaN,
        "Total Unusual Items Excluding Goodwill": NaN,
        "Net Income From Continuing Operation Net Minority Interest": NaN,
        "Reconciled Depreciation": NaN,
        "Reconciled Cost Of Revenue": NaN,
        "EBITDA": NaN,
        "EBIT": NaN,
        "Net Interest Income": NaN,
        "Interest Expense": NaN,
        "Normalized Income": NaN,
        "Net Income From Continuing And Discontinued Operation": NaN,
        "Total Expenses": NaN,
        "Total Operating Income As Reported": NaN,
        "Diluted Average Shares": NaN,
        "Basic Average Shares": NaN,
        "Diluted EPS": NaN,
        "Basic EPS": NaN,
        "Diluted NI Availto Com Stockholders": NaN,
        "Net Income Common Stockholders": NaN,
        "Net Income": NaN,
        "Net Income Including Noncontrolling Interests": NaN,
        "Net Income Continuous Operations": NaN,
        "Tax Provision": NaN,
        "Pretax Income": NaN,
        "Other Income Expense": NaN,
        "Other Non Operating Income Expenses": NaN,
        "Special Income Charges": NaN,
        "Gain On Sale Of Ppe": 50280.0,
        "Other Special Charges": NaN,
        "Gain On Sale Of Security": NaN,
        "Net Non Operating Interest Income Expense": NaN,
        "Interest Expense Non Operating": NaN,
        "Operating Income": NaN,
        "Operating Expense": NaN,
        "Other Operating Expenses": NaN,
        "Depreciation Amortization Depletion Income Statement": NaN,
        "Depreciation And Amortization In Income Statement": NaN,
        "Selling General And Administration": NaN,
        "Selling And Marketing Expense": NaN,
        "General And Administrative Expense": NaN,
        "Salaries And Wages": NaN,
        "Gross Profit": NaN,
        "Cost Of Revenue": NaN,
        "Total Revenue": NaN,
        "Operating Revenue": NaN
    },
    "2022-06-30": {
        "Tax Effect Of Unusual Items": 25603.2,
        "Tax Rate For Calcs": 0.4,
        "Normalized EBITDA": -15607437.0,
        "Total Unusual Items": 64008.0,
        "Total Unusual Items Excluding Goodwill": 64008.0,
        "Net Income From Continuing Operation Net Minority Interest": -16354319.0,
        "Reconciled Depreciation": 601699.0,
        "Reconciled Cost Of Revenue": 15272773.0,
        "EBITDA": -15543429.0,
        "EBIT": -16145128.0,
        "Net Interest Income": -180536.0,
        "Interest Expense": 180536.0,
        "Normalized Income": -16392723.8,
        "Net Income From Continuing And Discontinued Operation": -16354319.0,
        "Total Expenses": 26939911.0,
        "Total Operating Income As Reported": -15969741.0,
        "Diluted Average Shares": 2063099.0,
        "Basic Average Shares": 2063099.0,
        "Diluted EPS": -7.930005,
        "Basic EPS": -7.930005,
        "Diluted NI Availto Com Stockholders": -16354319.0,
        "Net Income Common Stockholders": -16354319.0,
        "Net Income": -16354319.0,
        "Net Income Including Noncontrolling Interests": -16354319.0,
        "Net Income Continuous Operations": -16354319.0,
        "Tax Provision": 28655.0,
        "Pretax Income": -16325664.0,
        "Other Income Expense": -151375.0,
        "Other Non Operating Income Expenses": -215383.0,
        "Special Income Charges": 24012.0,
        "Gain On Sale Of Ppe": 24012.0,
        "Gain On Sale Of Security": 39996.0,
        "Net Non Operating Interest Income Expense": -180536.0,
        "Interest Expense Non Operating": 180536.0,
        "Operating Income": -15993753.0,
        "Operating Expense": 11568799.0,
        "Other Operating Expenses": 2838185.0,
        "Depreciation Amortization Depletion Income Statement": 503360.0,
        "Depreciation And Amortization In Income Statement": 503360.0,
        "Selling General And Administration": 8227254.0,
        "Selling And Marketing Expense": 4717178.0,
        "General And Administrative Expense": 3510076.0,
        "Salaries And Wages": 3510076.0,
        "Gross Profit": -4424954.0,
        "Cost Of Revenue": 15371112.0,
        "Total Revenue": 10946158.0,
        "Operating Revenue": 10946158.0
    },
    "2022-03-31": {
        "Diluted EPS": -3.75,
        "Total Revenue": 7,
        "Gross Profit": 1,
        "Operating Income": -7,
        "EBIT": -7,
        "Net Income": -7
    },
    "2021-12-31": {
        "Diluted EPS": -8.4,
        "Total Revenue": 7,
        "Gross Profit": 1,
        "Operating Income": -12,
        "EBIT": -11,
        "Net Income": -12
    },
    "2021-09-30": {
        "Diluted EPS": -7.2,
        "Total Revenue": 9,
        "Gross Profit": 3,
        "Operating Income": -8,
        "EBIT": -8,
        "Net Income": -9
    },
    "2021-06-30": {
        "Diluted EPS": -8.25,
        "Total Revenue": 7,
        "Gross Profit": 4,
        "Operating Income": -5,
        "EBIT": -5,
        "Net Income": -6
    },
    "2021-03-31": {
        "Diluted EPS": -8.55,
        "Total Revenue": 7,
        "Gross Profit": 3,
        "Operating Income": -7,
        "EBIT": -6,
        "Net Income": -6
    },
    "2020-12-31": {
        "Diluted EPS": -20.09,
        "Total Revenue": 13,
        "Gross Profit": 4,
        "Operating Income": -10,
        "EBIT": -9,
        "Net Income": -12
    },
    "2020-09-30": {
        "Diluted EPS": -8.1,
        "Total Revenue": 4,
        "Gross Profit": 2,
        "Operating Income": -3,
        "EBIT": -3,
        "Net Income": -4
    },
    "2020-06-30": {
        "Diluted EPS": -3.45,
        "Total Revenue": NaN,
        "Gross Profit": NaN,
        "Operating Income": -1,
        "EBIT": -1,
        "Net Income": -1
    },
    "2020-03-31": {
        "Diluted EPS": -0.45,
        "Total Revenue": NaN,
        "Gross Profit": NaN,
        "Operating Income": 0,
        "EBIT": 0,
        "Net Income": 0
    },
    "2019-12-31": {
        "Diluted EPS": -1.8,
        "Total Revenue": NaN,
        "Gross Profit": NaN,
        "Operating Income": 0,
        "EBIT": 0,
        "Net Income": -1
    },
    "2019-09-30": {
        "Diluted EPS": -0.3,
        "Total Revenue": NaN,
        "Gross Profit": NaN,
        "Operating Income": 0,
        "EBIT": 0,
        "Net Income": 0
    },
    "2019-06-30": {
        "Diluted EPS": 0.3,
        "Total Revenue": NaN,
        "Gross Profit": NaN,
        "Operating Income": 0,
        "EBIT": 0,
        "Net Income": 1
    },
    "2019-03-31": {
        "Diluted EPS": 0.45,
        "Total Revenue": NaN,
        "Gross Profit": NaN,
        "Operating Income": 0,
        "EBIT": 0,
        "Net Income": 0
    },
    "2018-12-31": {
        "Diluted EPS": 0.0,
        "Total Revenue": NaN,
        "Gross Profit": NaN,
        "Operating Income": 0,
        "EBIT": 0,
        "Net Income": 0
    },
    "2018-09-30": {
        "Diluted EPS": 0.0,
        "Total Revenue": NaN,
        "Gross Profit": NaN,
        "Operating Income": 0,
        "EBIT": 0,
        "Net Income": 0
    },
    "2018-06-30": {
        "Diluted EPS": 0.0,
        "Total Revenue": NaN,
        "Gross Profit": NaN,
        "Operating Income": 0,
        "EBIT": 0,
        "Net Income": 0
    },
    "2018-03-31": {
        "Diluted EPS": 0.0,
        "Total Revenue": NaN,
        "Gross Profit": NaN,
        "Operating Income": 0,
        "EBIT": 0,
        "Net Income": 0
    },
    "2017-12-31": {
        "Diluted EPS": 0.0,
        "Total Revenue": NaN,
        "Gross Profit": NaN,
        "Operating Income": NaN,
        "EBIT": NaN,
        "Net Income": NaN
    },
    "2023-06-30": {
        "Tax Effect Of Unusual Items": 27.081115,
        "Tax Rate For Calcs": 0.002974,
        "Normalized EBITDA": -2716617.0,
        "Total Unusual Items": 9105.0,
        "Total Unusual Items Excluding Goodwill": 9105.0,
        "Net Income From Continuing Operation Net Minority Interest": -4308817.0,
        "Reconciled Depreciation": 650375.0,
        "Reconciled Cost Of Revenue": 4847705.0,
        "EBITDA": -2707512.0,
        "EBIT": -3357887.0,
        "Net Interest Income": -963784.0,
        "Interest Expense": 963784.0,
        "Normalized Income": -4317894.918885,
        "Net Income From Continuing And Discontinued Operation": -4308817.0,
        "Total Expenses": 9370950.0,
        "Total Operating Income As Reported": -3375704.0,
        "Diluted Average Shares": 2105620.0,
        "Basic Average Shares": 2105620.0,
        "Diluted EPS": -2.050005,
        "Basic EPS": -2.050005,
        "Diluted NI Availto Com Stockholders": -4308817.0,
        "Net Income Common Stockholders": -4308817.0,
        "Net Income": -4308817.0,
        "Net Income Including Noncontrolling Interests": -4308817.0,
        "Net Income Continuous Operations": -4308817.0,
        "Tax Provision": -12854.0,
        "Pretax Income": -4321671.0,
        "Other Income Expense": 16522.0,
        "Other Non Operating Income Expenses": 7417.0,
        "Special Income Charges": -1295.0,
        "Gain On Sale Of Ppe": -1295.0,
        "Other Special Charges": NaN,
        "Gain On Sale Of Security": 10400.0,
        "Net Non Operating Interest Income Expense": -963784.0,
        "Interest Expense Non Operating": 963784.0,
        "Operating Income": -3374409.0,
        "Operating Expense": 4425094.0,
        "Other Operating Expenses": 625289.0,
        "Depreciation Amortization Depletion Income Statement": 552224.0,
        "Depreciation And Amortization In Income Statement": 552224.0,
        "Selling General And Administration": 3247581.0,
        "Selling And Marketing Expense": 1778274.0,
        "General And Administrative Expense": 1469307.0,
        "Salaries And Wages": 1469307.0,
        "Gross Profit": 1050685.0,
        "Cost Of Revenue": 4945856.0,
        "Total Revenue": 5996541.0,
        "Operating Revenue": 5996541.0
    },
    "2023-09-30": {
        "Tax Effect Of Unusual Items": 2558.85,
        "Tax Rate For Calcs": 0.21,
        "Normalized EBITDA": -3010516.0,
        "Total Unusual Items": 12185.0,
        "Total Unusual Items Excluding Goodwill": 12185.0,
        "Net Income From Continuing Operation Net Minority Interest": -4779207.0,
        "Reconciled Depreciation": 652321.0,
        "Reconciled Cost Of Revenue": 3524084.0,
        "EBITDA": -2998331.0,
        "EBIT": -3650652.0,
        "Net Interest Income": -1121274.0,
        "Interest Expense": 1121274.0,
        "Normalized Income": -4788833.15,
        "Net Income From Continuing And Discontinued Operation": -4779207.0,
        "Total Expenses": 7845453.0,
        "Total Operating Income As Reported": -3654260.0,
        "Diluted Average Shares": 2237211.0,
        "Basic Average Shares": 2237211.0,
        "Diluted EPS": -2.14,
        "Basic EPS": -2.14,
        "Diluted NI Availto Com Stockholders": -4779207.0,
        "Net Income Common Stockholders": -4779207.0,
        "Net Income": -4779207.0,
        "Net Income Including Noncontrolling Interests": -4779207.0,
        "Net Income Continuous Operations": -4779207.0,
        "Tax Provision": 7281.0,
        "Pretax Income": -4771926.0,
        "Other Income Expense": 14608.0,
        "Other Non Operating Income Expenses": 2423.0,
        "Special Income Charges": 11000.0,
        "Gain On Sale Of Ppe": 11000.0,
        "Other Special Charges": NaN,
        "Gain On Sale Of Security": 1185.0,
        "Net Non Operating Interest Income Expense": -1121274.0,
        "Interest Expense Non Operating": 1121274.0,
        "Operating Income": -3665260.0,
        "Operating Expense": 4221217.0,
        "Other Operating Expenses": 325829.0,
        "Depreciation Amortization Depletion Income Statement": 552169.0,
        "Depreciation And Amortization In Income Statement": 552169.0,
        "Selling General And Administration": 3343219.0,
        "Selling And Marketing Expense": 1771042.0,
        "General And Administrative Expense": 1572177.0,
        "Salaries And Wages": 1572177.0,
        "Gross Profit": 555957.0,
        "Cost Of Revenue": 3624236.0,
        "Total Revenue": 4180193.0,
        "Operating Revenue": 4180193.0
    },
    "2023-12-31": {
        "Tax Effect Of Unusual Items": 165.9,
        "Tax Rate For Calcs": 0.21,
        "Normalized EBITDA": -3492158.0,
        "Total Unusual Items": 790.0,
        "Total Unusual Items Excluding Goodwill": 790.0,
        "Net Income From Continuing Operation Net Minority Interest": -5310404.0,
        "Reconciled Depreciation": 668205.0,
        "Reconciled Cost Of Revenue": 2921085.0,
        "EBITDA": -3491368.0,
        "EBIT": -4159573.0,
        "Net Interest Income": -1147623.0,
        "Interest Expense": 1147623.0,
        "Normalized Income": -5311028.1,
        "Net Income From Continuing And Discontinued Operation": -5310404.0,
        "Total Expenses": 7048122.0,
        "Total Operating Income As Reported": -4160666.0,
        "Diluted Average Shares": NaN,
        "Basic Average Shares": NaN,
        "Diluted EPS": NaN,
        "Basic EPS": NaN,
        "Diluted NI Availto Com Stockholders": -5310404.0,
        "Net Income Common Stockholders": -5310404.0,
        "Net Income": -5310404.0,
        "Net Income Including Noncontrolling Interests": -5310403.0,
        "Net Income Continuous Operations": -5310403.0,
        "Tax Provision": 3207.0,
        "Pretax Income": -5307196.0,
        "Other Income Expense": 1092.0,
        "Other Non Operating Income Expenses": 302.0,
        "Special Income Charges": 0.0,
        "Gain On Sale Of Ppe": 0.0,
        "Other Special Charges": NaN,
        "Gain On Sale Of Security": 790.0,
        "Net Non Operating Interest Income Expense": -1147623.0,
        "Interest Expense Non Operating": 1147623.0,
        "Operating Income": -4160665.0,
        "Operating Expense": 4023877.0,
        "Other Operating Expenses": 306973.0,
        "Depreciation Amortization Depletion Income Statement": 565045.0,
        "Depreciation And Amortization In Income Statement": 565045.0,
        "Selling General And Administration": 3151859.0,
        "Selling And Marketing Expense": 1933659.0,
        "General And Administrative Expense": 1218200.0,
        "Salaries And Wages": 1218200.0,
        "Gross Profit": -136788.0,
        "Cost Of Revenue": 3024245.0,
        "Total Revenue": 2887457.0,
        "Operating Revenue": 2887457.0
    },
    "2024-03-31": {
        "Tax Effect Of Unusual Items": -133804.4,
        "Tax Rate For Calcs": 0.4,
        "Normalized EBITDA": -2435771.0,
        "Total Unusual Items": -334511.0,
        "Total Unusual Items Excluding Goodwill": -334511.0,
        "Net Income From Continuing Operation Net Minority Interest": -3928515.0,
        "Reconciled Depreciation": 566668.0,
        "Reconciled Cost Of Revenue": 3477638.0,
        "EBITDA": -2770282.0,
        "EBIT": -3336950.0,
        "Net Interest Income": -582567.0,
        "Interest Expense": 582567.0,
        "Normalized Income": -3727808.4,
        "Net Income From Continuing And Discontinued Operation": -3928515.0,
        "Total Expenses": 7600605.0,
        "Total Operating Income As Reported": -3002446.0,
        "Diluted Average Shares": 2775259.0,
        "Basic Average Shares": 2775259.0,
        "Diluted EPS": -1.42,
        "Basic EPS": -1.42,
        "Diluted NI Availto Com Stockholders": -3928515.0,
        "Net Income Common Stockholders": -3928515.0,
        "Net Income": -3928515.0,
        "Net Income Including Noncontrolling Interests": -3928515.0,
        "Net Income Continuous Operations": -3928515.0,
        "Tax Provision": 8998.0,
        "Pretax Income": -3919517.0,
        "Other Income Expense": -334504.0,
        "Other Non Operating Income Expenses": 7.0,
        "Special Income Charges": -334511.0,
        "Gain On Sale Of Ppe": NaN,
        "Other Special Charges": 334511.0,
        "Gain On Sale Of Security": NaN,
        "Net Non Operating Interest Income Expense": -582567.0,
        "Interest Expense Non Operating": 582567.0,
        "Operating Income": -3002446.0,
        "Operating Expense": 4018830.0,
        "Other Operating Expenses": 352749.0,
        "Depreciation Amortization Depletion Income Statement": 462531.0,
        "Depreciation And Amortization In Income Statement": 462531.0,
        "Selling General And Administration": 3203550.0,
        "Selling And Marketing Expense": 1596537.0,
        "General And Administrative Expense": 1607013.0,
        "Salaries And Wages": 1607013.0,
        "Gross Profit": 1016384.0,
        "Cost Of Revenue": 3581775.0,
        "Total Revenue": 4598159.0,
        "Operating Revenue": 4598159.0
    }
}