{
    "2023-03-31": {
        "Tax Effect Of Unusual Items": NaN,
        "Tax Rate For Calcs": NaN,
        "Normalized EBITDA": NaN,
        "Total Unusual Items": NaN,
        "Total Unusual Items Excluding Goodwill": NaN,
        "Net Income From Continuing Operation Net Minority Interest": NaN,
        "Reconciled Depreciation": NaN,
        "Reconciled Cost Of Revenue": NaN,
        "EBITDA": NaN,
        "EBIT": NaN,
        "Net Interest Income": NaN,
        "Interest Expense": NaN,
        "Interest Income": NaN,
        "Normalized Income": NaN,
        "Net Income From Continuing And Discontinued Operation": NaN,
        "Total Expenses": NaN,
        "Total Operating Income As Reported": NaN,
        "Diluted Average Shares": 255556000.0,
        "Basic Average Shares": 255556000.0,
        "Diluted EPS": -0.14,
        "Basic EPS": -0.14,
        "Diluted NI Availto Com Stockholders": NaN,
        "Net Income Common Stockholders": NaN,
        "Net Income": NaN,
        "Minority Interests": NaN,
        "Net Income Including Noncontrolling Interests": NaN,
        "Net Income Discontinuous Operations": NaN,
        "Net Income Continuous Operations": NaN,
        "Tax Provision": NaN,
        "Pretax Income": NaN,
        "Other Income Expense": NaN,
        "Special Income Charges": NaN,
        "Gain On Sale Of Ppe": NaN,
        "Impairment Of Capital Assets": NaN,
        "Restructuring And Mergern Acquisition": NaN,
        "Earnings From Equity Interest": NaN,
        "Gain On Sale Of Security": NaN,
        "Net Non Operating Interest Income Expense": NaN,
        "Total Other Finance Cost": NaN,
        "Interest Expense Non Operating": NaN,
        "Interest Income Non Operating": NaN,
        "Operating Income": NaN,
        "Operating Expense": NaN,
        "Depreciation Amortization Depletion Income Statement": NaN,
        "Depreciation And Amortization In Income Statement": NaN,
        "Research And Development": NaN,
        "Selling General And Administration": NaN,
        "Selling And Marketing Expense": NaN,
        "General And Administrative Expense": NaN,
        "Other Gand A": NaN,
        "Salaries And Wages": NaN,
        "Gross Profit": NaN,
        "Cost Of Revenue": NaN,
        "Total Revenue": NaN,
        "Excise Taxes": NaN,
        "Operating Revenue": NaN
    },
    "2022-12-31": {
        "Tax Effect Of Unusual Items": -32143157.7,
        "Tax Rate For Calcs": 0.2621,
        "Normalized EBITDA": -16967000.0,
        "Total Unusual Items": -122637000.0,
        "Total Unusual Items Excluding Goodwill": -122637000.0,
        "Net Income From Continuing Operation Net Minority Interest": -125801000.0,
        "Reconciled Depreciation": 23051000.0,
        "Reconciled Cost Of Revenue": 195409000.0,
        "EBITDA": -139604000.0,
        "EBIT": -162655000.0,
        "Net Interest Income": 8626000.0,
        "Interest Expense": -2460000.0,
        "Interest Income": 6236000.0,
        "Normalized Income": -35307157.7,
        "Net Income From Continuing And Discontinued Operation": -125801000.0,
        "Total Expenses": 268298000.0,
        "Total Operating Income As Reported": -154646000.0,
        "Diluted Average Shares": NaN,
        "Basic Average Shares": NaN,
        "Diluted EPS": NaN,
        "Basic EPS": NaN,
        "Diluted NI Availto Com Stockholders": -125801000.0,
        "Net Income Common Stockholders": -125801000.0,
        "Net Income": -125801000.0,
        "Minority Interests": 35770000.0,
        "Net Income Including Noncontrolling Interests": -161571000.0,
        "Net Income Discontinuous Operations": NaN,
        "Net Income Continuous Operations": -161571000.0,
        "Tax Provision": 1376000.0,
        "Pretax Income": -160195000.0,
        "Other Income Expense": -140928000.0,
        "Special Income Charges": -110477000.0,
        "Gain On Sale Of Ppe": -502000.0,
        "Impairment Of Capital Assets": 107661000.0,
        "Restructuring And Mergern Acquisition": 2604000.0,
        "Earnings From Equity Interest": -18291000.0,
        "Gain On Sale Of Security": -12160000.0,
        "Net Non Operating Interest Income Expense": 8626000.0,
        "Total Other Finance Cost": 70000.0,
        "Interest Expense Non Operating": -2460000.0,
        "Interest Income Non Operating": 6236000.0,
        "Operating Income": -27893000.0,
        "Operating Expense": 71461000.0,
        "Depreciation Amortization Depletion Income Statement": 21623000.0,
        "Depreciation And Amortization In Income Statement": 21623000.0,
        "Research And Development": 460000.0,
        "Selling General And Administration": 49378000.0,
        "Selling And Marketing Expense": 2239000.0,
        "General And Administrative Expense": 47139000.0,
        "Other Gand A": -36427000.0,
        "Salaries And Wages": 83566000.0,
        "Gross Profit": 43568000.0,
        "Cost Of Revenue": 196837000.0,
        "Total Revenue": 240405000.0,
        "Excise Taxes": 6461000.0,
        "Operating Revenue": 246866000.0
    },
    "2022-09-30": {
        "Tax Effect Of Unusual Items": NaN,
        "Tax Rate For Calcs": NaN,
        "Normalized EBITDA": NaN,
        "Total Unusual Items": NaN,
        "Total Unusual Items Excluding Goodwill": NaN,
        "Net Income From Continuing Operation Net Minority Interest": NaN,
        "Reconciled Depreciation": NaN,
        "Reconciled Cost Of Revenue": NaN,
        "EBITDA": NaN,
        "EBIT": NaN,
        "Net Interest Income": NaN,
        "Interest Expense": NaN,
        "Interest Income": NaN,
        "Normalized Income": NaN,
        "Net Income From Continuing And Discontinued Operation": NaN,
        "Total Expenses": NaN,
        "Total Operating Income As Reported": NaN,
        "Diluted Average Shares": 237760000.0,
        "Basic Average Shares": 237760000.0,
        "Diluted EPS": -0.41,
        "Basic EPS": -0.41,
        "Diluted NI Availto Com Stockholders": NaN,
        "Net Income Common Stockholders": NaN,
        "Net Income": NaN,
        "Minority Interests": NaN,
        "Net Income Including Noncontrolling Interests": NaN,
        "Net Income Discontinuous Operations": NaN,
        "Net Income Continuous Operations": NaN,
        "Tax Provision": NaN,
        "Pretax Income": NaN,
        "Other Income Expense": NaN,
        "Special Income Charges": NaN,
        "Gain On Sale Of Ppe": NaN,
        "Impairment Of Capital Assets": NaN,
        "Restructuring And Mergern Acquisition": NaN,
        "Earnings From Equity Interest": NaN,
        "Gain On Sale Of Security": NaN,
        "Net Non Operating Interest Income Expense": NaN,
        "Total Other Finance Cost": NaN,
        "Interest Expense Non Operating": NaN,
        "Interest Income Non Operating": NaN,
        "Operating Income": NaN,
        "Operating Expense": NaN,
        "Depreciation Amortization Depletion Income Statement": NaN,
        "Depreciation And Amortization In Income Statement": NaN,
        "Research And Development": NaN,
        "Selling General And Administration": NaN,
        "Selling And Marketing Expense": NaN,
        "General And Administrative Expense": NaN,
        "Other Gand A": NaN,
        "Salaries And Wages": NaN,
        "Gross Profit": NaN,
        "Cost Of Revenue": NaN,
        "Total Revenue": NaN,
        "Excise Taxes": NaN,
        "Operating Revenue": NaN
    },
    "2022-06-30": {
        "Tax Effect Of Unusual Items": -619086.888232,
        "Tax Rate For Calcs": 0.023639,
        "Normalized EBITDA": -35109000.0,
        "Total Unusual Items": -26189000.0,
        "Total Unusual Items Excluding Goodwill": -26189000.0,
        "Net Income From Continuing Operation Net Minority Interest": -73301000.0,
        "Reconciled Depreciation": 10538000.0,
        "Reconciled Cost Of Revenue": 178878000.0,
        "EBITDA": -61298000.0,
        "EBIT": -71836000.0,
        "Net Interest Income": -1623000.0,
        "Interest Expense": 3928000.0,
        "Interest Income": 2704000.0,
        "Normalized Income": -47731086.888232,
        "Net Income From Continuing And Discontinued Operation": -73301000.0,
        "Total Expenses": 233669000.0,
        "Total Operating Income As Reported": -81416000.0,
        "Diluted Average Shares": 238436000.0,
        "Basic Average Shares": 238436000.0,
        "Diluted EPS": -0.31,
        "Basic EPS": -0.31,
        "Diluted NI Availto Com Stockholders": -73301000.0,
        "Net Income Common Stockholders": -73301000.0,
        "Net Income": -73301000.0,
        "Minority Interests": 672000.0,
        "Net Income Including Noncontrolling Interests": -73973000.0,
        "Net Income Discontinuous Operations": NaN,
        "Net Income Continuous Operations": -73973000.0,
        "Tax Provision": -1791000.0,
        "Pretax Income": -75764000.0,
        "Other Income Expense": -64167000.0,
        "Special Income Charges": 7372000.0,
        "Gain On Sale Of Ppe": 402000.0,
        "Impairment Of Capital Assets": 1850000.0,
        "Restructuring And Mergern Acquisition": -8820000.0,
        "Earnings From Equity Interest": -37978000.0,
        "Gain On Sale Of Security": -33561000.0,
        "Net Non Operating Interest Income Expense": -1623000.0,
        "Total Other Finance Cost": 399000.0,
        "Interest Expense Non Operating": 3928000.0,
        "Interest Income Non Operating": 2704000.0,
        "Operating Income": -9974000.0,
        "Operating Expense": 53053000.0,
        "Depreciation Amortization Depletion Income Statement": 8800000.0,
        "Depreciation And Amortization In Income Statement": 8800000.0,
        "Research And Development": 390000.0,
        "Selling General And Administration": 43863000.0,
        "Selling And Marketing Expense": 3132000.0,
        "General And Administrative Expense": 40731000.0,
        "Other Gand A": 40293000.0,
        "Salaries And Wages": 438000.0,
        "Gross Profit": 43079000.0,
        "Cost Of Revenue": 180616000.0,
        "Total Revenue": 223695000.0,
        "Excise Taxes": 3862000.0,
        "Operating Revenue": 227557000.0
    },
    "2022-03-31": {
        "Diluted EPS": -0.16,
        "Total Revenue": 14,
        "Gross Profit": 3,
        "Operating Income": -11,
        "EBIT": -9,
        "Net Income": -30
    },
    "2021-12-31": {
        "Diluted EPS": -0.04,
        "Total Revenue": 18,
        "Gross Profit": -9,
        "Operating Income": -19,
        "EBIT": -18,
        "Net Income": -44
    },
    "2021-09-30": {
        "Diluted EPS": 0.04,
        "Total Revenue": 11,
        "Gross Profit": 1,
        "Operating Income": -10,
        "EBIT": -7,
        "Net Income": 9
    },
    "2021-06-30": {
        "Diluted EPS": -0.24,
        "Total Revenue": 7,
        "Gross Profit": -2,
        "Operating Income": -66,
        "EBIT": -64,
        "Net Income": -43
    },
    "2021-03-31": {
        "Diluted EPS": -0.71,
        "Total Revenue": 8,
        "Gross Profit": -3,
        "Operating Income": -11,
        "EBIT": -10,
        "Net Income": -106
    },
    "2020-12-31": {
        "Diluted EPS": 2.94,
        "Total Revenue": 4,
        "Gross Profit": 14,
        "Operating Income": 111,
        "EBIT": 113,
        "Net Income": -49
    },
    "2020-09-30": {
        "Diluted EPS": -3.98,
        "Total Revenue": 10,
        "Gross Profit": -15,
        "Operating Income": -67,
        "EBIT": -64,
        "Net Income": -54
    },
    "2020-06-30": {
        "Diluted EPS": -4.11,
        "Total Revenue": 15,
        "Gross Profit": -11,
        "Operating Income": -21,
        "EBIT": -20,
        "Net Income": -44
    },
    "2020-03-31": {
        "Diluted EPS": -3.06,
        "Total Revenue": 17,
        "Gross Profit": -6,
        "Operating Income": -27,
        "EBIT": -24,
        "Net Income": -33
    },
    "2019-12-31": {
        "Diluted EPS": -12.86,
        "Total Revenue": 16,
        "Gross Profit": 3,
        "Operating Income": -19,
        "EBIT": -15,
        "Net Income": -109
    },
    "2019-09-30": {
        "Diluted EPS": -8.03,
        "Total Revenue": 25,
        "Gross Profit": 11,
        "Operating Income": -9,
        "EBIT": -7,
        "Net Income": -74
    },
    "2019-06-30": {
        "Diluted EPS": -1.2,
        "Total Revenue": 14,
        "Gross Profit": 14,
        "Operating Income": -3,
        "EBIT": -2,
        "Net Income": -9
    },
    "2019-03-31": {
        "Diluted EPS": -1.81,
        "Total Revenue": 1,
        "Gross Profit": 1,
        "Operating Income": -13,
        "EBIT": -12,
        "Net Income": -13
    },
    "2023-06-30": {
        "Tax Effect Of Unusual Items": NaN,
        "Tax Rate For Calcs": NaN,
        "Normalized EBITDA": NaN,
        "Total Unusual Items": NaN,
        "Total Unusual Items Excluding Goodwill": NaN,
        "Net Income From Continuing Operation Net Minority Interest": NaN,
        "Reconciled Depreciation": NaN,
        "Reconciled Cost Of Revenue": NaN,
        "EBITDA": NaN,
        "EBIT": NaN,
        "Net Interest Income": NaN,
        "Interest Expense": NaN,
        "Interest Income": NaN,
        "Normalized Income": NaN,
        "Net Income From Continuing And Discontinued Operation": NaN,
        "Total Expenses": NaN,
        "Total Operating Income As Reported": NaN,
        "Diluted Average Shares": 260228000.0,
        "Basic Average Shares": 260228000.0,
        "Diluted EPS": -0.12,
        "Basic EPS": -0.12,
        "Diluted NI Availto Com Stockholders": NaN,
        "Net Income Common Stockholders": NaN,
        "Net Income": NaN,
        "Minority Interests": NaN,
        "Net Income Including Noncontrolling Interests": NaN,
        "Net Income Discontinuous Operations": NaN,
        "Net Income Continuous Operations": NaN,
        "Tax Provision": NaN,
        "Pretax Income": NaN,
        "Other Income Expense": NaN,
        "Special Income Charges": NaN,
        "Gain On Sale Of Ppe": NaN,
        "Impairment Of Capital Assets": NaN,
        "Restructuring And Mergern Acquisition": NaN,
        "Earnings From Equity Interest": NaN,
        "Gain On Sale Of Security": NaN,
        "Net Non Operating Interest Income Expense": NaN,
        "Total Other Finance Cost": NaN,
        "Interest Expense Non Operating": NaN,
        "Interest Income Non Operating": NaN,
        "Operating Income": NaN,
        "Operating Expense": NaN,
        "Depreciation Amortization Depletion Income Statement": NaN,
        "Depreciation And Amortization In Income Statement": NaN,
        "Research And Development": NaN,
        "Selling General And Administration": NaN,
        "Selling And Marketing Expense": NaN,
        "General And Administrative Expense": NaN,
        "Other Gand A": NaN,
        "Salaries And Wages": NaN,
        "Gross Profit": NaN,
        "Cost Of Revenue": NaN,
        "Total Revenue": NaN,
        "Excise Taxes": NaN,
        "Operating Revenue": NaN
    },
    "2023-09-30": {
        "Tax Effect Of Unusual Items": 0.0,
        "Tax Rate For Calcs": 0.0,
        "Normalized EBITDA": -1107000.0,
        "Total Unusual Items": -2442000.0,
        "Total Unusual Items Excluding Goodwill": -2442000.0,
        "Net Income From Continuing Operation Net Minority Interest": -21784000.0,
        "Reconciled Depreciation": 16602000.0,
        "Reconciled Cost Of Revenue": 187933000.0,
        "EBITDA": -3549000.0,
        "EBIT": -20151000.0,
        "Net Interest Income": -2090000.0,
        "Interest Expense": 1676000.0,
        "Interest Income": 213000.0,
        "Normalized Income": -19342000.0,
        "Net Income From Continuing And Discontinued Operation": -21784000.0,
        "Total Expenses": 261471000.0,
        "Total Operating Income As Reported": -16384000.0,
        "Diluted Average Shares": 260435000.0,
        "Basic Average Shares": 260435000.0,
        "Diluted EPS": -0.08,
        "Basic EPS": -0.08,
        "Diluted NI Availto Com Stockholders": -21784000.0,
        "Net Income Common Stockholders": -21784000.0,
        "Net Income": -21784000.0,
        "Minority Interests": 43000.0,
        "Net Income Including Noncontrolling Interests": -21827000.0,
        "Net Income Discontinuous Operations": 0.0,
        "Net Income Continuous Operations": -21827000.0,
        "Tax Provision": 0.0,
        "Pretax Income": -21827000.0,
        "Other Income Expense": 4139000.0,
        "Special Income Charges": -2731000.0,
        "Gain On Sale Of Ppe": -14000.0,
        "Impairment Of Capital Assets": 1783000.0,
        "Restructuring And Mergern Acquisition": 934000.0,
        "Earnings From Equity Interest": 6581000.0,
        "Gain On Sale Of Security": 289000.0,
        "Net Non Operating Interest Income Expense": -2090000.0,
        "Total Other Finance Cost": 627000.0,
        "Interest Expense Non Operating": 1676000.0,
        "Interest Income Non Operating": 213000.0,
        "Operating Income": -23876000.0,
        "Operating Expense": 72481000.0,
        "Depreciation Amortization Depletion Income Statement": 15545000.0,
        "Depreciation And Amortization In Income Statement": 15545000.0,
        "Research And Development": 57000.0,
        "Selling General And Administration": 56879000.0,
        "Selling And Marketing Expense": 3271000.0,
        "General And Administrative Expense": 53608000.0,
        "Other Gand A": 48235000.0,
        "Salaries And Wages": 5373000.0,
        "Gross Profit": 48605000.0,
        "Cost Of Revenue": 188990000.0,
        "Total Revenue": 237595000.0,
        "Excise Taxes": 12201000.0,
        "Operating Revenue": 249796000.0
    },
    "2023-12-31": {
        "Tax Effect Of Unusual Items": 0.0,
        "Tax Rate For Calcs": 0.0,
        "Normalized EBITDA": -5425000.0,
        "Total Unusual Items": -62581000.0,
        "Total Unusual Items Excluding Goodwill": -62581000.0,
        "Net Income From Continuing Operation Net Minority Interest": -82788000.0,
        "Reconciled Depreciation": 15411000.0,
        "Reconciled Cost Of Revenue": 190463000.0,
        "EBITDA": -68006000.0,
        "EBIT": -83417000.0,
        "Net Interest Income": 1491000.0,
        "Interest Expense": 2006000.0,
        "Interest Income": 3649000.0,
        "Normalized Income": -20207000.0,
        "Net Income From Continuing And Discontinued Operation": -82788000.0,
        "Total Expenses": 264380000.0,
        "Total Operating Income As Reported": -84939000.0,
        "Diluted Average Shares": NaN,
        "Basic Average Shares": NaN,
        "Diluted EPS": NaN,
        "Basic EPS": NaN,
        "Diluted NI Availto Com Stockholders": -82788000.0,
        "Net Income Common Stockholders": -82788000.0,
        "Net Income": -82788000.0,
        "Minority Interests": 2635000.0,
        "Net Income Including Noncontrolling Interests": -85423000.0,
        "Net Income Discontinuous Operations": 0.0,
        "Net Income Continuous Operations": -85423000.0,
        "Tax Provision": 0.0,
        "Pretax Income": -85423000.0,
        "Other Income Expense": -70984000.0,
        "Special Income Charges": -65363000.0,
        "Gain On Sale Of Ppe": -78000.0,
        "Impairment Of Capital Assets": 50719000.0,
        "Restructuring And Mergern Acquisition": 14566000.0,
        "Earnings From Equity Interest": -8403000.0,
        "Gain On Sale Of Security": 2782000.0,
        "Net Non Operating Interest Income Expense": 1491000.0,
        "Total Other Finance Cost": 152000.0,
        "Interest Expense Non Operating": 2006000.0,
        "Interest Income Non Operating": 3649000.0,
        "Operating Income": -15930000.0,
        "Operating Expense": 73266000.0,
        "Depreciation Amortization Depletion Income Statement": 14760000.0,
        "Depreciation And Amortization In Income Statement": 14760000.0,
        "Research And Development": 107000.0,
        "Selling General And Administration": 58399000.0,
        "Selling And Marketing Expense": 4284000.0,
        "General And Administrative Expense": 54115000.0,
        "Other Gand A": -65044000.0,
        "Salaries And Wages": 119159000.0,
        "Gross Profit": 57336000.0,
        "Cost Of Revenue": 191114000.0,
        "Total Revenue": 248450000.0,
        "Excise Taxes": 13157000.0,
        "Operating Revenue": 261607000.0
    },
    "2024-03-31": {
        "Tax Effect Of Unusual Items": -1311407.896457,
        "Tax Rate For Calcs": 0.391816,
        "Normalized EBITDA": 12222000.0,
        "Total Unusual Items": -3347000.0,
        "Total Unusual Items Excluding Goodwill": -3347000.0,
        "Net Income From Continuing Operation Net Minority Interest": -2554000.0,
        "Reconciled Depreciation": 14570000.0,
        "Reconciled Cost Of Revenue": 146923000.0,
        "EBITDA": 8875000.0,
        "EBIT": -5695000.0,
        "Net Interest Income": 2466000.0,
        "Interest Expense": 1954000.0,
        "Interest Income": 4287000.0,
        "Normalized Income": -518407.896457,
        "Net Income From Continuing And Discontinued Operation": -2554000.0,
        "Total Expenses": 213666000.0,
        "Total Operating Income As Reported": -4377000.0,
        "Diluted Average Shares": 262968000.0,
        "Basic Average Shares": 262968000.0,
        "Diluted EPS": -0.01,
        "Basic EPS": -0.01,
        "Diluted NI Availto Com Stockholders": -2554000.0,
        "Net Income Common Stockholders": -2554000.0,
        "Net Income": -2554000.0,
        "Minority Interests": 2098000.0,
        "Net Income Including Noncontrolling Interests": -4652000.0,
        "Net Income Discontinuous Operations": 0.0,
        "Net Income Continuous Operations": -4652000.0,
        "Tax Provision": -2997000.0,
        "Pretax Income": -7649000.0,
        "Other Income Expense": 5801000.0,
        "Special Income Charges": -1783000.0,
        "Gain On Sale Of Ppe": -78000.0,
        "Impairment Of Capital Assets": 1656000.0,
        "Restructuring And Mergern Acquisition": 49000.0,
        "Earnings From Equity Interest": 9148000.0,
        "Gain On Sale Of Security": -1564000.0,
        "Net Non Operating Interest Income Expense": 2466000.0,
        "Total Other Finance Cost": -133000.0,
        "Interest Expense Non Operating": 1954000.0,
        "Interest Income Non Operating": 4287000.0,
        "Operating Income": -15916000.0,
        "Operating Expense": 66316000.0,
        "Depreciation Amortization Depletion Income Statement": 14143000.0,
        "Depreciation And Amortization In Income Statement": 14143000.0,
        "Research And Development": 37000.0,
        "Selling General And Administration": 52136000.0,
        "Selling And Marketing Expense": 2598000.0,
        "General And Administrative Expense": 49538000.0,
        "Other Gand A": 44695000.0,
        "Salaries And Wages": 4843000.0,
        "Gross Profit": 50400000.0,
        "Cost Of Revenue": 147350000.0,
        "Total Revenue": 197750000.0,
        "Excise Taxes": 10208000.0,
        "Operating Revenue": 207958000.0
    },
    "2024-06-30": {
        "Tax Effect Of Unusual Items": -270521.196609,
        "Tax Rate For Calcs": 0.205407,
        "Normalized EBITDA": 11138000.0,
        "Total Unusual Items": -1317000.0,
        "Total Unusual Items Excluding Goodwill": -1317000.0,
        "Net Income From Continuing Operation Net Minority Interest": -5772000.0,
        "Reconciled Depreciation": 14139000.0,
        "Reconciled Cost Of Revenue": 169343000.0,
        "EBITDA": 9821000.0,
        "EBIT": -4318000.0,
        "Net Interest Income": 1636000.0,
        "Interest Expense": 1933000.0,
        "Interest Income": 3408000.0,
        "Normalized Income": -4725521.196609,
        "Net Income From Continuing And Discontinued Operation": -5772000.0,
        "Total Expenses": 239949000.0,
        "Total Operating Income As Reported": -4834000.0,
        "Diluted Average Shares": 263832000.0,
        "Basic Average Shares": 263832000.0,
        "Diluted EPS": -0.02,
        "Basic EPS": -0.02,
        "Diluted NI Availto Com Stockholders": -5772000.0,
        "Net Income Common Stockholders": -5772000.0,
        "Net Income": -5772000.0,
        "Minority Interests": -805000.0,
        "Net Income Including Noncontrolling Interests": -4967000.0,
        "Net Income Discontinuous Operations": 0.0,
        "Net Income Continuous Operations": -4967000.0,
        "Tax Provision": -1284000.0,
        "Pretax Income": -6251000.0,
        "Other Income Expense": 3935000.0,
        "Special Income Charges": -2325000.0,
        "Gain On Sale Of Ppe": -328000.0,
        "Impairment Of Capital Assets": 919000.0,
        "Restructuring And Mergern Acquisition": 1078000.0,
        "Earnings From Equity Interest": 5252000.0,
        "Gain On Sale Of Security": 1008000.0,
        "Net Non Operating Interest Income Expense": 1636000.0,
        "Total Other Finance Cost": -161000.0,
        "Interest Expense Non Operating": 1933000.0,
        "Interest Income Non Operating": 3408000.0,
        "Operating Income": -11822000.0,
        "Operating Expense": 69986000.0,
        "Depreciation Amortization Depletion Income Statement": 13519000.0,
        "Depreciation And Amortization In Income Statement": 13519000.0,
        "Research And Development": 109000.0,
        "Selling General And Administration": 56358000.0,
        "Selling And Marketing Expense": 3439000.0,
        "General And Administrative Expense": 52919000.0,
        "Other Gand A": 48036000.0,
        "Salaries And Wages": 4883000.0,
        "Gross Profit": 58164000.0,
        "Cost Of Revenue": 169963000.0,
        "Total Revenue": 228127000.0,
        "Excise Taxes": 14134000.0,
        "Operating Revenue": 242261000.0
    },
    "2024-09-30": {
        "Tax Effect Of Unusual Items": 934650.0,
        "Tax Rate For Calcs": 0.15,
        "Normalized EBITDA": -8262000.0,
        "Total Unusual Items": 6231000.0,
        "Total Unusual Items Excluding Goodwill": 6231000.0,
        "Net Income From Continuing Operation Net Minority Interest": -19328000.0,
        "Reconciled Depreciation": 13970000.0,
        "Reconciled Cost Of Revenue": 173343000.0,
        "EBITDA": -2031000.0,
        "EBIT": -16001000.0,
        "Net Interest Income": -1740000.0,
        "Interest Expense": 1901000.0,
        "Interest Income": 194000.0,
        "Normalized Income": -24624350.0,
        "Net Income From Continuing And Discontinued Operation": -19328000.0,
        "Total Expenses": 245884000.0,
        "Total Operating Income As Reported": -18511000.0,
        "Diluted Average Shares": 265147000.0,
        "Basic Average Shares": 265147000.0,
        "Diluted EPS": -0.07,
        "Basic EPS": -0.07,
        "Diluted NI Availto Com Stockholders": -19328000.0,
        "Net Income Common Stockholders": -19328000.0,
        "Net Income": -19328000.0,
        "Minority Interests": 8000.0,
        "Net Income Including Noncontrolling Interests": -19336000.0,
        "Net Income Discontinuous Operations": 0.0,
        "Net Income Continuous Operations": -19336000.0,
        "Tax Provision": 1434000.0,
        "Pretax Income": -17902000.0,
        "Other Income Expense": -7170000.0,
        "Special Income Charges": -3039000.0,
        "Gain On Sale Of Ppe": -35000.0,
        "Impairment Of Capital Assets": -258000.0,
        "Restructuring And Mergern Acquisition": 3262000.0,
        "Earnings From Equity Interest": -13401000.0,
        "Gain On Sale Of Security": 9270000.0,
        "Net Non Operating Interest Income Expense": -1740000.0,
        "Total Other Finance Cost": 33000.0,
        "Interest Expense Non Operating": 1901000.0,
        "Interest Income Non Operating": 194000.0,
        "Operating Income": -8992000.0,
        "Operating Expense": 71960000.0,
        "Depreciation Amortization Depletion Income Statement": 13389000.0,
        "Depreciation And Amortization In Income Statement": 13389000.0,
        "Research And Development": 76000.0,
        "Selling General And Administration": 58495000.0,
        "Selling And Marketing Expense": 2813000.0,
        "General And Administrative Expense": 55682000.0,
        "Other Gand A": 49980000.0,
        "Salaries And Wages": 5702000.0,
        "Gross Profit": 62968000.0,
        "Cost Of Revenue": 173924000.0,
        "Total Revenue": 236892000.0,
        "Excise Taxes": 14431000.0,
        "Operating Revenue": 251323000.0
    }
}