{
    "2023-03-31": {
        "Tax Effect Of Unusual Items": 0.0,
        "Tax Rate For Calcs": 0.242073,
        "Normalized EBITDA": 225500000.0,
        "Net Income From Continuing Operation Net Minority Interest": 98000000.0,
        "Reconciled Depreciation": 91800000.0,
        "Reconciled Cost Of Revenue": 1253600000.0,
        "EBITDA": 225500000.0,
        "EBIT": 133700000.0,
        "Net Interest Income": -2300000.0,
        "Interest Expense": 4400000.0,
        "Interest Income": 2100000.0,
        "Normalized Income": 98000000.0,
        "Net Income From Continuing And Discontinued Operation": 98000000.0,
        "Total Expenses": 1314100000.0,
        "Total Operating Income As Reported": 114600000.0,
        "Diluted Average Shares": 179100000.0,
        "Basic Average Shares": 178200000.0,
        "Diluted EPS": 0.55,
        "Basic EPS": 0.55,
        "Diluted NI Availto Com Stockholders": 98000000.0,
        "Net Income Common Stockholders": 98000000.0,
        "Net Income": 98000000.0,
        "Net Income Including Noncontrolling Interests": 98000000.0,
        "Net Income Continuous Operations": 98000000.0,
        "Tax Provision": 31300000.0,
        "Pretax Income": 129300000.0,
        "Other Income Expense": 17000000.0,
        "Other Non Operating Income Expenses": 17000000.0,
        "Net Non Operating Interest Income Expense": -2300000.0,
        "Interest Expense Non Operating": 4400000.0,
        "Interest Income Non Operating": 2100000.0,
        "Operating Income": 114600000.0,
        "Operating Expense": 60500000.0,
        "Selling General And Administration": 60500000.0,
        "General And Administrative Expense": 60500000.0,
        "Other Gand A": 35800000.0,
        "Insurance And Claims": 24700000.0,
        "Gross Profit": 175100000.0,
        "Cost Of Revenue": 1253600000.0,
        "Total Revenue": 1428700000.0,
        "Operating Revenue": 1428700000.0
    },
    "2022-12-31": {
        "Tax Effect Of Unusual Items": 0.0,
        "Tax Rate For Calcs": 0.214693,
        "Normalized EBITDA": 234400000.0,
        "Net Income From Continuing Operation Net Minority Interest": 110100000.0,
        "Reconciled Depreciation": 91700000.0,
        "Reconciled Cost Of Revenue": 1354300000.0,
        "EBITDA": 234400000.0,
        "EBIT": 142700000.0,
        "Net Interest Income": -1100000.0,
        "Interest Expense": 2500000.0,
        "Interest Income": 1400000.0,
        "Normalized Income": 110100000.0,
        "Net Income From Continuing And Discontinued Operation": 110100000.0,
        "Total Expenses": 1418400000.0,
        "Total Operating Income As Reported": 143300000.0,
        "Diluted Average Shares": 178900000.0,
        "Basic Average Shares": 178000000.0,
        "Diluted EPS": 0.62,
        "Basic EPS": 0.62,
        "Diluted NI Availto Com Stockholders": 110100000.0,
        "Net Income Common Stockholders": 110100000.0,
        "Net Income": 110100000.0,
        "Net Income Including Noncontrolling Interests": 110100000.0,
        "Net Income Continuous Operations": 110100000.0,
        "Tax Provision": 30100000.0,
        "Pretax Income": 140200000.0,
        "Other Income Expense": -2000000.0,
        "Other Non Operating Income Expenses": -2000000.0,
        "Net Non Operating Interest Income Expense": -1100000.0,
        "Interest Expense Non Operating": 2500000.0,
        "Interest Income Non Operating": 1400000.0,
        "Operating Income": 143300000.0,
        "Operating Expense": 64100000.0,
        "Selling General And Administration": 64100000.0,
        "General And Administrative Expense": 64100000.0,
        "Other Gand A": 39100000.0,
        "Insurance And Claims": 25000000.0,
        "Gross Profit": 207400000.0,
        "Cost Of Revenue": 1354300000.0,
        "Total Revenue": 1561700000.0,
        "Operating Revenue": 1561700000.0
    },
    "2022-09-30": {
        "Tax Effect Of Unusual Items": 0.0,
        "Tax Rate For Calcs": 0.25,
        "Normalized EBITDA": 258000000.0,
        "Total Unusual Items": NaN,
        "Total Unusual Items Excluding Goodwill": NaN,
        "Net Income From Continuing Operation Net Minority Interest": 125800000.0,
        "Reconciled Depreciation": 88200000.0,
        "Reconciled Cost Of Revenue": 1462300000.0,
        "EBITDA": 258000000.0,
        "EBIT": 169800000.0,
        "Net Interest Income": -1300000.0,
        "Interest Expense": 2100000.0,
        "Interest Income": 800000.0,
        "Normalized Income": 125800000.0,
        "Net Income From Continuing And Discontinued Operation": 125800000.0,
        "Total Expenses": 1529900000.0,
        "Total Operating Income As Reported": 145400000.0,
        "Diluted Average Shares": 178700000.0,
        "Basic Average Shares": 178000000.0,
        "Diluted EPS": 0.7,
        "Basic EPS": 0.71,
        "Diluted NI Availto Com Stockholders": 125800000.0,
        "Net Income Common Stockholders": 125800000.0,
        "Net Income": 125800000.0,
        "Net Income Including Noncontrolling Interests": 125800000.0,
        "Net Income Continuous Operations": 125800000.0,
        "Tax Provision": 41900000.0,
        "Pretax Income": 167700000.0,
        "Other Income Expense": 23600000.0,
        "Other Non Operating Income Expenses": 23600000.0,
        "Special Income Charges": NaN,
        "Impairment Of Capital Assets": NaN,
        "Net Non Operating Interest Income Expense": -1300000.0,
        "Interest Expense Non Operating": 2100000.0,
        "Interest Income Non Operating": 800000.0,
        "Operating Income": 145400000.0,
        "Operating Expense": 67600000.0,
        "Selling General And Administration": 67600000.0,
        "General And Administrative Expense": 67600000.0,
        "Other Gand A": 41100000.0,
        "Insurance And Claims": 26500000.0,
        "Gross Profit": 213000000.0,
        "Cost Of Revenue": 1462300000.0,
        "Total Revenue": 1675300000.0,
        "Operating Revenue": 1675300000.0
    },
    "2022-06-30": {
        "Tax Effect Of Unusual Items": 0.0,
        "Tax Rate For Calcs": 0.248,
        "Normalized EBITDA": 261100000.0,
        "Total Unusual Items": NaN,
        "Total Unusual Items Excluding Goodwill": NaN,
        "Net Income From Continuing Operation Net Minority Interest": 129800000.0,
        "Reconciled Depreciation": 86300000.0,
        "Reconciled Cost Of Revenue": 1506200000.0,
        "EBITDA": 261100000.0,
        "EBIT": 174800000.0,
        "Net Interest Income": -1900000.0,
        "Interest Expense": 2200000.0,
        "Interest Income": 300000.0,
        "Normalized Income": 129800000.0,
        "Net Income From Continuing And Discontinued Operation": 129800000.0,
        "Total Expenses": 1570300000.0,
        "Total Operating Income As Reported": 176600000.0,
        "Diluted Average Shares": 178500000.0,
        "Basic Average Shares": 178000000.0,
        "Diluted EPS": 0.73,
        "Basic EPS": 0.73,
        "Diluted NI Availto Com Stockholders": 129800000.0,
        "Net Income Common Stockholders": 129800000.0,
        "Net Income": 129800000.0,
        "Net Income Including Noncontrolling Interests": 129800000.0,
        "Net Income Continuous Operations": 129800000.0,
        "Tax Provision": 42800000.0,
        "Pretax Income": 172600000.0,
        "Other Income Expense": -2100000.0,
        "Other Non Operating Income Expenses": -2100000.0,
        "Special Income Charges": NaN,
        "Impairment Of Capital Assets": NaN,
        "Net Non Operating Interest Income Expense": -1900000.0,
        "Interest Expense Non Operating": 2200000.0,
        "Interest Income Non Operating": 300000.0,
        "Operating Income": 176600000.0,
        "Operating Expense": 64100000.0,
        "Selling General And Administration": 64100000.0,
        "General And Administrative Expense": 64100000.0,
        "Other Gand A": 39000000.0,
        "Insurance And Claims": 25100000.0,
        "Gross Profit": 240700000.0,
        "Cost Of Revenue": 1506200000.0,
        "Total Revenue": 1746900000.0,
        "Operating Revenue": 1746900000.0
    },
    "2023-06-30": {
        "Tax Effect Of Unusual Items": 0.0,
        "Tax Rate For Calcs": 0.249,
        "Normalized EBITDA": 198800000.0,
        "Net Income From Continuing Operation Net Minority Interest": 77500000.0,
        "Reconciled Depreciation": 93200000.0,
        "Reconciled Cost Of Revenue": 1187900000.0,
        "EBITDA": 198800000.0,
        "EBIT": 105600000.0,
        "Net Interest Income": 200000.0,
        "Interest Expense": 2400000.0,
        "Interest Income": 2600000.0,
        "Normalized Income": 77500000.0,
        "Net Income From Continuing And Discontinued Operation": 77500000.0,
        "Total Expenses": 1242700000.0,
        "Total Operating Income As Reported": 103800000.0,
        "Diluted Average Shares": 178700000.0,
        "Basic Average Shares": 178100000.0,
        "Diluted EPS": 0.43,
        "Basic EPS": 0.44,
        "Diluted NI Availto Com Stockholders": 77500000.0,
        "Net Income Common Stockholders": 77500000.0,
        "Net Income": 77500000.0,
        "Net Income Including Noncontrolling Interests": 77500000.0,
        "Net Income Continuous Operations": 77500000.0,
        "Tax Provision": 25700000.0,
        "Pretax Income": 103200000.0,
        "Other Income Expense": -800000.0,
        "Other Non Operating Income Expenses": -800000.0,
        "Net Non Operating Interest Income Expense": 200000.0,
        "Interest Expense Non Operating": 2400000.0,
        "Interest Income Non Operating": 2600000.0,
        "Operating Income": 103800000.0,
        "Operating Expense": 54800000.0,
        "Selling General And Administration": 54800000.0,
        "General And Administrative Expense": 54800000.0,
        "Other Gand A": 29100000.0,
        "Insurance And Claims": 25700000.0,
        "Gross Profit": 158600000.0,
        "Cost Of Revenue": 1187900000.0,
        "Total Revenue": 1346500000.0,
        "Operating Revenue": 1346500000.0
    },
    "2022-03-31": {
        "Diluted EPS": 0.52,
        "Total Revenue": NaN,
        "Gross Profit": 770,
        "Operating Income": 135,
        "EBIT": 219,
        "Net Income": 92
    },
    "2021-12-31": {
        "Diluted EPS": 0.75,
        "Total Revenue": NaN,
        "Gross Profit": 740,
        "Operating Income": 178,
        "EBIT": 254,
        "Net Income": 134
    },
    "2021-09-30": {
        "Diluted EPS": 0.62,
        "Total Revenue": NaN,
        "Gross Profit": 682,
        "Operating Income": 154,
        "EBIT": 228,
        "Net Income": 110
    },
    "2021-06-30": {
        "Diluted EPS": 0.6,
        "Total Revenue": NaN,
        "Gross Profit": 641,
        "Operating Income": 126,
        "EBIT": 199,
        "Net Income": 107
    },
    "2021-03-31": {
        "Diluted EPS": 0.31,
        "Total Revenue": NaN,
        "Gross Profit": 606,
        "Operating Income": 76,
        "EBIT": 149,
        "Net Income": 55
    },
    "2020-12-31": {
        "Diluted EPS": 0.43,
        "Total Revenue": NaN,
        "Gross Profit": 633,
        "Operating Income": 105,
        "EBIT": 179,
        "Net Income": 77
    },
    "2020-09-30": {
        "Diluted EPS": 0.25,
        "Total Revenue": NaN,
        "Gross Profit": 585,
        "Operating Income": 63,
        "EBIT": 138,
        "Net Income": 45
    },
    "2020-06-30": {
        "Diluted EPS": 0.26,
        "Total Revenue": NaN,
        "Gross Profit": 554,
        "Operating Income": 63,
        "EBIT": 136,
        "Net Income": 47
    },
    "2020-03-31": {
        "Diluted EPS": 0.25,
        "Total Revenue": NaN,
        "Gross Profit": 579,
        "Operating Income": 55,
        "EBIT": 125,
        "Net Income": 44
    },
    "2019-12-31": {
        "Diluted EPS": 0.32,
        "Total Revenue": NaN,
        "Gross Profit": 581,
        "Operating Income": 78,
        "EBIT": 149,
        "Net Income": 56
    },
    "2019-09-30": {
        "Diluted EPS": 0.11,
        "Total Revenue": NaN,
        "Gross Profit": 602,
        "Operating Income": 29,
        "EBIT": 103,
        "Net Income": 19
    },
    "2019-06-30": {
        "Diluted EPS": 0.19,
        "Total Revenue": NaN,
        "Gross Profit": 633,
        "Operating Income": 49,
        "EBIT": 124,
        "Net Income": 35
    },
    "2019-03-31": {
        "Diluted EPS": 0.21,
        "Total Revenue": NaN,
        "Gross Profit": 646,
        "Operating Income": 52,
        "EBIT": 125,
        "Net Income": 37
    },
    "2018-12-31": {
        "Diluted EPS": 0.48,
        "Total Revenue": NaN,
        "Gross Profit": 703,
        "Operating Income": 119,
        "EBIT": 193,
        "Net Income": 86
    },
    "2018-09-30": {
        "Diluted EPS": 0.4,
        "Total Revenue": NaN,
        "Gross Profit": 672,
        "Operating Income": 98,
        "EBIT": 171,
        "Net Income": 70
    },
    "2018-06-30": {
        "Diluted EPS": 0.37,
        "Total Revenue": NaN,
        "Gross Profit": 662,
        "Operating Income": 92,
        "EBIT": 164,
        "Net Income": 66
    },
    "2018-03-31": {
        "Diluted EPS": 0.27,
        "Total Revenue": NaN,
        "Gross Profit": 629,
        "Operating Income": 68,
        "EBIT": 139,
        "Net Income": 48
    },
    "2017-12-31": {
        "Diluted EPS": 1.66,
        "Total Revenue": NaN,
        "Gross Profit": 660,
        "Operating Income": 94,
        "EBIT": 166,
        "Net Income": 284
    },
    "2017-09-30": {
        "Diluted EPS": 0.21,
        "Total Revenue": NaN,
        "Gross Profit": 631,
        "Operating Income": 64,
        "EBIT": 135,
        "Net Income": 37
    },
    "2017-06-30": {
        "Diluted EPS": 0.27,
        "Total Revenue": NaN,
        "Gross Profit": 617,
        "Operating Income": 79,
        "EBIT": 148,
        "Net Income": 47
    },
    "2017-03-31": {
        "Diluted EPS": 0.14,
        "Total Revenue": NaN,
        "Gross Profit": 566,
        "Operating Income": 44,
        "EBIT": 111,
        "Net Income": 23
    },
    "2016-12-31": {
        "Diluted EPS": 0.3,
        "Total Revenue": NaN,
        "Gross Profit": 613,
        "Operating Income": 88,
        "EBIT": 156,
        "Net Income": 48
    },
    "2016-09-30": {
        "Diluted EPS": 0.24,
        "Total Revenue": NaN,
        "Gross Profit": 605,
        "Operating Income": 71,
        "EBIT": 141,
        "Net Income": 37
    },
    "2016-06-30": {
        "Diluted EPS": 0.28,
        "Total Revenue": 995,
        "Gross Profit": 572,
        "Operating Income": 80,
        "EBIT": 143,
        "Net Income": 44
    },
    "2016-03-31": {
        "Diluted EPS": 0.18,
        "Total Revenue": 928,
        "Gross Profit": 536,
        "Operating Income": 52,
        "EBIT": 116,
        "Net Income": 28
    },
    "2015-12-31": {
        "Diluted EPS": 0.0,
        "Total Revenue": NaN,
        "Gross Profit": NaN,
        "Operating Income": NaN,
        "EBIT": NaN,
        "Net Income": NaN
    },
    "2014-12-31": {
        "Diluted EPS": 0.0,
        "Total Revenue": NaN,
        "Gross Profit": NaN,
        "Operating Income": NaN,
        "EBIT": NaN,
        "Net Income": NaN
    },
    "2023-09-30": {
        "Tax Effect Of Unusual Items": 0.0,
        "Tax Rate For Calcs": 0.228,
        "Normalized EBITDA": 146200000.0,
        "Net Income From Continuing Operation Net Minority Interest": 35600000.0,
        "Reconciled Depreciation": 96800000.0,
        "Reconciled Cost Of Revenue": 1231400000.0,
        "EBITDA": 146200000.0,
        "EBIT": 49400000.0,
        "Net Interest Income": -1700000.0,
        "Interest Expense": 3300000.0,
        "Interest Income": 1600000.0,
        "Normalized Income": 35600000.0,
        "Net Income From Continuing And Discontinued Operation": 35600000.0,
        "Total Expenses": 1305300000.0,
        "Total Operating Income As Reported": 46700000.0,
        "Diluted Average Shares": 177700000.0,
        "Basic Average Shares": 176900000.0,
        "Diluted EPS": 0.2,
        "Basic EPS": 0.2,
        "Diluted NI Availto Com Stockholders": 35600000.0,
        "Net Income Common Stockholders": 35600000.0,
        "Net Income": 35600000.0,
        "Net Income Including Noncontrolling Interests": 35600000.0,
        "Net Income Continuous Operations": 35600000.0,
        "Tax Provision": 10500000.0,
        "Pretax Income": 46100000.0,
        "Other Income Expense": 1100000.0,
        "Other Non Operating Income Expenses": 1100000.0,
        "Net Non Operating Interest Income Expense": -1700000.0,
        "Interest Expense Non Operating": 3300000.0,
        "Interest Income Non Operating": 1600000.0,
        "Operating Income": 46700000.0,
        "Operating Expense": 73900000.0,
        "Selling General And Administration": 73900000.0,
        "General And Administrative Expense": 73900000.0,
        "Other Gand A": 47300000.0,
        "Insurance And Claims": 26600000.0,
        "Gross Profit": 120600000.0,
        "Cost Of Revenue": 1231400000.0,
        "Total Revenue": 1352000000.0,
        "Operating Revenue": 1352000000.0
    },
    "2023-12-31": {
        "Tax Effect Of Unusual Items": 0.0,
        "Tax Rate For Calcs": 0.003636,
        "Normalized EBITDA": 132300000.0,
        "Net Income From Continuing Operation Net Minority Interest": 27400000.0,
        "Reconciled Depreciation": 100700000.0,
        "Reconciled Cost Of Revenue": 1266600000.0,
        "EBITDA": 132300000.0,
        "EBIT": 31600000.0,
        "Net Interest Income": -3400000.0,
        "Interest Expense": 4100000.0,
        "Interest Income": 700000.0,
        "Normalized Income": 27400000.0,
        "Net Income From Continuing And Discontinued Operation": 27400000.0,
        "Total Expenses": 1340400000.0,
        "Total Operating Income As Reported": 31300000.0,
        "Diluted Average Shares": 177100000.0,
        "Basic Average Shares": 176200000.0,
        "Diluted EPS": 0.15,
        "Basic EPS": 0.16,
        "Diluted NI Availto Com Stockholders": 27400000.0,
        "Net Income Common Stockholders": 27400000.0,
        "Net Income": 27400000.0,
        "Net Income Including Noncontrolling Interests": 27400000.0,
        "Net Income Continuous Operations": 27400000.0,
        "Tax Provision": 100000.0,
        "Pretax Income": 27500000.0,
        "Other Income Expense": -400000.0,
        "Other Non Operating Income Expenses": -400000.0,
        "Net Non Operating Interest Income Expense": -3400000.0,
        "Interest Expense Non Operating": 4100000.0,
        "Interest Income Non Operating": 700000.0,
        "Operating Income": 31300000.0,
        "Operating Expense": 73800000.0,
        "Selling General And Administration": 73800000.0,
        "General And Administrative Expense": 73800000.0,
        "Other Gand A": 36500000.0,
        "Insurance And Claims": 37300000.0,
        "Gross Profit": 105100000.0,
        "Cost Of Revenue": 1266600000.0,
        "Total Revenue": 1371700000.0,
        "Operating Revenue": 1164900000.0
    },
    "2024-03-31": {
        "Tax Effect Of Unusual Items": 0.0,
        "Tax Rate For Calcs": 0.251012,
        "Normalized EBITDA": 131500000.0,
        "Net Income From Continuing Operation Net Minority Interest": 18500000.0,
        "Reconciled Depreciation": 102800000.0,
        "Reconciled Cost Of Revenue": 1227900000.0,
        "EBITDA": 131500000.0,
        "EBIT": 28700000.0,
        "Net Interest Income": -3200000.0,
        "Interest Expense": 4000000.0,
        "Interest Income": 800000.0,
        "Normalized Income": 18500000.0,
        "Net Income From Continuing And Discontinued Operation": 18500000.0,
        "Total Expenses": 1290300000.0,
        "Total Operating Income As Reported": 28700000.0,
        "Diluted Average Shares": 176600000.0,
        "Basic Average Shares": 176000000.0,
        "Diluted EPS": 0.1,
        "Basic EPS": 0.11,
        "Diluted NI Availto Com Stockholders": 18500000.0,
        "Net Income Common Stockholders": 18500000.0,
        "Net Income": 18500000.0,
        "Net Income Including Noncontrolling Interests": 18500000.0,
        "Net Income Continuous Operations": 18500000.0,
        "Tax Provision": 6200000.0,
        "Pretax Income": 24700000.0,
        "Other Income Expense": -800000.0,
        "Other Non Operating Income Expenses": -800000.0,
        "Net Non Operating Interest Income Expense": -3200000.0,
        "Interest Expense Non Operating": 4000000.0,
        "Interest Income Non Operating": 800000.0,
        "Operating Income": 28700000.0,
        "Operating Expense": 62400000.0,
        "Selling General And Administration": 62400000.0,
        "General And Administrative Expense": 62400000.0,
        "Other Gand A": 31300000.0,
        "Insurance And Claims": 31100000.0,
        "Gross Profit": 91100000.0,
        "Cost Of Revenue": 1227900000.0,
        "Total Revenue": 1319000000.0,
        "Operating Revenue": 1319000000.0
    }
}