{
    "2023-03-31": {
        "Tax Effect Of Unusual Items": NaN,
        "Tax Rate For Calcs": NaN,
        "Normalized EBITDA": NaN,
        "Net Income From Continuing Operation Net Minority Interest": NaN,
        "Reconciled Depreciation": NaN,
        "EBITDA": NaN,
        "EBIT": NaN,
        "Net Interest Income": NaN,
        "Interest Expense": NaN,
        "Interest Income": NaN,
        "Normalized Income": NaN,
        "Net Income From Continuing And Discontinued Operation": NaN,
        "Total Expenses": NaN,
        "Total Operating Income As Reported": NaN,
        "Diluted Average Shares": NaN,
        "Basic Average Shares": NaN,
        "Diluted EPS": NaN,
        "Basic EPS": NaN,
        "Diluted NI Availto Com Stockholders": NaN,
        "Net Income Common Stockholders": NaN,
        "Net Income": NaN,
        "Net Income Including Noncontrolling Interests": NaN,
        "Net Income Continuous Operations": NaN,
        "Pretax Income": NaN,
        "Other Income Expense": NaN,
        "Other Non Operating Income Expenses": NaN,
        "Net Non Operating Interest Income Expense": NaN,
        "Interest Expense Non Operating": NaN,
        "Interest Income Non Operating": NaN,
        "Operating Income": NaN,
        "Operating Expense": NaN,
        "Research And Development": NaN,
        "Selling General And Administration": NaN,
        "General And Administrative Expense": 11961000.0,
        "Other Gand A": 4117000.0,
        "Salaries And Wages": 7844000.0,
        "Total Revenue": NaN,
        "Operating Revenue": NaN
    },
    "2022-12-31": {
        "Tax Effect Of Unusual Items": NaN,
        "Tax Rate For Calcs": NaN,
        "Normalized EBITDA": NaN,
        "Net Income From Continuing Operation Net Minority Interest": NaN,
        "Reconciled Depreciation": NaN,
        "EBITDA": NaN,
        "EBIT": NaN,
        "Net Interest Income": NaN,
        "Interest Expense": NaN,
        "Interest Income": NaN,
        "Normalized Income": NaN,
        "Net Income From Continuing And Discontinued Operation": NaN,
        "Total Expenses": NaN,
        "Total Operating Income As Reported": NaN,
        "Diluted Average Shares": NaN,
        "Basic Average Shares": NaN,
        "Diluted EPS": NaN,
        "Basic EPS": NaN,
        "Diluted NI Availto Com Stockholders": NaN,
        "Net Income Common Stockholders": NaN,
        "Net Income": NaN,
        "Net Income Including Noncontrolling Interests": NaN,
        "Net Income Continuous Operations": NaN,
        "Pretax Income": NaN,
        "Other Income Expense": NaN,
        "Other Non Operating Income Expenses": NaN,
        "Net Non Operating Interest Income Expense": NaN,
        "Interest Expense Non Operating": NaN,
        "Interest Income Non Operating": NaN,
        "Operating Income": NaN,
        "Operating Expense": NaN,
        "Research And Development": NaN,
        "Selling General And Administration": NaN,
        "General And Administrative Expense": 10192000.0,
        "Other Gand A": 10192000.0,
        "Salaries And Wages": NaN,
        "Total Revenue": NaN,
        "Operating Revenue": NaN
    },
    "2022-09-30": {
        "Tax Effect Of Unusual Items": 0.0,
        "Tax Rate For Calcs": 0.0,
        "Normalized EBITDA": -33647000.0,
        "Net Income From Continuing Operation Net Minority Interest": -35403000.0,
        "Reconciled Depreciation": 8000.0,
        "EBITDA": -33647000.0,
        "EBIT": -33655000.0,
        "Net Interest Income": 33000.0,
        "Interest Expense": 1748000.0,
        "Interest Income": 1781000.0,
        "Normalized Income": -35403000.0,
        "Net Income From Continuing And Discontinued Operation": -35403000.0,
        "Total Expenses": 35141000.0,
        "Total Operating Income As Reported": -35141000.0,
        "Diluted Average Shares": 60670294.0,
        "Basic Average Shares": 60670294.0,
        "Diluted EPS": -0.58,
        "Basic EPS": -0.58,
        "Diluted NI Availto Com Stockholders": -35403000.0,
        "Net Income Common Stockholders": -35403000.0,
        "Net Income": -35403000.0,
        "Net Income Including Noncontrolling Interests": -35403000.0,
        "Net Income Continuous Operations": -35403000.0,
        "Pretax Income": -35403000.0,
        "Other Income Expense": -295000.0,
        "Other Non Operating Income Expenses": -295000.0,
        "Net Non Operating Interest Income Expense": 33000.0,
        "Interest Expense Non Operating": 1748000.0,
        "Interest Income Non Operating": 1781000.0,
        "Operating Income": -35141000.0,
        "Operating Expense": 35141000.0,
        "Research And Development": 26901000.0,
        "Selling General And Administration": 8240000.0,
        "General And Administrative Expense": 8240000.0,
        "Other Gand A": 8240000.0,
        "Total Revenue": 0.0,
        "Operating Revenue": 0.0
    },
    "2022-06-30": {
        "Tax Effect Of Unusual Items": 0.0,
        "Tax Rate For Calcs": 0.0,
        "Normalized EBITDA": -36866000.0,
        "Net Income From Continuing Operation Net Minority Interest": -37572000.0,
        "Reconciled Depreciation": 11000.0,
        "EBITDA": -36866000.0,
        "EBIT": -36877000.0,
        "Net Interest Income": 183000.0,
        "Interest Expense": 695000.0,
        "Interest Income": 878000.0,
        "Normalized Income": -37572000.0,
        "Net Income From Continuing And Discontinued Operation": -37572000.0,
        "Total Expenses": 37724000.0,
        "Total Operating Income As Reported": -37724000.0,
        "Diluted Average Shares": 60156653.0,
        "Basic Average Shares": 60156653.0,
        "Diluted EPS": -0.62,
        "Basic EPS": -0.62,
        "Diluted NI Availto Com Stockholders": -37572000.0,
        "Net Income Common Stockholders": -37572000.0,
        "Net Income": -37572000.0,
        "Net Income Including Noncontrolling Interests": -37572000.0,
        "Net Income Continuous Operations": -37572000.0,
        "Pretax Income": -37572000.0,
        "Other Income Expense": -31000.0,
        "Other Non Operating Income Expenses": -31000.0,
        "Net Non Operating Interest Income Expense": 183000.0,
        "Interest Expense Non Operating": 695000.0,
        "Interest Income Non Operating": 878000.0,
        "Operating Income": -37724000.0,
        "Operating Expense": 37724000.0,
        "Research And Development": 29734000.0,
        "Selling General And Administration": 7990000.0,
        "General And Administrative Expense": 7990000.0,
        "Other Gand A": 7990000.0,
        "Total Revenue": 0.0,
        "Operating Revenue": 0.0
    },
    "2023-06-30": {
        "Tax Effect Of Unusual Items": NaN,
        "Tax Rate For Calcs": NaN,
        "Normalized EBITDA": NaN,
        "Net Income From Continuing Operation Net Minority Interest": NaN,
        "Reconciled Depreciation": NaN,
        "EBITDA": NaN,
        "EBIT": NaN,
        "Net Interest Income": NaN,
        "Interest Expense": NaN,
        "Interest Income": NaN,
        "Normalized Income": NaN,
        "Net Income From Continuing And Discontinued Operation": NaN,
        "Total Expenses": NaN,
        "Total Operating Income As Reported": NaN,
        "Diluted Average Shares": NaN,
        "Basic Average Shares": NaN,
        "Diluted EPS": NaN,
        "Basic EPS": NaN,
        "Diluted NI Availto Com Stockholders": NaN,
        "Net Income Common Stockholders": NaN,
        "Net Income": NaN,
        "Net Income Including Noncontrolling Interests": NaN,
        "Net Income Continuous Operations": NaN,
        "Pretax Income": NaN,
        "Other Income Expense": NaN,
        "Other Non Operating Income Expenses": NaN,
        "Net Non Operating Interest Income Expense": NaN,
        "Interest Expense Non Operating": NaN,
        "Interest Income Non Operating": NaN,
        "Operating Income": NaN,
        "Operating Expense": NaN,
        "Research And Development": NaN,
        "Selling General And Administration": NaN,
        "General And Administrative Expense": 14914000.0,
        "Other Gand A": 5378000.0,
        "Salaries And Wages": 9536000.0,
        "Total Revenue": NaN,
        "Operating Revenue": NaN
    },
    "2022-03-31": {
        "Diluted EPS": -0.63,
        "Total Revenue": NaN,
        "Gross Profit": NaN,
        "Operating Income": -37,
        "EBIT": -37,
        "Net Income": -37
    },
    "2021-12-31": {
        "Diluted EPS": 1.84,
        "Total Revenue": 127,
        "Gross Profit": 127,
        "Operating Income": 96,
        "EBIT": 96,
        "Net Income": 96
    },
    "2021-09-30": {
        "Diluted EPS": -0.4,
        "Total Revenue": 12,
        "Gross Profit": 12,
        "Operating Income": -20,
        "EBIT": -20,
        "Net Income": -21
    },
    "2021-06-30": {
        "Diluted EPS": -0.44,
        "Total Revenue": 0,
        "Gross Profit": 0,
        "Operating Income": -22,
        "EBIT": -22,
        "Net Income": -23
    },
    "2021-03-31": {
        "Diluted EPS": -0.54,
        "Total Revenue": 0,
        "Gross Profit": 0,
        "Operating Income": -27,
        "EBIT": -27,
        "Net Income": -28
    },
    "2020-12-31": {
        "Diluted EPS": -0.43,
        "Total Revenue": 0,
        "Gross Profit": 0,
        "Operating Income": -20,
        "EBIT": -20,
        "Net Income": -20
    },
    "2020-09-30": {
        "Diluted EPS": -0.46,
        "Total Revenue": 0,
        "Gross Profit": 0,
        "Operating Income": -20,
        "EBIT": -20,
        "Net Income": -21
    },
    "2020-06-30": {
        "Diluted EPS": -0.42,
        "Total Revenue": 0,
        "Gross Profit": 0,
        "Operating Income": -17,
        "EBIT": -17,
        "Net Income": -17
    },
    "2020-03-31": {
        "Diluted EPS": -0.56,
        "Total Revenue": 0,
        "Gross Profit": 0,
        "Operating Income": -15,
        "EBIT": -15,
        "Net Income": -19
    },
    "2019-12-31": {
        "Diluted EPS": -0.43,
        "Total Revenue": 0,
        "Gross Profit": 0,
        "Operating Income": -14,
        "EBIT": -14,
        "Net Income": -14
    },
    "2019-09-30": {
        "Diluted EPS": -0.41,
        "Total Revenue": 0,
        "Gross Profit": 0,
        "Operating Income": -13,
        "EBIT": -13,
        "Net Income": -13
    },
    "2019-06-30": {
        "Diluted EPS": -0.47,
        "Total Revenue": 0,
        "Gross Profit": 0,
        "Operating Income": -15,
        "EBIT": -16,
        "Net Income": -15
    },
    "2019-03-31": {
        "Diluted EPS": -0.53,
        "Total Revenue": 0,
        "Gross Profit": 0,
        "Operating Income": -15,
        "EBIT": -15,
        "Net Income": -14
    },
    "2018-12-31": {
        "Diluted EPS": -0.71,
        "Total Revenue": 0,
        "Gross Profit": 0,
        "Operating Income": -19,
        "EBIT": -20,
        "Net Income": -19
    },
    "2018-09-30": {
        "Diluted EPS": -0.68,
        "Total Revenue": 0,
        "Gross Profit": 0,
        "Operating Income": -18,
        "EBIT": -18,
        "Net Income": -17
    },
    "2018-06-30": {
        "Diluted EPS": -0.74,
        "Total Revenue": 0,
        "Gross Profit": 0,
        "Operating Income": -19,
        "EBIT": -19,
        "Net Income": -18
    },
    "2018-03-31": {
        "Diluted EPS": -0.79,
        "Total Revenue": 0,
        "Gross Profit": 0,
        "Operating Income": -20,
        "EBIT": -20,
        "Net Income": -19
    },
    "2017-12-31": {
        "Diluted EPS": -0.81,
        "Total Revenue": 1,
        "Gross Profit": 1,
        "Operating Income": -19,
        "EBIT": -19,
        "Net Income": -19
    },
    "2017-09-30": {
        "Diluted EPS": -0.68,
        "Total Revenue": 0,
        "Gross Profit": 0,
        "Operating Income": -15,
        "EBIT": -15,
        "Net Income": -15
    },
    "2017-06-30": {
        "Diluted EPS": -0.7,
        "Total Revenue": 0,
        "Gross Profit": 0,
        "Operating Income": -14,
        "EBIT": -14,
        "Net Income": -14
    },
    "2017-03-31": {
        "Diluted EPS": -0.71,
        "Total Revenue": 0,
        "Gross Profit": 0,
        "Operating Income": -13,
        "EBIT": -13,
        "Net Income": -13
    },
    "2016-12-31": {
        "Diluted EPS": 0.94,
        "Total Revenue": 0,
        "Gross Profit": 0,
        "Operating Income": -11,
        "EBIT": -11,
        "Net Income": -11
    },
    "2016-09-30": {
        "Diluted EPS": -0.84,
        "Total Revenue": 0,
        "Gross Profit": 0,
        "Operating Income": -15,
        "EBIT": -15,
        "Net Income": -15
    },
    "2016-06-30": {
        "Diluted EPS": -0.47,
        "Total Revenue": 0,
        "Gross Profit": 0,
        "Operating Income": -9,
        "EBIT": -9,
        "Net Income": -8
    },
    "2016-03-31": {
        "Diluted EPS": -2.85,
        "Total Revenue": 0,
        "Gross Profit": 0,
        "Operating Income": -9,
        "EBIT": -9,
        "Net Income": -13
    },
    "2015-12-31": {
        "Diluted EPS": -81.6,
        "Total Revenue": 0,
        "Gross Profit": 0,
        "Operating Income": -5,
        "EBIT": -4,
        "Net Income": -5
    },
    "2015-09-30": {
        "Diluted EPS": -790.85,
        "Total Revenue": 0,
        "Gross Profit": 0,
        "Operating Income": -6,
        "EBIT": -6,
        "Net Income": -57
    },
    "2015-06-30": {
        "Diluted EPS": -440.52,
        "Total Revenue": 0,
        "Gross Profit": 0,
        "Operating Income": -6,
        "EBIT": -5,
        "Net Income": -6
    },
    "2015-03-31": {
        "Diluted EPS": -206.3,
        "Total Revenue": NaN,
        "Gross Profit": NaN,
        "Operating Income": -4,
        "EBIT": -4,
        "Net Income": -5
    },
    "2014-12-31": {
        "Diluted EPS": 0.0,
        "Total Revenue": NaN,
        "Gross Profit": NaN,
        "Operating Income": NaN,
        "EBIT": NaN,
        "Net Income": NaN
    },
    "2023-09-30": {
        "Tax Effect Of Unusual Items": 0.0,
        "Tax Rate For Calcs": 0.0,
        "Normalized EBITDA": -51073000.0,
        "Net Income From Continuing Operation Net Minority Interest": -51146000.0,
        "Reconciled Depreciation": 3000.0,
        "EBITDA": -51073000.0,
        "EBIT": -51076000.0,
        "Net Interest Income": 5275000.0,
        "Interest Expense": 70000.0,
        "Interest Income": 5345000.0,
        "Normalized Income": -51146000.0,
        "Net Income From Continuing And Discontinued Operation": -51146000.0,
        "Total Expenses": 56355000.0,
        "Total Operating Income As Reported": -56355000.0,
        "Diluted Average Shares": 69855766.0,
        "Basic Average Shares": 69855766.0,
        "Diluted EPS": -0.73,
        "Basic EPS": -0.73,
        "Diluted NI Availto Com Stockholders": -51146000.0,
        "Net Income Common Stockholders": -51146000.0,
        "Net Income": -51146000.0,
        "Net Income Including Noncontrolling Interests": -51146000.0,
        "Net Income Continuous Operations": -51146000.0,
        "Pretax Income": -51146000.0,
        "Other Income Expense": -66000.0,
        "Other Non Operating Income Expenses": -66000.0,
        "Net Non Operating Interest Income Expense": 5275000.0,
        "Interest Expense Non Operating": 70000.0,
        "Interest Income Non Operating": 5345000.0,
        "Operating Income": -56355000.0,
        "Operating Expense": 56355000.0,
        "Research And Development": 39087000.0,
        "Selling General And Administration": 17268000.0,
        "General And Administrative Expense": 17268000.0,
        "Other Gand A": 7192000.0,
        "Salaries And Wages": 10076000.0,
        "Total Revenue": 0.0,
        "Operating Revenue": 0.0
    },
    "2023-12-31": {
        "Tax Effect Of Unusual Items": 0.0,
        "Tax Rate For Calcs": 0.0,
        "Normalized EBITDA": -72407000.0,
        "Net Income From Continuing Operation Net Minority Interest": -72473000.0,
        "Reconciled Depreciation": 3000.0,
        "EBITDA": -72407000.0,
        "EBIT": -72410000.0,
        "Net Interest Income": 5487000.0,
        "Interest Expense": 63000.0,
        "Interest Income": 5550000.0,
        "Normalized Income": -72473000.0,
        "Net Income From Continuing And Discontinued Operation": -72473000.0,
        "Total Expenses": 77905000.0,
        "Total Operating Income As Reported": -77905000.0,
        "Diluted Average Shares": 72520784.0,
        "Basic Average Shares": 72520784.0,
        "Diluted EPS": -1.0,
        "Basic EPS": -1.0,
        "Diluted NI Availto Com Stockholders": -72473000.0,
        "Net Income Common Stockholders": -72473000.0,
        "Net Income": -72473000.0,
        "Net Income Including Noncontrolling Interests": -72473000.0,
        "Net Income Continuous Operations": -72473000.0,
        "Pretax Income": -72473000.0,
        "Other Income Expense": -55000.0,
        "Other Non Operating Income Expenses": -55000.0,
        "Net Non Operating Interest Income Expense": 5487000.0,
        "Interest Expense Non Operating": 63000.0,
        "Interest Income Non Operating": 5550000.0,
        "Operating Income": -77905000.0,
        "Operating Expense": 77905000.0,
        "Research And Development": 55126000.0,
        "Selling General And Administration": 22779000.0,
        "General And Administrative Expense": NaN,
        "Other Gand A": NaN,
        "Salaries And Wages": NaN,
        "Total Revenue": 0.0,
        "Operating Revenue": 0.0
    },
    "2024-03-31": {
        "Tax Effect Of Unusual Items": 0.0,
        "Tax Rate For Calcs": 0.0,
        "Normalized EBITDA": -72342000.0,
        "Net Income From Continuing Operation Net Minority Interest": -72400000.0,
        "Reconciled Depreciation": 3000.0,
        "EBITDA": -72342000.0,
        "EBIT": -72345000.0,
        "Net Interest Income": 7201000.0,
        "Interest Expense": 55000.0,
        "Interest Income": 7256000.0,
        "Normalized Income": -72400000.0,
        "Net Income From Continuing And Discontinued Operation": -72400000.0,
        "Total Expenses": 79514000.0,
        "Total Operating Income As Reported": -79514000.0,
        "Diluted Average Shares": 85213200.0,
        "Basic Average Shares": 85213200.0,
        "Diluted EPS": -0.85,
        "Basic EPS": -0.85,
        "Diluted NI Availto Com Stockholders": -72400000.0,
        "Net Income Common Stockholders": -72400000.0,
        "Net Income": -72400000.0,
        "Net Income Including Noncontrolling Interests": -72400000.0,
        "Net Income Continuous Operations": -72400000.0,
        "Pretax Income": -72400000.0,
        "Other Income Expense": -87000.0,
        "Other Non Operating Income Expenses": -87000.0,
        "Net Non Operating Interest Income Expense": 7201000.0,
        "Interest Expense Non Operating": 55000.0,
        "Interest Income Non Operating": 7256000.0,
        "Operating Income": -79514000.0,
        "Operating Expense": 79514000.0,
        "Research And Development": 56492000.0,
        "Selling General And Administration": 23022000.0,
        "General And Administrative Expense": 23022000.0,
        "Other Gand A": 9936000.0,
        "Salaries And Wages": 13086000.0,
        "Total Revenue": 0.0,
        "Operating Revenue": 0.0
    },
    "2024-06-30": {
        "Tax Effect Of Unusual Items": 0.0,
        "Tax Rate For Calcs": 0.0,
        "Normalized EBITDA": -68015000.0,
        "Net Income From Continuing Operation Net Minority Interest": -68063000.0,
        "Reconciled Depreciation": 3000.0,
        "EBITDA": -68015000.0,
        "EBIT": -68018000.0,
        "Net Interest Income": 6239000.0,
        "Interest Expense": 45000.0,
        "Interest Income": 6284000.0,
        "Normalized Income": -68063000.0,
        "Net Income From Continuing And Discontinued Operation": -68063000.0,
        "Total Expenses": 77716000.0,
        "Total Operating Income As Reported": -74216000.0,
        "Diluted Average Shares": 85274829.0,
        "Basic Average Shares": 85274829.0,
        "Diluted EPS": -0.8,
        "Basic EPS": -0.8,
        "Diluted NI Availto Com Stockholders": -68063000.0,
        "Net Income Common Stockholders": -68063000.0,
        "Net Income": -68063000.0,
        "Net Income Including Noncontrolling Interests": -68063000.0,
        "Net Income Continuous Operations": -68063000.0,
        "Pretax Income": -68063000.0,
        "Other Income Expense": -86000.0,
        "Other Non Operating Income Expenses": -86000.0,
        "Net Non Operating Interest Income Expense": 6239000.0,
        "Interest Expense Non Operating": 45000.0,
        "Interest Income Non Operating": 6284000.0,
        "Operating Income": -74216000.0,
        "Operating Expense": 77716000.0,
        "Research And Development": 48655000.0,
        "Selling General And Administration": 29061000.0,
        "General And Administrative Expense": 29061000.0,
        "Other Gand A": 11713000.0,
        "Salaries And Wages": 17348000.0,
        "Total Revenue": 3500000.0,
        "Operating Revenue": 3500000.0
    },
    "2024-09-30": {
        "Tax Effect Of Unusual Items": 0.0,
        "Tax Rate For Calcs": 0.0,
        "Normalized EBITDA": -84101000.0,
        "Net Income From Continuing Operation Net Minority Interest": -84126000.0,
        "Reconciled Depreciation": 2000.0,
        "EBITDA": -84101000.0,
        "EBIT": -84103000.0,
        "Net Interest Income": 5419000.0,
        "Interest Expense": 23000.0,
        "Interest Income": 5442000.0,
        "Normalized Income": -84126000.0,
        "Net Income From Continuing And Discontinued Operation": -84126000.0,
        "Total Expenses": 102077000.0,
        "Total Operating Income As Reported": -89577000.0,
        "Diluted Average Shares": 85433569.0,
        "Basic Average Shares": 85433569.0,
        "Diluted EPS": -0.98,
        "Basic EPS": -0.98,
        "Diluted NI Availto Com Stockholders": -84126000.0,
        "Net Income Common Stockholders": -84126000.0,
        "Net Income": -84126000.0,
        "Net Income Including Noncontrolling Interests": -84126000.0,
        "Net Income Continuous Operations": -84126000.0,
        "Pretax Income": -84126000.0,
        "Other Income Expense": 32000.0,
        "Other Non Operating Income Expenses": 32000.0,
        "Net Non Operating Interest Income Expense": 5419000.0,
        "Interest Expense Non Operating": 23000.0,
        "Interest Income Non Operating": 5442000.0,
        "Operating Income": -89577000.0,
        "Operating Expense": 102077000.0,
        "Research And Development": 70971000.0,
        "Selling General And Administration": 31106000.0,
        "General And Administrative Expense": 31106000.0,
        "Other Gand A": 11474000.0,
        "Salaries And Wages": 19632000.0,
        "Total Revenue": 12500000.0,
        "Operating Revenue": 12500000.0
    }
}