{
    "2023-03-31": {
        "Tax Effect Of Unusual Items": -824347.826087,
        "Tax Rate For Calcs": 0.274783,
        "Normalized EBITDA": 252300000.0,
        "Total Unusual Items": -3000000.0,
        "Total Unusual Items Excluding Goodwill": -3000000.0,
        "Net Income From Continuing Operation Net Minority Interest": 41700000.0,
        "Reconciled Depreciation": 13100000.0,
        "Reconciled Cost Of Revenue": 15831600000.0,
        "EBIT": 236200000.0,
        "Net Interest Income": -178700000.0,
        "Interest Expense": 178700000.0,
        "Normalized Income": 43875652.173913,
        "Net Income From Continuing And Discontinued Operation": 41700000.0,
        "Total Expenses": 15921800000.0,
        "Rent Expense Supplemental": 10600000.0,
        "Total Operating Income As Reported": 399400000.0,
        "Diluted Average Shares": 20621194.0,
        "Basic Average Shares": 19930027.0,
        "Diluted EPS": 1.95,
        "Basic EPS": 2.02,
        "Diluted NI Availto Com Stockholders": 41700000.0,
        "Net Income Common Stockholders": 41700000.0,
        "Otherunder Preferred Stock Dividend": NaN,
        "Net Income": 41700000.0,
        "Net Income Including Noncontrolling Interests": 41700000.0,
        "Net Income Continuous Operations": 41700000.0,
        "Tax Provision": 15800000.0,
        "Pretax Income": 57500000.0,
        "Other Income Expense": -3000000.0,
        "Special Income Charges": -3000000.0,
        "Write Off": 3000000.0,
        "Restructuring And Mergern Acquisition": 0.0,
        "Net Non Operating Interest Income Expense": -178700000.0,
        "Interest Expense Non Operating": 178700000.0,
        "Operating Income": 239200000.0,
        "Operating Expense": 90200000.0,
        "Other Operating Expenses": 38900000.0,
        "Other Taxes": 2200000.0,
        "Provision For Doubtful Accounts": NaN,
        "Depreciation Amortization Depletion Income Statement": 13100000.0,
        "Depreciation And Amortization In Income Statement": 13100000.0,
        "Selling General And Administration": 38200000.0,
        "Selling And Marketing Expense": 14200000.0,
        "General And Administrative Expense": 24000000.0,
        "Other Gand A": 13400000.0,
        "Insurance And Claims": 3000000.0,
        "Rent And Landing Fees": 10600000.0,
        "Salaries And Wages": 2800000.0,
        "Gross Profit": 329400000.0,
        "Cost Of Revenue": 15831600000.0,
        "Total Revenue": 16161000000.0,
        "Operating Revenue": 16161000000.0
    },
    "2022-12-31": {
        "Tax Effect Of Unusual Items": 4560000.0,
        "Tax Rate For Calcs": 0.2,
        "Normalized EBITDA": 243200000.0,
        "Total Unusual Items": 22800000.0,
        "Total Unusual Items Excluding Goodwill": 22800000.0,
        "Net Income From Continuing Operation Net Minority Interest": 76600000.0,
        "Reconciled Depreciation": 16100000.0,
        "Reconciled Cost Of Revenue": 12670900000.0,
        "EBIT": 249900000.0,
        "Net Interest Income": -154300000.0,
        "Interest Expense": 154300000.0,
        "Normalized Income": 58360000.0,
        "Net Income From Continuing And Discontinued Operation": 76600000.0,
        "Total Expenses": 12784500000.0,
        "Rent Expense Supplemental": 8900000.0,
        "Total Operating Income As Reported": NaN,
        "Diluted Average Shares": 20499852.0,
        "Basic Average Shares": 19771816.0,
        "Diluted EPS": 3.62,
        "Basic EPS": 3.75,
        "Diluted NI Availto Com Stockholders": 74200000.0,
        "Net Income Common Stockholders": 74200000.0,
        "Otherunder Preferred Stock Dividend": 2400000.0,
        "Net Income": 76600000.0,
        "Net Income Including Noncontrolling Interests": 76600000.0,
        "Net Income Continuous Operations": 76600000.0,
        "Tax Provision": 19000000.0,
        "Pretax Income": 95600000.0,
        "Other Income Expense": 22800000.0,
        "Special Income Charges": 22800000.0,
        "Write Off": 700000.0,
        "Restructuring And Mergern Acquisition": -23500000.0,
        "Net Non Operating Interest Income Expense": -154300000.0,
        "Interest Expense Non Operating": 154300000.0,
        "Operating Income": 227100000.0,
        "Operating Expense": 110200000.0,
        "Other Operating Expenses": 39200000.0,
        "Other Taxes": 4700000.0,
        "Provision For Doubtful Accounts": NaN,
        "Depreciation Amortization Depletion Income Statement": 12700000.0,
        "Depreciation And Amortization In Income Statement": 12700000.0,
        "Selling General And Administration": 53600000.0,
        "Selling And Marketing Expense": 12900000.0,
        "General And Administrative Expense": 40700000.0,
        "Other Gand A": 25000000.0,
        "Insurance And Claims": 2700000.0,
        "Rent And Landing Fees": 8900000.0,
        "Salaries And Wages": 4100000.0,
        "Gross Profit": 337300000.0,
        "Cost Of Revenue": 12674300000.0,
        "Total Revenue": 13011600000.0,
        "Operating Revenue": 13011600000.0
    },
    "2022-09-30": {
        "Tax Effect Of Unusual Items": -934337.349398,
        "Tax Rate For Calcs": 0.212349,
        "Normalized EBITDA": 160700000.0,
        "Total Unusual Items": -4400000.0,
        "Total Unusual Items Excluding Goodwill": -4400000.0,
        "Net Income From Continuing Operation Net Minority Interest": 52300000.0,
        "Reconciled Depreciation": 12300000.0,
        "Reconciled Cost Of Revenue": 16139900000.0,
        "EBIT": 144000000.0,
        "Net Interest Income": -77600000.0,
        "Interest Expense": 77600000.0,
        "Normalized Income": 55765662.650602,
        "Net Income From Continuing And Discontinued Operation": 52300000.0,
        "Total Expenses": 16232600000.0,
        "Rent Expense Supplemental": 9400000.0,
        "Total Operating Income As Reported": 387700000.0,
        "Diluted Average Shares": 20315466.0,
        "Basic Average Shares": 19692083.0,
        "Diluted EPS": 2.49,
        "Basic EPS": 2.58,
        "Diluted NI Availto Com Stockholders": 52300000.0,
        "Net Income Common Stockholders": 52300000.0,
        "Otherunder Preferred Stock Dividend": 1600000.0,
        "Net Income": 52300000.0,
        "Net Income Including Noncontrolling Interests": 52300000.0,
        "Net Income Continuous Operations": 52300000.0,
        "Tax Provision": 14100000.0,
        "Pretax Income": 66400000.0,
        "Other Income Expense": -4400000.0,
        "Special Income Charges": -4400000.0,
        "Write Off": 4400000.0,
        "Restructuring And Mergern Acquisition": 0.0,
        "Net Non Operating Interest Income Expense": -77600000.0,
        "Interest Expense Non Operating": 77600000.0,
        "Operating Income": 148400000.0,
        "Operating Expense": 92700000.0,
        "Other Operating Expenses": 39300000.0,
        "Other Taxes": -200000.0,
        "Provision For Doubtful Accounts": NaN,
        "Depreciation Amortization Depletion Income Statement": 12300000.0,
        "Depreciation And Amortization In Income Statement": 12300000.0,
        "Selling General And Administration": 41100000.0,
        "Selling And Marketing Expense": 14000000.0,
        "General And Administrative Expense": 27100000.0,
        "Other Gand A": 17700000.0,
        "Insurance And Claims": 2600000.0,
        "Rent And Landing Fees": 9400000.0,
        "Salaries And Wages": 1400000.0,
        "Gross Profit": 241100000.0,
        "Cost Of Revenue": 16139900000.0,
        "Total Revenue": 16381000000.0,
        "Operating Revenue": 16381000000.0
    },
    "2022-06-30": {
        "Tax Effect Of Unusual Items": 0.0,
        "Tax Rate For Calcs": 0.31,
        "Normalized EBITDA": 86900000.0,
        "Total Unusual Items": NaN,
        "Total Unusual Items Excluding Goodwill": NaN,
        "Net Income From Continuing Operation Net Minority Interest": 49100000.0,
        "Reconciled Depreciation": 16000000.0,
        "Reconciled Cost Of Revenue": 18754700000.0,
        "EBIT": 70900000.0,
        "Net Interest Income": -28100000.0,
        "Interest Expense": 28100000.0,
        "Normalized Income": 49100000.0,
        "Net Income From Continuing And Discontinued Operation": 49100000.0,
        "Total Expenses": 18860000000.0,
        "Rent Expense Supplemental": 9200000.0,
        "Total Operating Income As Reported": 374100000.0,
        "Diluted Average Shares": 20109992.0,
        "Basic Average Shares": 19634450.0,
        "Diluted EPS": 2.37,
        "Basic EPS": 2.42,
        "Diluted NI Availto Com Stockholders": 47600000.0,
        "Net Income Common Stockholders": 47600000.0,
        "Otherunder Preferred Stock Dividend": 1500000.0,
        "Net Income": 49100000.0,
        "Net Income Including Noncontrolling Interests": 49100000.0,
        "Net Income Continuous Operations": 49100000.0,
        "Tax Provision": 21800000.0,
        "Pretax Income": 70900000.0,
        "Other Income Expense": NaN,
        "Special Income Charges": NaN,
        "Write Off": NaN,
        "Restructuring And Mergern Acquisition": NaN,
        "Net Non Operating Interest Income Expense": -28100000.0,
        "Interest Expense Non Operating": 28100000.0,
        "Operating Income": 70900000.0,
        "Operating Expense": 101000000.0,
        "Other Operating Expenses": 33100000.0,
        "Other Taxes": 4600000.0,
        "Provision For Doubtful Accounts": -700000.0,
        "Depreciation Amortization Depletion Income Statement": 11700000.0,
        "Depreciation And Amortization In Income Statement": 11700000.0,
        "Selling General And Administration": 52300000.0,
        "Selling And Marketing Expense": 16000000.0,
        "General And Administrative Expense": 36300000.0,
        "Other Gand A": 21100000.0,
        "Insurance And Claims": 2800000.0,
        "Rent And Landing Fees": 9200000.0,
        "Salaries And Wages": 3200000.0,
        "Gross Profit": 171900000.0,
        "Cost Of Revenue": 18759000000.0,
        "Total Revenue": 18930900000.0,
        "Operating Revenue": 18930900000.0
    },
    "2023-06-30": {
        "Tax Effect Of Unusual Items": -1638000.0,
        "Tax Rate For Calcs": 0.26,
        "Normalized EBITDA": 332800000.0,
        "Total Unusual Items": -6300000.0,
        "Total Unusual Items Excluding Goodwill": -6300000.0,
        "Net Income From Continuing Operation Net Minority Interest": 69500000.0,
        "Reconciled Depreciation": 16000000.0,
        "Reconciled Cost Of Revenue": 14606700000.0,
        "EBIT": 310500000.0,
        "Net Interest Income": -216000000.0,
        "Interest Expense": 216000000.0,
        "Normalized Income": 74162000.0,
        "Net Income From Continuing And Discontinued Operation": 69500000.0,
        "Total Expenses": 14731100000.0,
        "Rent Expense Supplemental": 10000000.0,
        "Total Operating Income As Reported": 435900000.0,
        "Diluted Average Shares": 20654300.0,
        "Basic Average Shares": 20040167.0,
        "Diluted EPS": 3.25,
        "Basic EPS": 3.35,
        "Diluted NI Availto Com Stockholders": 67100000.0,
        "Net Income Common Stockholders": 67100000.0,
        "Otherunder Preferred Stock Dividend": 2400000.0,
        "Net Income": 69500000.0,
        "Net Income Including Noncontrolling Interests": 69500000.0,
        "Net Income Continuous Operations": 69500000.0,
        "Tax Provision": 25000000.0,
        "Pretax Income": 94500000.0,
        "Other Income Expense": -6300000.0,
        "Special Income Charges": -6300000.0,
        "Write Off": 6300000.0,
        "Restructuring And Mergern Acquisition": 0.0,
        "Net Non Operating Interest Income Expense": -216000000.0,
        "Interest Expense Non Operating": 216000000.0,
        "Operating Income": 316800000.0,
        "Operating Expense": 122200000.0,
        "Other Operating Expenses": 31800000.0,
        "Other Taxes": 4100000.0,
        "Provision For Doubtful Accounts": NaN,
        "Depreciation Amortization Depletion Income Statement": 13800000.0,
        "Depreciation And Amortization In Income Statement": 13800000.0,
        "Selling General And Administration": 72500000.0,
        "Selling And Marketing Expense": 13700000.0,
        "General And Administrative Expense": 58800000.0,
        "Other Gand A": 16300000.0,
        "Insurance And Claims": 2500000.0,
        "Rent And Landing Fees": 10000000.0,
        "Salaries And Wages": 30000000.0,
        "Gross Profit": 439000000.0,
        "Cost Of Revenue": 14608900000.0,
        "Total Revenue": 15047900000.0,
        "Operating Revenue": 15047900000.0
    },
    "2022-03-31": {
        "Diluted EPS": 3.11,
        "Total Revenue": NaN,
        "Gross Profit": 425,
        "Operating Income": 81,
        "EBIT": 126,
        "Net Income": 62
    },
    "2021-12-31": {
        "Diluted EPS": 2.04,
        "Total Revenue": NaN,
        "Gross Profit": 341,
        "Operating Income": 53,
        "EBIT": 98,
        "Net Income": 41
    },
    "2021-09-30": {
        "Diluted EPS": 0.36,
        "Total Revenue": NaN,
        "Gross Profit": 286,
        "Operating Income": 5,
        "EBIT": 50,
        "Net Income": 7
    },
    "2021-06-30": {
        "Diluted EPS": 1.67,
        "Total Revenue": NaN,
        "Gross Profit": 323,
        "Operating Income": 42,
        "EBIT": 83,
        "Net Income": 33
    },
    "2021-03-31": {
        "Diluted EPS": 2.73,
        "Total Revenue": NaN,
        "Gross Profit": 356,
        "Operating Income": 76,
        "EBIT": 113,
        "Net Income": 54
    },
    "2020-12-31": {
        "Diluted EPS": 0.98,
        "Total Revenue": NaN,
        "Gross Profit": 277,
        "Operating Income": 27,
        "EBIT": 63,
        "Net Income": 19
    },
    "2020-09-30": {
        "Diluted EPS": 3.9,
        "Total Revenue": NaN,
        "Gross Profit": 251,
        "Operating Income": -46,
        "EBIT": 29,
        "Net Income": 76
    },
    "2020-06-30": {
        "Diluted EPS": 1.87,
        "Total Revenue": NaN,
        "Gross Profit": 243,
        "Operating Income": 56,
        "EBIT": 81,
        "Net Income": 36
    },
    "2020-03-31": {
        "Diluted EPS": 2.0,
        "Total Revenue": NaN,
        "Gross Profit": 273,
        "Operating Income": 63,
        "EBIT": 102,
        "Net Income": 38
    },
    "2019-12-31": {
        "Diluted EPS": 0.84,
        "Total Revenue": NaN,
        "Gross Profit": 204,
        "Operating Income": 53,
        "EBIT": 64,
        "Net Income": 16
    },
    "2019-09-30": {
        "Diluted EPS": 1.4,
        "Total Revenue": NaN,
        "Gross Profit": 214,
        "Operating Income": -80,
        "EBIT": -73,
        "Net Income": 27
    },
    "2019-06-30": {
        "Diluted EPS": 0.84,
        "Total Revenue": NaN,
        "Gross Profit": 208,
        "Operating Income": 64,
        "EBIT": 70,
        "Net Income": 16
    },
    "2019-03-31": {
        "Diluted EPS": 1.21,
        "Total Revenue": NaN,
        "Gross Profit": 204,
        "Operating Income": 64,
        "EBIT": 72,
        "Net Income": 23
    },
    "2018-12-31": {
        "Diluted EPS": 0.94,
        "Total Revenue": NaN,
        "Gross Profit": 182,
        "Operating Income": 57,
        "EBIT": 61,
        "Net Income": 18
    },
    "2018-09-30": {
        "Diluted EPS": 0.81,
        "Total Revenue": NaN,
        "Gross Profit": 168,
        "Operating Income": -35,
        "EBIT": -30,
        "Net Income": 15
    },
    "2018-06-30": {
        "Diluted EPS": 1.25,
        "Total Revenue": NaN,
        "Gross Profit": 177,
        "Operating Income": 53,
        "EBIT": 58,
        "Net Income": 24
    },
    "2018-03-31": {
        "Diluted EPS": 1.18,
        "Total Revenue": NaN,
        "Gross Profit": 173,
        "Operating Income": 49,
        "EBIT": 55,
        "Net Income": 22
    },
    "2017-12-31": {
        "Diluted EPS": -0.37,
        "Total Revenue": NaN,
        "Gross Profit": 145,
        "Operating Income": 33,
        "EBIT": 36,
        "Net Income": -7
    },
    "2017-09-30": {
        "Diluted EPS": -1.27,
        "Total Revenue": NaN,
        "Gross Profit": 143,
        "Operating Income": -11,
        "EBIT": -6,
        "Net Income": -23
    },
    "2017-06-30": {
        "Diluted EPS": 0.66,
        "Total Revenue": NaN,
        "Gross Profit": 135,
        "Operating Income": 26,
        "EBIT": 31,
        "Net Income": 12
    },
    "2017-03-31": {
        "Diluted EPS": 0.58,
        "Total Revenue": NaN,
        "Gross Profit": 134,
        "Operating Income": 24,
        "EBIT": 29,
        "Net Income": 11
    },
    "2016-12-31": {
        "Diluted EPS": 0.34,
        "Total Revenue": NaN,
        "Gross Profit": 123,
        "Operating Income": 17,
        "EBIT": 22,
        "Net Income": 6
    },
    "2016-09-30": {
        "Diluted EPS": 0.9,
        "Total Revenue": NaN,
        "Gross Profit": 119,
        "Operating Income": 20,
        "EBIT": 28,
        "Net Income": 16
    },
    "2016-06-30": {
        "Diluted EPS": 0.78,
        "Total Revenue": NaN,
        "Gross Profit": 125,
        "Operating Income": 29,
        "EBIT": 29,
        "Net Income": 15
    },
    "2016-03-31": {
        "Diluted EPS": 0.76,
        "Total Revenue": NaN,
        "Gross Profit": 120,
        "Operating Income": 27,
        "EBIT": 31,
        "Net Income": 15
    },
    "2015-12-31": {
        "Diluted EPS": 0.46,
        "Total Revenue": NaN,
        "Gross Profit": 109,
        "Operating Income": 18,
        "EBIT": 21,
        "Net Income": 9
    },
    "2015-09-30": {
        "Diluted EPS": 1.09,
        "Total Revenue": NaN,
        "Gross Profit": 132,
        "Operating Income": 34,
        "EBIT": 37,
        "Net Income": 21
    },
    "2015-06-30": {
        "Diluted EPS": 0.62,
        "Total Revenue": NaN,
        "Gross Profit": 108,
        "Operating Income": 22,
        "EBIT": 25,
        "Net Income": 12
    },
    "2015-03-31": {
        "Diluted EPS": 0.67,
        "Total Revenue": NaN,
        "Gross Profit": 112,
        "Operating Income": 23,
        "EBIT": 26,
        "Net Income": 13
    },
    "2014-12-31": {
        "Diluted EPS": 0.49,
        "Total Revenue": NaN,
        "Gross Profit": 96,
        "Operating Income": 16,
        "EBIT": 19,
        "Net Income": 9
    },
    "2014-09-30": {
        "Diluted EPS": 0.29,
        "Total Revenue": NaN,
        "Gross Profit": 89,
        "Operating Income": 10,
        "EBIT": 14,
        "Net Income": 6
    },
    "2014-06-30": {
        "Diluted EPS": 0.18,
        "Total Revenue": NaN,
        "Gross Profit": 79,
        "Operating Income": 7,
        "EBIT": 10,
        "Net Income": 4
    },
    "2014-03-31": {
        "Diluted EPS": 0.39,
        "Total Revenue": NaN,
        "Gross Profit": 89,
        "Operating Income": 13,
        "EBIT": 16,
        "Net Income": 8
    },
    "2013-12-31": {
        "Diluted EPS": 0.12,
        "Total Revenue": NaN,
        "Gross Profit": 76,
        "Operating Income": 7,
        "EBIT": 10,
        "Net Income": 3
    },
    "2013-09-30": {
        "Diluted EPS": 0.04,
        "Total Revenue": NaN,
        "Gross Profit": 65,
        "Operating Income": -5,
        "EBIT": 1,
        "Net Income": 2
    },
    "2013-06-30": {
        "Diluted EPS": 0.17,
        "Total Revenue": NaN,
        "Gross Profit": 83,
        "Operating Income": 9,
        "EBIT": 13,
        "Net Income": 3
    },
    "2013-03-31": {
        "Diluted EPS": 0.08,
        "Total Revenue": NaN,
        "Gross Profit": 77,
        "Operating Income": 3,
        "EBIT": 8,
        "Net Income": 2
    },
    "2012-12-31": {
        "Diluted EPS": 0.68,
        "Total Revenue": NaN,
        "Gross Profit": 93,
        "Operating Income": 22,
        "EBIT": 26,
        "Net Income": 13
    },
    "2012-09-30": {
        "Diluted EPS": 0.31,
        "Total Revenue": NaN,
        "Gross Profit": 74,
        "Operating Income": 11,
        "EBIT": 15,
        "Net Income": 6
    },
    "2012-06-30": {
        "Diluted EPS": 0.23,
        "Total Revenue": NaN,
        "Gross Profit": 85,
        "Operating Income": 8,
        "EBIT": 12,
        "Net Income": 5
    },
    "2012-03-31": {
        "Diluted EPS": 0.12,
        "Total Revenue": NaN,
        "Gross Profit": 85,
        "Operating Income": 7,
        "EBIT": 11,
        "Net Income": 2
    },
    "2011-12-31": {
        "Diluted EPS": -0.02,
        "Total Revenue": NaN,
        "Gross Profit": 68,
        "Operating Income": 1,
        "EBIT": 4,
        "Net Income": 0
    },
    "2011-09-30": {
        "Diluted EPS": 0.25,
        "Total Revenue": NaN,
        "Gross Profit": 81,
        "Operating Income": 11,
        "EBIT": 15,
        "Net Income": 5
    },
    "2011-06-30": {
        "Diluted EPS": 0.55,
        "Total Revenue": NaN,
        "Gross Profit": 81,
        "Operating Income": 19,
        "EBIT": 21,
        "Net Income": 10
    },
    "2011-03-31": {
        "Diluted EPS": 0.81,
        "Total Revenue": NaN,
        "Gross Profit": 87,
        "Operating Income": 27,
        "EBIT": 28,
        "Net Income": 15
    },
    "2010-12-31": {
        "Diluted EPS": 0.22,
        "Total Revenue": NaN,
        "Gross Profit": 71,
        "Operating Income": 10,
        "EBIT": 11,
        "Net Income": 4
    },
    "2010-09-30": {
        "Diluted EPS": -0.24,
        "Total Revenue": NaN,
        "Gross Profit": 45,
        "Operating Income": -2,
        "EBIT": -2,
        "Net Income": -5
    },
    "2010-06-30": {
        "Diluted EPS": 0.38,
        "Total Revenue": NaN,
        "Gross Profit": 55,
        "Operating Income": 16,
        "EBIT": 16,
        "Net Income": 7
    },
    "2010-03-31": {
        "Diluted EPS": 0.41,
        "Total Revenue": NaN,
        "Gross Profit": 45,
        "Operating Income": 12,
        "EBIT": 12,
        "Net Income": 7
    },
    "2009-12-31": {
        "Diluted EPS": -0.25,
        "Total Revenue": NaN,
        "Gross Profit": 37,
        "Operating Income": 2,
        "EBIT": 2,
        "Net Income": -4
    },
    "2009-09-30": {
        "Diluted EPS": 1.64,
        "Total Revenue": NaN,
        "Gross Profit": 10,
        "Operating Income": -2,
        "EBIT": -2,
        "Net Income": 17
    },
    "2009-06-30": {
        "Diluted EPS": 0.38,
        "Total Revenue": NaN,
        "Gross Profit": 19,
        "Operating Income": 7,
        "EBIT": 7,
        "Net Income": 4
    },
    "2009-03-31": {
        "Diluted EPS": 0.43,
        "Total Revenue": NaN,
        "Gross Profit": 22,
        "Operating Income": 8,
        "EBIT": 8,
        "Net Income": 4
    }
}