{
    "2023-03-31": {
        "Tax Effect Of Unusual Items": NaN,
        "Tax Rate For Calcs": NaN,
        "Normalized EBITDA": NaN,
        "Total Unusual Items": NaN,
        "Total Unusual Items Excluding Goodwill": NaN,
        "Net Income From Continuing Operation Net Minority Interest": NaN,
        "Reconciled Depreciation": NaN,
        "Reconciled Cost Of Revenue": NaN,
        "EBITDA": NaN,
        "EBIT": NaN,
        "Net Interest Income": NaN,
        "Interest Expense": NaN,
        "Normalized Income": NaN,
        "Net Income From Continuing And Discontinued Operation": NaN,
        "Total Expenses": NaN,
        "Total Operating Income As Reported": NaN,
        "Diluted Average Shares": NaN,
        "Basic Average Shares": NaN,
        "Diluted EPS": NaN,
        "Basic EPS": NaN,
        "Diluted NI Availto Com Stockholders": NaN,
        "Net Income Common Stockholders": NaN,
        "Net Income": NaN,
        "Net Income Including Noncontrolling Interests": NaN,
        "Net Income Continuous Operations": NaN,
        "Tax Provision": NaN,
        "Pretax Income": NaN,
        "Other Income Expense": NaN,
        "Other Non Operating Income Expenses": 40869.0,
        "Special Income Charges": NaN,
        "Other Special Charges": NaN,
        "Gain On Sale Of Security": NaN,
        "Net Non Operating Interest Income Expense": NaN,
        "Total Other Finance Cost": NaN,
        "Interest Expense Non Operating": NaN,
        "Operating Income": NaN,
        "Operating Expense": NaN,
        "Other Operating Expenses": NaN,
        "Research And Development": NaN,
        "Selling General And Administration": NaN,
        "General And Administrative Expense": NaN,
        "Other Gand A": NaN,
        "Gross Profit": NaN,
        "Cost Of Revenue": NaN,
        "Total Revenue": NaN,
        "Operating Revenue": NaN
    },
    "2022-12-31": {
        "Tax Effect Of Unusual Items": NaN,
        "Tax Rate For Calcs": NaN,
        "Normalized EBITDA": NaN,
        "Total Unusual Items": NaN,
        "Total Unusual Items Excluding Goodwill": NaN,
        "Net Income From Continuing Operation Net Minority Interest": NaN,
        "Reconciled Depreciation": NaN,
        "Reconciled Cost Of Revenue": NaN,
        "EBITDA": NaN,
        "EBIT": NaN,
        "Net Interest Income": NaN,
        "Interest Expense": 180843.0,
        "Normalized Income": NaN,
        "Net Income From Continuing And Discontinued Operation": NaN,
        "Total Expenses": NaN,
        "Total Operating Income As Reported": NaN,
        "Diluted Average Shares": NaN,
        "Basic Average Shares": NaN,
        "Diluted EPS": NaN,
        "Basic EPS": NaN,
        "Diluted NI Availto Com Stockholders": NaN,
        "Net Income Common Stockholders": NaN,
        "Net Income": NaN,
        "Net Income Including Noncontrolling Interests": NaN,
        "Net Income Continuous Operations": NaN,
        "Tax Provision": NaN,
        "Pretax Income": NaN,
        "Other Income Expense": NaN,
        "Other Non Operating Income Expenses": NaN,
        "Special Income Charges": 0.0,
        "Other Special Charges": NaN,
        "Gain On Sale Of Security": NaN,
        "Net Non Operating Interest Income Expense": NaN,
        "Total Other Finance Cost": NaN,
        "Interest Expense Non Operating": 180843.0,
        "Operating Income": NaN,
        "Operating Expense": NaN,
        "Other Operating Expenses": NaN,
        "Research And Development": NaN,
        "Selling General And Administration": NaN,
        "General And Administrative Expense": NaN,
        "Other Gand A": NaN,
        "Gross Profit": NaN,
        "Cost Of Revenue": NaN,
        "Total Revenue": NaN,
        "Operating Revenue": NaN
    },
    "2022-09-30": {
        "Tax Effect Of Unusual Items": NaN,
        "Tax Rate For Calcs": NaN,
        "Normalized EBITDA": NaN,
        "Total Unusual Items": NaN,
        "Total Unusual Items Excluding Goodwill": NaN,
        "Net Income From Continuing Operation Net Minority Interest": NaN,
        "Reconciled Depreciation": NaN,
        "Reconciled Cost Of Revenue": NaN,
        "EBITDA": NaN,
        "EBIT": NaN,
        "Net Interest Income": NaN,
        "Interest Expense": 215146.0,
        "Normalized Income": NaN,
        "Net Income From Continuing And Discontinued Operation": NaN,
        "Total Expenses": NaN,
        "Total Operating Income As Reported": NaN,
        "Diluted Average Shares": 2872262.0,
        "Basic Average Shares": 2872262.0,
        "Diluted EPS": -1.15,
        "Basic EPS": -1.15,
        "Diluted NI Availto Com Stockholders": NaN,
        "Net Income Common Stockholders": NaN,
        "Net Income": NaN,
        "Net Income Including Noncontrolling Interests": NaN,
        "Net Income Continuous Operations": NaN,
        "Tax Provision": NaN,
        "Pretax Income": NaN,
        "Other Income Expense": NaN,
        "Other Non Operating Income Expenses": NaN,
        "Special Income Charges": 0.0,
        "Other Special Charges": NaN,
        "Gain On Sale Of Security": NaN,
        "Net Non Operating Interest Income Expense": NaN,
        "Total Other Finance Cost": 215146.0,
        "Interest Expense Non Operating": 215146.0,
        "Operating Income": NaN,
        "Operating Expense": NaN,
        "Other Operating Expenses": NaN,
        "Research And Development": NaN,
        "Selling General And Administration": NaN,
        "General And Administrative Expense": NaN,
        "Other Gand A": NaN,
        "Gross Profit": NaN,
        "Cost Of Revenue": NaN,
        "Total Revenue": NaN,
        "Operating Revenue": NaN
    },
    "2022-06-30": {
        "Tax Effect Of Unusual Items": 30946.575439,
        "Tax Rate For Calcs": 0.326097,
        "Normalized EBITDA": -3413175.0,
        "Total Unusual Items": 94900.0,
        "Total Unusual Items Excluding Goodwill": 94900.0,
        "Net Income From Continuing Operation Net Minority Interest": -2386760.0,
        "Reconciled Depreciation": 8512.0,
        "Reconciled Cost Of Revenue": 193304.0,
        "EBITDA": -3318275.0,
        "EBIT": -3326787.0,
        "Net Interest Income": -214908.0,
        "Interest Expense": 214908.0,
        "Normalized Income": -2450713.424561,
        "Net Income From Continuing And Discontinued Operation": -2386760.0,
        "Total Expenses": 3650327.0,
        "Total Operating Income As Reported": -3395296.0,
        "Diluted Average Shares": 2867496.0,
        "Basic Average Shares": 2867496.0,
        "Diluted EPS": -0.83,
        "Basic EPS": -0.83,
        "Diluted NI Availto Com Stockholders": -2386760.0,
        "Net Income Common Stockholders": -2386760.0,
        "Net Income": -2386760.0,
        "Net Income Including Noncontrolling Interests": -2386760.0,
        "Net Income Continuous Operations": -2386760.0,
        "Tax Provision": -1154935.0,
        "Pretax Income": -3541695.0,
        "Other Income Expense": 94900.0,
        "Other Non Operating Income Expenses": -26391.0,
        "Special Income Charges": 0.0,
        "Other Special Charges": NaN,
        "Gain On Sale Of Security": 94900.0,
        "Net Non Operating Interest Income Expense": -214908.0,
        "Total Other Finance Cost": NaN,
        "Interest Expense Non Operating": 214908.0,
        "Operating Income": -3421687.0,
        "Operating Expense": 3457023.0,
        "Other Operating Expenses": 26391.0,
        "Research And Development": 2047839.0,
        "Selling General And Administration": 1382793.0,
        "General And Administrative Expense": 1382793.0,
        "Other Gand A": 1382793.0,
        "Gross Profit": 35336.0,
        "Cost Of Revenue": 193304.0,
        "Total Revenue": 228640.0,
        "Operating Revenue": 228640.0
    },
    "2022-03-31": {
        "Diluted EPS": -1.52,
        "Total Revenue": 0,
        "Gross Profit": 0,
        "Operating Income": -4,
        "EBIT": -4,
        "Net Income": -4
    },
    "2021-12-31": {
        "Diluted EPS": -1.69,
        "Total Revenue": 0,
        "Gross Profit": 0,
        "Operating Income": -5,
        "EBIT": -4,
        "Net Income": -5
    },
    "2021-09-30": {
        "Diluted EPS": -1.35,
        "Total Revenue": 0,
        "Gross Profit": 0,
        "Operating Income": -3,
        "EBIT": -3,
        "Net Income": -4
    },
    "2021-06-30": {
        "Diluted EPS": -0.75,
        "Total Revenue": 0,
        "Gross Profit": 0,
        "Operating Income": -3,
        "EBIT": -3,
        "Net Income": -2
    },
    "2021-03-31": {
        "Diluted EPS": -0.9,
        "Total Revenue": 0,
        "Gross Profit": 0,
        "Operating Income": -2,
        "EBIT": -2,
        "Net Income": -2
    },
    "2020-12-31": {
        "Diluted EPS": -2.4,
        "Total Revenue": 0,
        "Gross Profit": 0,
        "Operating Income": -5,
        "EBIT": -5,
        "Net Income": -6
    },
    "2020-09-30": {
        "Diluted EPS": -0.9,
        "Total Revenue": 1,
        "Gross Profit": 0,
        "Operating Income": -2,
        "EBIT": -2,
        "Net Income": -2
    },
    "2020-06-30": {
        "Diluted EPS": -1.5,
        "Total Revenue": 1,
        "Gross Profit": 0,
        "Operating Income": -3,
        "EBIT": -3,
        "Net Income": -3
    },
    "2020-03-31": {
        "Diluted EPS": -4.8,
        "Total Revenue": 1,
        "Gross Profit": 0,
        "Operating Income": -8,
        "EBIT": -8,
        "Net Income": -8
    },
    "2019-12-31": {
        "Diluted EPS": -1.95,
        "Total Revenue": 1,
        "Gross Profit": 0,
        "Operating Income": -3,
        "EBIT": -3,
        "Net Income": -3
    },
    "2019-09-30": {
        "Diluted EPS": -2.1,
        "Total Revenue": 1,
        "Gross Profit": 0,
        "Operating Income": -3,
        "EBIT": -3,
        "Net Income": -3
    },
    "2019-06-30": {
        "Diluted EPS": -1.8,
        "Total Revenue": 2,
        "Gross Profit": 0,
        "Operating Income": -2,
        "EBIT": -2,
        "Net Income": -2
    },
    "2019-03-31": {
        "Diluted EPS": -1.35,
        "Total Revenue": 1,
        "Gross Profit": 0,
        "Operating Income": -2,
        "EBIT": -2,
        "Net Income": -2
    },
    "2018-12-31": {
        "Diluted EPS": -1.8,
        "Total Revenue": 1,
        "Gross Profit": 0,
        "Operating Income": -3,
        "EBIT": -3,
        "Net Income": -3
    },
    "2018-09-30": {
        "Diluted EPS": -1.65,
        "Total Revenue": 1,
        "Gross Profit": 0,
        "Operating Income": -2,
        "EBIT": -2,
        "Net Income": -2
    },
    "2018-06-30": {
        "Diluted EPS": -2.7,
        "Total Revenue": 2,
        "Gross Profit": 0,
        "Operating Income": -2,
        "EBIT": -2,
        "Net Income": -2
    },
    "2018-03-31": {
        "Diluted EPS": -4.05,
        "Total Revenue": 1,
        "Gross Profit": 0,
        "Operating Income": -2,
        "EBIT": -2,
        "Net Income": -2
    },
    "2017-12-31": {
        "Diluted EPS": -3.9,
        "Total Revenue": 1,
        "Gross Profit": 0,
        "Operating Income": -3,
        "EBIT": -3,
        "Net Income": -2
    },
    "2017-09-30": {
        "Diluted EPS": -2.55,
        "Total Revenue": 2,
        "Gross Profit": 0,
        "Operating Income": -1,
        "EBIT": -1,
        "Net Income": -1
    },
    "2017-06-30": {
        "Diluted EPS": -6.15,
        "Total Revenue": 1,
        "Gross Profit": 0,
        "Operating Income": -2,
        "EBIT": -2,
        "Net Income": -2
    },
    "2017-03-31": {
        "Diluted EPS": -4.8,
        "Total Revenue": 1,
        "Gross Profit": 0,
        "Operating Income": -2,
        "EBIT": -2,
        "Net Income": -2
    },
    "2016-12-31": {
        "Diluted EPS": -1.05,
        "Total Revenue": 2,
        "Gross Profit": 0,
        "Operating Income": -1,
        "EBIT": -1,
        "Net Income": 0
    },
    "2016-09-30": {
        "Diluted EPS": -7.35,
        "Total Revenue": 3,
        "Gross Profit": 0,
        "Operating Income": -1,
        "EBIT": -1,
        "Net Income": -2
    },
    "2016-06-30": {
        "Diluted EPS": -2.85,
        "Total Revenue": 3,
        "Gross Profit": 1,
        "Operating Income": -1,
        "EBIT": -1,
        "Net Income": 0
    },
    "2016-03-31": {
        "Diluted EPS": -8.85,
        "Total Revenue": 3,
        "Gross Profit": 0,
        "Operating Income": -2,
        "EBIT": -2,
        "Net Income": -1
    },
    "2015-12-31": {
        "Diluted EPS": 12.74,
        "Total Revenue": 3,
        "Gross Profit": 0,
        "Operating Income": -2,
        "EBIT": -2,
        "Net Income": -2
    },
    "2015-09-30": {
        "Diluted EPS": -6.75,
        "Total Revenue": 4,
        "Gross Profit": 1,
        "Operating Income": -1,
        "EBIT": -1,
        "Net Income": 3
    },
    "2015-06-30": {
        "Diluted EPS": -22.49,
        "Total Revenue": 1,
        "Gross Profit": 0,
        "Operating Income": -2,
        "EBIT": -2,
        "Net Income": -4
    },
    "2015-03-31": {
        "Diluted EPS": -28.49,
        "Total Revenue": 1,
        "Gross Profit": 0,
        "Operating Income": -2,
        "EBIT": -1,
        "Net Income": -5
    },
    "2014-12-31": {
        "Diluted EPS": 0.0,
        "Total Revenue": 2,
        "Gross Profit": 0,
        "Operating Income": -2,
        "EBIT": -2,
        "Net Income": 2
    },
    "2014-09-30": {
        "Diluted EPS": -31.48,
        "Total Revenue": 3,
        "Gross Profit": 1,
        "Operating Income": -5,
        "EBIT": -5,
        "Net Income": -4
    },
    "2014-06-30": {
        "Diluted EPS": -7.5,
        "Total Revenue": 1,
        "Gross Profit": 0,
        "Operating Income": -2,
        "EBIT": -2,
        "Net Income": -1
    },
    "2014-03-31": {
        "Diluted EPS": -25.49,
        "Total Revenue": 1,
        "Gross Profit": 0,
        "Operating Income": -2,
        "EBIT": -2,
        "Net Income": -3
    },
    "2013-12-31": {
        "Diluted EPS": 10.5,
        "Total Revenue": 1,
        "Gross Profit": 0,
        "Operating Income": -1,
        "EBIT": -1,
        "Net Income": 1
    },
    "2013-09-30": {
        "Diluted EPS": -50.98,
        "Total Revenue": 0,
        "Gross Profit": 0,
        "Operating Income": -2,
        "EBIT": -2,
        "Net Income": -7
    },
    "2013-06-30": {
        "Diluted EPS": -41.98,
        "Total Revenue": 1,
        "Gross Profit": 0,
        "Operating Income": -3,
        "EBIT": -3,
        "Net Income": -3
    },
    "2013-03-31": {
        "Diluted EPS": -14.99,
        "Total Revenue": 1,
        "Gross Profit": 0,
        "Operating Income": -1,
        "EBIT": -1,
        "Net Income": -1
    },
    "2012-12-31": {
        "Diluted EPS": -11.99,
        "Total Revenue": 1,
        "Gross Profit": 0,
        "Operating Income": -2,
        "EBIT": -1,
        "Net Income": -1
    },
    "2012-09-30": {
        "Diluted EPS": -10.5,
        "Total Revenue": 1,
        "Gross Profit": 0,
        "Operating Income": -1,
        "EBIT": -1,
        "Net Income": -1
    },
    "2012-06-30": {
        "Diluted EPS": -13.49,
        "Total Revenue": 1,
        "Gross Profit": 0,
        "Operating Income": -1,
        "EBIT": -1,
        "Net Income": -1
    },
    "2012-03-31": {
        "Diluted EPS": -19.49,
        "Total Revenue": 1,
        "Gross Profit": 0,
        "Operating Income": -1,
        "EBIT": -1,
        "Net Income": -1
    },
    "2011-12-31": {
        "Diluted EPS": -11.99,
        "Total Revenue": 1,
        "Gross Profit": 0,
        "Operating Income": -2,
        "EBIT": -1,
        "Net Income": -1
    },
    "2011-09-30": {
        "Diluted EPS": 29.99,
        "Total Revenue": 6,
        "Gross Profit": 5,
        "Operating Income": 2,
        "EBIT": 2,
        "Net Income": 2
    },
    "2011-06-30": {
        "Diluted EPS": -26.99,
        "Total Revenue": 0,
        "Gross Profit": 0,
        "Operating Income": -2,
        "EBIT": -2,
        "Net Income": -2
    },
    "2011-03-31": {
        "Diluted EPS": -23.99,
        "Total Revenue": 1,
        "Gross Profit": 0,
        "Operating Income": -2,
        "EBIT": -2,
        "Net Income": -2
    },
    "2010-12-31": {
        "Diluted EPS": -19.49,
        "Total Revenue": 0,
        "Gross Profit": 0,
        "Operating Income": -2,
        "EBIT": -2,
        "Net Income": -2
    },
    "2010-09-30": {
        "Diluted EPS": -29.99,
        "Total Revenue": 1,
        "Gross Profit": 0,
        "Operating Income": -2,
        "EBIT": -2,
        "Net Income": -2
    },
    "2010-06-30": {
        "Diluted EPS": -29.99,
        "Total Revenue": 0,
        "Gross Profit": 0,
        "Operating Income": -2,
        "EBIT": -2,
        "Net Income": -2
    },
    "2010-03-31": {
        "Diluted EPS": -29.99,
        "Total Revenue": 0,
        "Gross Profit": 0,
        "Operating Income": -2,
        "EBIT": -2,
        "Net Income": -2
    },
    "2009-12-31": {
        "Diluted EPS": -29.99,
        "Total Revenue": 1,
        "Gross Profit": 1,
        "Operating Income": 0,
        "EBIT": 0,
        "Net Income": 0
    },
    "2009-09-30": {
        "Diluted EPS": -29.99,
        "Total Revenue": 1,
        "Gross Profit": 0,
        "Operating Income": -2,
        "EBIT": -2,
        "Net Income": -2
    },
    "2009-06-30": {
        "Diluted EPS": -29.99,
        "Total Revenue": 0,
        "Gross Profit": 0,
        "Operating Income": -2,
        "EBIT": -2,
        "Net Income": -2
    },
    "2009-03-31": {
        "Diluted EPS": -29.99,
        "Total Revenue": 1,
        "Gross Profit": 0,
        "Operating Income": -2,
        "EBIT": -2,
        "Net Income": -2
    },
    "2023-06-30": {
        "Tax Effect Of Unusual Items": NaN,
        "Tax Rate For Calcs": NaN,
        "Normalized EBITDA": NaN,
        "Total Unusual Items": NaN,
        "Total Unusual Items Excluding Goodwill": NaN,
        "Net Income From Continuing Operation Net Minority Interest": NaN,
        "Reconciled Depreciation": NaN,
        "Reconciled Cost Of Revenue": NaN,
        "EBITDA": NaN,
        "EBIT": NaN,
        "Net Interest Income": NaN,
        "Interest Expense": 60194.0,
        "Normalized Income": NaN,
        "Net Income From Continuing And Discontinued Operation": NaN,
        "Total Expenses": NaN,
        "Total Operating Income As Reported": NaN,
        "Diluted Average Shares": 453035.0,
        "Basic Average Shares": 453035.0,
        "Diluted EPS": -3.56,
        "Basic EPS": -3.56,
        "Diluted NI Availto Com Stockholders": NaN,
        "Net Income Common Stockholders": NaN,
        "Net Income": NaN,
        "Net Income Including Noncontrolling Interests": NaN,
        "Net Income Continuous Operations": NaN,
        "Tax Provision": NaN,
        "Pretax Income": NaN,
        "Other Income Expense": NaN,
        "Other Non Operating Income Expenses": 2354.0,
        "Special Income Charges": -393791.0,
        "Other Special Charges": 393791.0,
        "Gain On Sale Of Security": NaN,
        "Net Non Operating Interest Income Expense": NaN,
        "Total Other Finance Cost": 60194.0,
        "Interest Expense Non Operating": 60194.0,
        "Operating Income": NaN,
        "Operating Expense": NaN,
        "Other Operating Expenses": -213138.0,
        "Research And Development": NaN,
        "Selling General And Administration": NaN,
        "General And Administrative Expense": NaN,
        "Other Gand A": NaN,
        "Gross Profit": NaN,
        "Cost Of Revenue": NaN,
        "Total Revenue": NaN,
        "Operating Revenue": NaN
    },
    "2023-09-30": {
        "Tax Effect Of Unusual Items": 0.0,
        "Tax Rate For Calcs": 0.0,
        "Normalized EBITDA": -1818000.0,
        "Total Unusual Items": 45262.0,
        "Total Unusual Items Excluding Goodwill": 45262.0,
        "Net Income From Continuing Operation Net Minority Interest": -1662702.0,
        "Reconciled Depreciation": 1589.0,
        "Reconciled Cost Of Revenue": 110441.0,
        "EBITDA": -1772738.0,
        "EBIT": -1774327.0,
        "Net Interest Income": 66363.0,
        "Interest Expense": NaN,
        "Normalized Income": -1707964.0,
        "Net Income From Continuing And Discontinued Operation": -1662702.0,
        "Total Expenses": 1774327.0,
        "Total Operating Income As Reported": -1779056.0,
        "Diluted Average Shares": 648860.0,
        "Basic Average Shares": 648860.0,
        "Diluted EPS": -2.56,
        "Basic EPS": -2.56,
        "Diluted NI Availto Com Stockholders": -1662702.0,
        "Net Income Common Stockholders": -1662702.0,
        "Net Income": -1662702.0,
        "Net Income Including Noncontrolling Interests": -1662702.0,
        "Net Income Continuous Operations": -1662702.0,
        "Tax Provision": 0.0,
        "Pretax Income": -1662702.0,
        "Other Income Expense": 45262.0,
        "Other Non Operating Income Expenses": NaN,
        "Special Income Charges": 120771.0,
        "Other Special Charges": -120771.0,
        "Gain On Sale Of Security": -75509.0,
        "Net Non Operating Interest Income Expense": 66363.0,
        "Total Other Finance Cost": -66363.0,
        "Interest Expense Non Operating": NaN,
        "Operating Income": -1774327.0,
        "Operating Expense": 1663886.0,
        "Other Operating Expenses": -135169.0,
        "Research And Development": 826015.0,
        "Selling General And Administration": 973040.0,
        "General And Administrative Expense": 973040.0,
        "Other Gand A": 973040.0,
        "Gross Profit": -110441.0,
        "Cost Of Revenue": 110441.0,
        "Total Revenue": 0.0,
        "Operating Revenue": 0.0
    },
    "2023-12-31": {
        "Tax Effect Of Unusual Items": -85821.776537,
        "Tax Rate For Calcs": 0.249992,
        "Normalized EBITDA": -1971833.0,
        "Total Unusual Items": -343298.0,
        "Total Unusual Items Excluding Goodwill": -343298.0,
        "Net Income From Continuing Operation Net Minority Interest": -1819895.0,
        "Reconciled Depreciation": 1590.0,
        "Reconciled Cost Of Revenue": 221546.0,
        "EBITDA": -2315131.0,
        "EBIT": -2316721.0,
        "Net Interest Income": 48270.0,
        "Interest Expense": NaN,
        "Normalized Income": -1562418.776537,
        "Net Income From Continuing And Discontinued Operation": -1819895.0,
        "Total Expenses": 2131473.0,
        "Total Operating Income As Reported": -2137871.0,
        "Diluted Average Shares": NaN,
        "Basic Average Shares": NaN,
        "Diluted EPS": NaN,
        "Basic EPS": NaN,
        "Diluted NI Availto Com Stockholders": -1819895.0,
        "Net Income Common Stockholders": -1819895.0,
        "Net Income": -1819895.0,
        "Net Income Including Noncontrolling Interests": -1819895.0,
        "Net Income Continuous Operations": -1819895.0,
        "Tax Provision": -606606.0,
        "Pretax Income": -2426501.0,
        "Other Income Expense": -343298.0,
        "Other Non Operating Income Expenses": 0.0,
        "Special Income Charges": 0.0,
        "Other Special Charges": 0.0,
        "Gain On Sale Of Security": -343298.0,
        "Net Non Operating Interest Income Expense": 48270.0,
        "Total Other Finance Cost": NaN,
        "Interest Expense Non Operating": NaN,
        "Operating Income": -2131473.0,
        "Operating Expense": 1909927.0,
        "Other Operating Expenses": -251210.0,
        "Research And Development": 777534.0,
        "Selling General And Administration": 1383603.0,
        "General And Administrative Expense": 1383603.0,
        "Other Gand A": 1383603.0,
        "Gross Profit": -221546.0,
        "Cost Of Revenue": 221546.0,
        "Total Revenue": 0.0,
        "Operating Revenue": 0.0
    },
    "2024-03-31": {
        "Tax Effect Of Unusual Items": 0.0,
        "Tax Rate For Calcs": 0.0,
        "Normalized EBITDA": -2158734.0,
        "Total Unusual Items": 166591.0,
        "Total Unusual Items Excluding Goodwill": 166591.0,
        "Net Income From Continuing Operation Net Minority Interest": -1915327.0,
        "Reconciled Depreciation": 1588.0,
        "Reconciled Cost Of Revenue": 117029.0,
        "EBITDA": -1992143.0,
        "EBIT": -1993731.0,
        "Net Interest Income": 28842.0,
        "Interest Expense": NaN,
        "Normalized Income": -2081918.0,
        "Net Income From Continuing And Discontinued Operation": -1915327.0,
        "Total Expenses": 2110760.0,
        "Total Operating Income As Reported": -2117091.0,
        "Diluted Average Shares": 657577.0,
        "Basic Average Shares": 657577.0,
        "Diluted EPS": -2.88,
        "Basic EPS": -2.88,
        "Diluted NI Availto Com Stockholders": -1915327.0,
        "Net Income Common Stockholders": -1915327.0,
        "Net Income": -1915327.0,
        "Net Income Including Noncontrolling Interests": -1915327.0,
        "Net Income Continuous Operations": -1915327.0,
        "Tax Provision": 0.0,
        "Pretax Income": -1915327.0,
        "Other Income Expense": 166591.0,
        "Other Non Operating Income Expenses": NaN,
        "Special Income Charges": NaN,
        "Other Special Charges": NaN,
        "Gain On Sale Of Security": 166591.0,
        "Net Non Operating Interest Income Expense": 28842.0,
        "Total Other Finance Cost": -28842.0,
        "Interest Expense Non Operating": NaN,
        "Operating Income": -1993731.0,
        "Operating Expense": 1993731.0,
        "Other Operating Expenses": -123360.0,
        "Research And Development": 1095040.0,
        "Selling General And Administration": 1022051.0,
        "General And Administrative Expense": 1022051.0,
        "Other Gand A": 1022051.0,
        "Gross Profit": 0.0,
        "Cost Of Revenue": 117029.0,
        "Total Revenue": 117029.0,
        "Operating Revenue": 117029.0
    },
    "2024-06-30": {
        "Tax Effect Of Unusual Items": 0.0,
        "Tax Rate For Calcs": 0.0,
        "Normalized EBITDA": -1870930.0,
        "Total Unusual Items": 96024.0,
        "Total Unusual Items Excluding Goodwill": 96024.0,
        "Net Income From Continuing Operation Net Minority Interest": -1644502.0,
        "Reconciled Depreciation": 1588.0,
        "Reconciled Cost Of Revenue": 2342.0,
        "EBITDA": -1774906.0,
        "EBIT": -1776494.0,
        "Net Interest Income": 35925.0,
        "Interest Expense": NaN,
        "Normalized Income": -1740526.0,
        "Net Income From Continuing And Discontinued Operation": -1644502.0,
        "Total Expenses": 1776494.0,
        "Total Operating Income As Reported": -1744675.0,
        "Diluted Average Shares": 1258985.0,
        "Basic Average Shares": 1258985.0,
        "Diluted EPS": -1.31,
        "Basic EPS": -1.31,
        "Diluted NI Availto Com Stockholders": -1644502.0,
        "Net Income Common Stockholders": -1644502.0,
        "Net Income": -1644502.0,
        "Net Income Including Noncontrolling Interests": -1644502.0,
        "Net Income Continuous Operations": -1644502.0,
        "Tax Provision": 0.0,
        "Pretax Income": -1644502.0,
        "Other Income Expense": 96067.0,
        "Other Non Operating Income Expenses": 43.0,
        "Special Income Charges": 0.0,
        "Other Special Charges": NaN,
        "Gain On Sale Of Security": 96024.0,
        "Net Non Operating Interest Income Expense": 35925.0,
        "Total Other Finance Cost": -35925.0,
        "Interest Expense Non Operating": NaN,
        "Operating Income": -1776494.0,
        "Operating Expense": 1774152.0,
        "Other Operating Expenses": -2342.0,
        "Research And Development": 532977.0,
        "Selling General And Administration": 1243517.0,
        "General And Administrative Expense": 1243517.0,
        "Other Gand A": 1243517.0,
        "Gross Profit": -2342.0,
        "Cost Of Revenue": 2342.0,
        "Total Revenue": 0.0,
        "Operating Revenue": 0.0
    },
    "2024-09-30": {
        "Tax Effect Of Unusual Items": 0.0,
        "Tax Rate For Calcs": 0.0,
        "Normalized EBITDA": -1930666.0,
        "Total Unusual Items": 67019.0,
        "Total Unusual Items Excluding Goodwill": 67019.0,
        "Net Income From Continuing Operation Net Minority Interest": -1719381.0,
        "Reconciled Depreciation": 1589.0,
        "Reconciled Cost Of Revenue": 0.0,
        "EBITDA": -1863647.0,
        "EBIT": -1865236.0,
        "Net Interest Income": 78836.0,
        "Interest Expense": NaN,
        "Normalized Income": -1786400.0,
        "Net Income From Continuing And Discontinued Operation": -1719381.0,
        "Total Expenses": 1865236.0,
        "Total Operating Income As Reported": -1865236.0,
        "Diluted Average Shares": 2203929.0,
        "Basic Average Shares": 2203929.0,
        "Diluted EPS": -0.78,
        "Basic EPS": -0.78,
        "Diluted NI Availto Com Stockholders": -1719381.0,
        "Net Income Common Stockholders": -1719381.0,
        "Net Income": -1719381.0,
        "Net Income Including Noncontrolling Interests": -1719381.0,
        "Net Income Continuous Operations": -1719381.0,
        "Tax Provision": 0.0,
        "Pretax Income": -1719381.0,
        "Other Income Expense": 67019.0,
        "Other Non Operating Income Expenses": NaN,
        "Special Income Charges": 66444.0,
        "Other Special Charges": -66444.0,
        "Gain On Sale Of Security": 575.0,
        "Net Non Operating Interest Income Expense": 78836.0,
        "Total Other Finance Cost": -78836.0,
        "Interest Expense Non Operating": NaN,
        "Operating Income": -1865236.0,
        "Operating Expense": 1865236.0,
        "Other Operating Expenses": NaN,
        "Research And Development": 968689.0,
        "Selling General And Administration": 896547.0,
        "General And Administrative Expense": 896547.0,
        "Other Gand A": 896547.0,
        "Gross Profit": 0.0,
        "Cost Of Revenue": 0.0,
        "Total Revenue": 0.0,
        "Operating Revenue": 0.0
    }
}