{
    "2023-03-31": {
        "Tax Effect Of Unusual Items": NaN,
        "Tax Rate For Calcs": NaN,
        "Normalized EBITDA": NaN,
        "Total Unusual Items": NaN,
        "Total Unusual Items Excluding Goodwill": NaN,
        "Net Income From Continuing Operation Net Minority Interest": NaN,
        "Reconciled Depreciation": NaN,
        "EBITDA": NaN,
        "EBIT": NaN,
        "Net Interest Income": NaN,
        "Interest Income": NaN,
        "Normalized Income": NaN,
        "Net Income From Continuing And Discontinued Operation": NaN,
        "Total Expenses": NaN,
        "Diluted Average Shares": 300100.0,
        "Basic Average Shares": 300100.0,
        "Diluted EPS": -6.59,
        "Basic EPS": -6.59,
        "Diluted NI Availto Com Stockholders": NaN,
        "Net Income Common Stockholders": NaN,
        "Otherunder Preferred Stock Dividend": NaN,
        "Preferred Stock Dividends": NaN,
        "Net Income": NaN,
        "Net Income Including Noncontrolling Interests": NaN,
        "Net Income Continuous Operations": NaN,
        "Tax Provision": NaN,
        "Pretax Income": NaN,
        "Other Income Expense": NaN,
        "Earnings From Equity Interest": 0.0,
        "Gain On Sale Of Security": NaN,
        "Net Non Operating Interest Income Expense": NaN,
        "Interest Income Non Operating": NaN,
        "Operating Income": NaN,
        "Operating Expense": NaN,
        "Research And Development": NaN,
        "Selling General And Administration": NaN,
        "General And Administrative Expense": NaN,
        "Other Gand A": NaN,
        "Total Revenue": NaN,
        "Operating Revenue": NaN
    },
    "2022-12-31": {
        "Tax Effect Of Unusual Items": 0.0,
        "Tax Rate For Calcs": 0.0,
        "Normalized EBITDA": -5887341.0,
        "Total Unusual Items": NaN,
        "Total Unusual Items Excluding Goodwill": NaN,
        "Net Income From Continuing Operation Net Minority Interest": 4482345.0,
        "Reconciled Depreciation": 1526.0,
        "EBITDA": -5887341.0,
        "EBIT": -5888867.0,
        "Net Interest Income": 145212.0,
        "Interest Income": 145212.0,
        "Normalized Income": 4482345.0,
        "Net Income From Continuing And Discontinued Operation": 4482345.0,
        "Total Expenses": 5888867.0,
        "Diluted Average Shares": NaN,
        "Basic Average Shares": NaN,
        "Diluted EPS": NaN,
        "Basic EPS": NaN,
        "Diluted NI Availto Com Stockholders": 4366455.0,
        "Net Income Common Stockholders": 4366455.0,
        "Otherunder Preferred Stock Dividend": NaN,
        "Preferred Stock Dividends": NaN,
        "Net Income": 4482345.0,
        "Net Income Including Noncontrolling Interests": 4482345.0,
        "Net Income Continuous Operations": 4482345.0,
        "Tax Provision": 0.0,
        "Pretax Income": 4482345.0,
        "Other Income Expense": NaN,
        "Gain On Sale Of Security": NaN,
        "Net Non Operating Interest Income Expense": 145212.0,
        "Interest Income Non Operating": 145212.0,
        "Operating Income": -5888867.0,
        "Operating Expense": 5888867.0,
        "Research And Development": 1413059.0,
        "Selling General And Administration": 4475808.0,
        "General And Administrative Expense": 4475808.0,
        "Other Gand A": 4475808.0,
        "Total Revenue": 0.0,
        "Operating Revenue": 0.0
    },
    "2022-09-30": {
        "Tax Effect Of Unusual Items": NaN,
        "Tax Rate For Calcs": NaN,
        "Normalized EBITDA": NaN,
        "Total Unusual Items": NaN,
        "Total Unusual Items Excluding Goodwill": NaN,
        "Net Income From Continuing Operation Net Minority Interest": NaN,
        "Reconciled Depreciation": NaN,
        "EBITDA": NaN,
        "EBIT": NaN,
        "Net Interest Income": NaN,
        "Interest Income": NaN,
        "Normalized Income": NaN,
        "Net Income From Continuing And Discontinued Operation": NaN,
        "Total Expenses": NaN,
        "Diluted Average Shares": 279520.0,
        "Basic Average Shares": 279520.0,
        "Diluted EPS": -10.75,
        "Basic EPS": -10.75,
        "Diluted NI Availto Com Stockholders": NaN,
        "Net Income Common Stockholders": NaN,
        "Otherunder Preferred Stock Dividend": 0.0,
        "Preferred Stock Dividends": NaN,
        "Net Income": NaN,
        "Net Income Including Noncontrolling Interests": NaN,
        "Net Income Continuous Operations": NaN,
        "Tax Provision": NaN,
        "Pretax Income": NaN,
        "Other Income Expense": NaN,
        "Earnings From Equity Interest": NaN,
        "Gain On Sale Of Security": NaN,
        "Net Non Operating Interest Income Expense": NaN,
        "Interest Income Non Operating": NaN,
        "Operating Income": NaN,
        "Operating Expense": NaN,
        "Research And Development": NaN,
        "Selling General And Administration": NaN,
        "General And Administrative Expense": NaN,
        "Other Gand A": NaN,
        "Total Revenue": NaN,
        "Operating Revenue": NaN
    },
    "2022-06-30": {
        "Tax Effect Of Unusual Items": 0.0,
        "Tax Rate For Calcs": 0.0,
        "Normalized EBITDA": -3795013.0,
        "Total Unusual Items": NaN,
        "Total Unusual Items Excluding Goodwill": NaN,
        "Net Income From Continuing Operation Net Minority Interest": -3751904.0,
        "Reconciled Depreciation": 1378.0,
        "EBITDA": -3795013.0,
        "EBIT": -3796391.0,
        "Net Interest Income": 44487.0,
        "Interest Income": 44487.0,
        "Normalized Income": -3751904.0,
        "Net Income From Continuing And Discontinued Operation": -3751904.0,
        "Total Expenses": 3796391.0,
        "Diluted Average Shares": 6959400.0,
        "Basic Average Shares": 6959400.0,
        "Diluted EPS": -0.54,
        "Basic EPS": -0.54,
        "Diluted NI Availto Com Stockholders": -3751904.0,
        "Net Income Common Stockholders": -3751904.0,
        "Otherunder Preferred Stock Dividend": NaN,
        "Preferred Stock Dividends": NaN,
        "Net Income": -3751904.0,
        "Net Income Including Noncontrolling Interests": -3751904.0,
        "Net Income Continuous Operations": -3751904.0,
        "Tax Provision": 0.0,
        "Pretax Income": -3751904.0,
        "Other Income Expense": NaN,
        "Gain On Sale Of Security": NaN,
        "Net Non Operating Interest Income Expense": 44487.0,
        "Interest Income Non Operating": 44487.0,
        "Operating Income": -3796391.0,
        "Operating Expense": 3796391.0,
        "Research And Development": 1941101.0,
        "Selling General And Administration": 1855290.0,
        "General And Administrative Expense": 1855290.0,
        "Other Gand A": 1855290.0,
        "Total Revenue": 0.0,
        "Operating Revenue": 0.0
    },
    "2022-03-31": {
        "Diluted EPS": -0.47,
        "Total Revenue": NaN,
        "Gross Profit": NaN,
        "Operating Income": -3,
        "EBIT": -3,
        "Net Income": -3
    },
    "2021-12-31": {
        "Diluted EPS": -0.4,
        "Total Revenue": NaN,
        "Gross Profit": NaN,
        "Operating Income": -4,
        "EBIT": -4,
        "Net Income": -4
    },
    "2021-09-30": {
        "Diluted EPS": -0.47,
        "Total Revenue": NaN,
        "Gross Profit": NaN,
        "Operating Income": -3,
        "EBIT": -3,
        "Net Income": -3
    },
    "2021-06-30": {
        "Diluted EPS": -0.58,
        "Total Revenue": NaN,
        "Gross Profit": NaN,
        "Operating Income": -2,
        "EBIT": -2,
        "Net Income": -2
    },
    "2021-03-31": {
        "Diluted EPS": -1.06,
        "Total Revenue": NaN,
        "Gross Profit": NaN,
        "Operating Income": -3,
        "EBIT": -3,
        "Net Income": -3
    },
    "2020-12-31": {
        "Diluted EPS": 0.0,
        "Total Revenue": NaN,
        "Gross Profit": NaN,
        "Operating Income": NaN,
        "EBIT": NaN,
        "Net Income": NaN
    },
    "2020-09-30": {
        "Diluted EPS": -0.9,
        "Total Revenue": NaN,
        "Gross Profit": NaN,
        "Operating Income": -3,
        "EBIT": -3,
        "Net Income": -4
    },
    "2020-06-30": {
        "Diluted EPS": -2.33,
        "Total Revenue": NaN,
        "Gross Profit": NaN,
        "Operating Income": -3,
        "EBIT": -3,
        "Net Income": -3
    },
    "2019-12-31": {
        "Diluted EPS": 0.0,
        "Total Revenue": NaN,
        "Gross Profit": NaN,
        "Operating Income": NaN,
        "EBIT": NaN,
        "Net Income": NaN
    },
    "2023-06-30": {
        "Tax Effect Of Unusual Items": NaN,
        "Tax Rate For Calcs": NaN,
        "Normalized EBITDA": NaN,
        "Total Unusual Items": NaN,
        "Total Unusual Items Excluding Goodwill": NaN,
        "Net Income From Continuing Operation Net Minority Interest": NaN,
        "Reconciled Depreciation": NaN,
        "EBITDA": NaN,
        "EBIT": NaN,
        "Net Interest Income": NaN,
        "Interest Income": NaN,
        "Normalized Income": NaN,
        "Net Income From Continuing And Discontinued Operation": NaN,
        "Total Expenses": NaN,
        "Diluted Average Shares": 294500.0,
        "Basic Average Shares": 294500.0,
        "Diluted EPS": -34.67,
        "Basic EPS": -34.67,
        "Diluted NI Availto Com Stockholders": NaN,
        "Net Income Common Stockholders": NaN,
        "Otherunder Preferred Stock Dividend": 5693000.0,
        "Preferred Stock Dividends": NaN,
        "Net Income": NaN,
        "Net Income Including Noncontrolling Interests": NaN,
        "Net Income Continuous Operations": NaN,
        "Tax Provision": NaN,
        "Pretax Income": NaN,
        "Other Income Expense": NaN,
        "Special Income Charges": NaN,
        "Other Special Charges": NaN,
        "Earnings From Equity Interest": 0.0,
        "Gain On Sale Of Security": NaN,
        "Net Non Operating Interest Income Expense": NaN,
        "Interest Income Non Operating": NaN,
        "Operating Income": NaN,
        "Operating Expense": NaN,
        "Research And Development": NaN,
        "Selling General And Administration": NaN,
        "General And Administrative Expense": NaN,
        "Other Gand A": NaN,
        "Total Revenue": NaN,
        "Operating Revenue": NaN
    },
    "2023-09-30": {
        "Tax Effect Of Unusual Items": 0.0,
        "Tax Rate For Calcs": 0.0,
        "Normalized EBITDA": -3071069.0,
        "Total Unusual Items": 1643000.0,
        "Total Unusual Items Excluding Goodwill": 1643000.0,
        "Net Income From Continuing Operation Net Minority Interest": 763203.0,
        "Reconciled Depreciation": 1723.0,
        "EBITDA": -1428069.0,
        "EBIT": -1429792.0,
        "Net Interest Income": 549995.0,
        "Interest Income": 549995.0,
        "Normalized Income": -879797.0,
        "Net Income From Continuing And Discontinued Operation": 763203.0,
        "Total Expenses": 1429792.0,
        "Diluted Average Shares": 428200.0,
        "Basic Average Shares": 428200.0,
        "Diluted EPS": -0.84,
        "Basic EPS": -0.84,
        "Diluted NI Availto Com Stockholders": -361425.0,
        "Net Income Common Stockholders": -361425.0,
        "Otherunder Preferred Stock Dividend": 0.0,
        "Preferred Stock Dividends": 1124628.0,
        "Net Income": 763203.0,
        "Net Income Including Noncontrolling Interests": 763203.0,
        "Net Income Continuous Operations": 763203.0,
        "Tax Provision": 0.0,
        "Pretax Income": 763203.0,
        "Other Income Expense": 1643000.0,
        "Special Income Charges": 0.0,
        "Other Special Charges": NaN,
        "Earnings From Equity Interest": 0.0,
        "Gain On Sale Of Security": 1643000.0,
        "Net Non Operating Interest Income Expense": 549995.0,
        "Interest Income Non Operating": 549995.0,
        "Operating Income": -1429792.0,
        "Operating Expense": 1429792.0,
        "Research And Development": 212103.0,
        "Selling General And Administration": 1217689.0,
        "General And Administrative Expense": 1217689.0,
        "Other Gand A": 1217689.0,
        "Total Revenue": 0.0,
        "Operating Revenue": 0.0
    },
    "2023-12-31": {
        "Tax Effect Of Unusual Items": 0.0,
        "Tax Rate For Calcs": 0.0,
        "Normalized EBITDA": -2992198.0,
        "Total Unusual Items": 861000.0,
        "Total Unusual Items Excluding Goodwill": 861000.0,
        "Net Income From Continuing Operation Net Minority Interest": -995969.0,
        "Reconciled Depreciation": 1210.0,
        "EBITDA": -2131198.0,
        "EBIT": -2132408.0,
        "Net Interest Income": 275439.0,
        "Interest Income": 275439.0,
        "Normalized Income": -1856969.0,
        "Net Income From Continuing And Discontinued Operation": -995969.0,
        "Total Expenses": 2132408.0,
        "Diluted Average Shares": NaN,
        "Basic Average Shares": NaN,
        "Diluted EPS": NaN,
        "Basic EPS": NaN,
        "Diluted NI Availto Com Stockholders": -1229466.0,
        "Net Income Common Stockholders": -1229466.0,
        "Otherunder Preferred Stock Dividend": NaN,
        "Preferred Stock Dividends": 5926497.0,
        "Net Income": -995969.0,
        "Net Income Including Noncontrolling Interests": -995969.0,
        "Net Income Continuous Operations": -995969.0,
        "Tax Provision": 0.0,
        "Pretax Income": -995969.0,
        "Other Income Expense": 861000.0,
        "Special Income Charges": NaN,
        "Other Special Charges": NaN,
        "Earnings From Equity Interest": NaN,
        "Gain On Sale Of Security": 861000.0,
        "Net Non Operating Interest Income Expense": 275439.0,
        "Interest Income Non Operating": 275439.0,
        "Operating Income": -2132408.0,
        "Operating Expense": 2132408.0,
        "Research And Development": 577893.0,
        "Selling General And Administration": 1554515.0,
        "General And Administrative Expense": 1554515.0,
        "Other Gand A": 1554515.0,
        "Total Revenue": 0.0,
        "Operating Revenue": 0.0
    },
    "2024-03-31": {
        "Tax Effect Of Unusual Items": 0.0,
        "Tax Rate For Calcs": 0.0,
        "Normalized EBITDA": -2720095.0,
        "Total Unusual Items": 1030000.0,
        "Total Unusual Items Excluding Goodwill": 1030000.0,
        "Net Income From Continuing Operation Net Minority Interest": -206699.0,
        "Reconciled Depreciation": 1399.0,
        "EBITDA": -1690095.0,
        "EBIT": -1691494.0,
        "Net Interest Income": 463395.0,
        "Interest Income": 463395.0,
        "Normalized Income": -1236699.0,
        "Net Income From Continuing And Discontinued Operation": -206699.0,
        "Total Expenses": 1691494.0,
        "Diluted Average Shares": 1036700.0,
        "Basic Average Shares": 1036700.0,
        "Diluted EPS": -0.41,
        "Basic EPS": -0.41,
        "Diluted NI Availto Com Stockholders": -425158.0,
        "Net Income Common Stockholders": -425158.0,
        "Otherunder Preferred Stock Dividend": NaN,
        "Preferred Stock Dividends": 218459.0,
        "Net Income": -206699.0,
        "Net Income Including Noncontrolling Interests": -206699.0,
        "Net Income Continuous Operations": -206699.0,
        "Tax Provision": 0.0,
        "Pretax Income": -206699.0,
        "Other Income Expense": 1021400.0,
        "Special Income Charges": NaN,
        "Other Special Charges": NaN,
        "Earnings From Equity Interest": -8600.0,
        "Gain On Sale Of Security": 1030000.0,
        "Net Non Operating Interest Income Expense": 463395.0,
        "Interest Income Non Operating": 463395.0,
        "Operating Income": -1691494.0,
        "Operating Expense": 1691494.0,
        "Research And Development": 609249.0,
        "Selling General And Administration": 1082245.0,
        "General And Administrative Expense": 1082245.0,
        "Other Gand A": 1082245.0,
        "Total Revenue": 0.0,
        "Operating Revenue": 0.0
    },
    "2024-06-30": {
        "Tax Effect Of Unusual Items": 0.0,
        "Tax Rate For Calcs": 0.0,
        "Normalized EBITDA": -1566650.0,
        "Total Unusual Items": -13000.0,
        "Total Unusual Items Excluding Goodwill": -13000.0,
        "Net Income From Continuing Operation Net Minority Interest": -1273309.0,
        "Reconciled Depreciation": 1317.0,
        "EBITDA": -1579650.0,
        "EBIT": -1580967.0,
        "Net Interest Income": 330508.0,
        "Interest Income": 330508.0,
        "Normalized Income": -1260309.0,
        "Net Income From Continuing And Discontinued Operation": -1273309.0,
        "Total Expenses": 1580967.0,
        "Diluted Average Shares": 1206600.0,
        "Basic Average Shares": 1206600.0,
        "Diluted EPS": -1.18,
        "Basic EPS": -1.18,
        "Diluted NI Availto Com Stockholders": -1429044.0,
        "Net Income Common Stockholders": -1429044.0,
        "Otherunder Preferred Stock Dividend": NaN,
        "Preferred Stock Dividends": 155735.0,
        "Net Income": -1273309.0,
        "Net Income Including Noncontrolling Interests": -1273309.0,
        "Net Income Continuous Operations": -1273309.0,
        "Tax Provision": 0.0,
        "Pretax Income": -1273309.0,
        "Other Income Expense": -22850.0,
        "Special Income Charges": NaN,
        "Other Special Charges": NaN,
        "Earnings From Equity Interest": -9850.0,
        "Gain On Sale Of Security": -13000.0,
        "Net Non Operating Interest Income Expense": 330508.0,
        "Interest Income Non Operating": 330508.0,
        "Operating Income": -1580967.0,
        "Operating Expense": 1580967.0,
        "Research And Development": 342068.0,
        "Selling General And Administration": 1238899.0,
        "General And Administrative Expense": 1238899.0,
        "Other Gand A": 1238899.0,
        "Total Revenue": 0.0,
        "Operating Revenue": 0.0
    },
    "2024-09-30": {
        "Tax Effect Of Unusual Items": 0.0,
        "Tax Rate For Calcs": 0.0,
        "Normalized EBITDA": 3313020.0,
        "Total Unusual Items": -4671000.0,
        "Total Unusual Items Excluding Goodwill": -4671000.0,
        "Net Income From Continuing Operation Net Minority Interest": -5742013.0,
        "Reconciled Depreciation": 1689.0,
        "EBITDA": -1357980.0,
        "EBIT": -1359669.0,
        "Net Interest Income": 300681.0,
        "Interest Income": 300681.0,
        "Normalized Income": -1071013.0,
        "Net Income From Continuing And Discontinued Operation": -5742013.0,
        "Total Expenses": 1359669.0,
        "Diluted Average Shares": 1320000.0,
        "Basic Average Shares": 1320000.0,
        "Diluted EPS": -4.58,
        "Basic EPS": -4.58,
        "Diluted NI Availto Com Stockholders": -6048738.0,
        "Net Income Common Stockholders": -6048738.0,
        "Otherunder Preferred Stock Dividend": 0.0,
        "Preferred Stock Dividends": 306725.0,
        "Net Income": -5742013.0,
        "Net Income Including Noncontrolling Interests": -5742013.0,
        "Net Income Continuous Operations": -5742013.0,
        "Tax Provision": 0.0,
        "Pretax Income": -5742013.0,
        "Other Income Expense": -4683025.0,
        "Special Income Charges": -3812625.0,
        "Other Special Charges": 3812625.0,
        "Earnings From Equity Interest": -12025.0,
        "Gain On Sale Of Security": -858375.0,
        "Net Non Operating Interest Income Expense": 300681.0,
        "Interest Income Non Operating": 300681.0,
        "Operating Income": -1359669.0,
        "Operating Expense": 1359669.0,
        "Research And Development": 222897.0,
        "Selling General And Administration": 1136772.0,
        "General And Administrative Expense": 1136772.0,
        "Other Gand A": 1136772.0,
        "Total Revenue": 0.0,
        "Operating Revenue": 0.0
    }
}