{
    "2023-03-31": {
        "Tax Effect Of Unusual Items": NaN,
        "Tax Rate For Calcs": NaN,
        "Normalized EBITDA": NaN,
        "Total Unusual Items": NaN,
        "Total Unusual Items Excluding Goodwill": NaN,
        "Net Income From Continuing Operation Net Minority Interest": NaN,
        "Reconciled Depreciation": NaN,
        "EBITDA": NaN,
        "EBIT": NaN,
        "Net Interest Income": NaN,
        "Interest Expense": NaN,
        "Interest Income": NaN,
        "Normalized Income": NaN,
        "Net Income From Continuing And Discontinued Operation": NaN,
        "Total Expenses": NaN,
        "Total Operating Income As Reported": NaN,
        "Diluted Average Shares": NaN,
        "Basic Average Shares": NaN,
        "Diluted EPS": NaN,
        "Basic EPS": NaN,
        "Diluted NI Availto Com Stockholders": NaN,
        "Net Income Common Stockholders": NaN,
        "Net Income": NaN,
        "Net Income Including Noncontrolling Interests": NaN,
        "Net Income Continuous Operations": NaN,
        "Pretax Income": NaN,
        "Other Income Expense": -96000.0,
        "Other Non Operating Income Expenses": 9000.0,
        "Special Income Charges": NaN,
        "Gain On Sale Of Ppe": NaN,
        "Net Non Operating Interest Income Expense": NaN,
        "Interest Expense Non Operating": NaN,
        "Interest Income Non Operating": NaN,
        "Operating Income": NaN,
        "Operating Expense": NaN,
        "Research And Development": NaN,
        "Selling General And Administration": NaN,
        "General And Administrative Expense": NaN,
        "Other Gand A": NaN,
        "Total Revenue": NaN,
        "Operating Revenue": NaN
    },
    "2022-12-31": {
        "Tax Effect Of Unusual Items": 0.0,
        "Tax Rate For Calcs": 0.0,
        "Normalized EBITDA": -12087000.0,
        "Total Unusual Items": NaN,
        "Total Unusual Items Excluding Goodwill": NaN,
        "Net Income From Continuing Operation Net Minority Interest": -12232000.0,
        "Reconciled Depreciation": 351000.0,
        "EBITDA": -12087000.0,
        "EBIT": -12438000.0,
        "Net Interest Income": 815000.0,
        "Interest Expense": -206000.0,
        "Interest Income": 609000.0,
        "Normalized Income": -12232000.0,
        "Net Income From Continuing And Discontinued Operation": -12232000.0,
        "Total Expenses": 13048000.0,
        "Total Operating Income As Reported": -13048000.0,
        "Diluted Average Shares": NaN,
        "Basic Average Shares": NaN,
        "Diluted EPS": NaN,
        "Basic EPS": NaN,
        "Diluted NI Availto Com Stockholders": -12232000.0,
        "Net Income Common Stockholders": -12232000.0,
        "Net Income": -12232000.0,
        "Net Income Including Noncontrolling Interests": -12232000.0,
        "Net Income Continuous Operations": -12232000.0,
        "Pretax Income": -12232000.0,
        "Other Income Expense": 1000.0,
        "Other Non Operating Income Expenses": 1000.0,
        "Special Income Charges": NaN,
        "Gain On Sale Of Ppe": NaN,
        "Net Non Operating Interest Income Expense": 815000.0,
        "Interest Expense Non Operating": -206000.0,
        "Interest Income Non Operating": 609000.0,
        "Operating Income": -13048000.0,
        "Operating Expense": 13048000.0,
        "Research And Development": 7345000.0,
        "Selling General And Administration": 5703000.0,
        "General And Administrative Expense": 5703000.0,
        "Other Gand A": 5703000.0,
        "Total Revenue": 0.0,
        "Operating Revenue": 0.0
    },
    "2022-09-30": {
        "Tax Effect Of Unusual Items": NaN,
        "Tax Rate For Calcs": NaN,
        "Normalized EBITDA": NaN,
        "Total Unusual Items": NaN,
        "Total Unusual Items Excluding Goodwill": NaN,
        "Net Income From Continuing Operation Net Minority Interest": NaN,
        "Reconciled Depreciation": NaN,
        "EBITDA": NaN,
        "EBIT": NaN,
        "Net Interest Income": NaN,
        "Interest Expense": NaN,
        "Interest Income": NaN,
        "Normalized Income": NaN,
        "Net Income From Continuing And Discontinued Operation": NaN,
        "Total Expenses": NaN,
        "Total Operating Income As Reported": NaN,
        "Diluted Average Shares": 30720291.0,
        "Basic Average Shares": 30720291.0,
        "Diluted EPS": -0.44,
        "Basic EPS": -0.44,
        "Diluted NI Availto Com Stockholders": NaN,
        "Net Income Common Stockholders": NaN,
        "Net Income": NaN,
        "Net Income Including Noncontrolling Interests": NaN,
        "Net Income Continuous Operations": NaN,
        "Pretax Income": NaN,
        "Other Income Expense": NaN,
        "Other Non Operating Income Expenses": NaN,
        "Special Income Charges": NaN,
        "Gain On Sale Of Ppe": NaN,
        "Net Non Operating Interest Income Expense": NaN,
        "Interest Expense Non Operating": NaN,
        "Interest Income Non Operating": NaN,
        "Operating Income": NaN,
        "Operating Expense": NaN,
        "Research And Development": NaN,
        "Selling General And Administration": NaN,
        "General And Administrative Expense": NaN,
        "Other Gand A": NaN,
        "Total Revenue": NaN,
        "Operating Revenue": NaN
    },
    "2022-06-30": {
        "Tax Effect Of Unusual Items": 0.0,
        "Tax Rate For Calcs": 0.0,
        "Normalized EBITDA": -10043000.0,
        "Total Unusual Items": 0.0,
        "Total Unusual Items Excluding Goodwill": 0.0,
        "Net Income From Continuing Operation Net Minority Interest": -10535000.0,
        "Reconciled Depreciation": 320000.0,
        "EBITDA": -10043000.0,
        "EBIT": -10363000.0,
        "Net Interest Income": 177000.0,
        "Interest Expense": 172000.0,
        "Interest Income": 349000.0,
        "Normalized Income": -10535000.0,
        "Net Income From Continuing And Discontinued Operation": -10535000.0,
        "Total Expenses": 10712000.0,
        "Total Operating Income As Reported": -10712000.0,
        "Diluted Average Shares": 30701758.0,
        "Basic Average Shares": 30701758.0,
        "Diluted EPS": -0.34,
        "Basic EPS": -0.34,
        "Diluted NI Availto Com Stockholders": -10535000.0,
        "Net Income Common Stockholders": -10535000.0,
        "Net Income": -10535000.0,
        "Net Income Including Noncontrolling Interests": -10535000.0,
        "Net Income Continuous Operations": -10535000.0,
        "Pretax Income": -10535000.0,
        "Other Income Expense": NaN,
        "Other Non Operating Income Expenses": NaN,
        "Special Income Charges": 0.0,
        "Gain On Sale Of Ppe": 0.0,
        "Net Non Operating Interest Income Expense": 177000.0,
        "Interest Expense Non Operating": 172000.0,
        "Interest Income Non Operating": 349000.0,
        "Operating Income": -10712000.0,
        "Operating Expense": 10712000.0,
        "Research And Development": 6393000.0,
        "Selling General And Administration": 4319000.0,
        "General And Administrative Expense": 4319000.0,
        "Other Gand A": 4319000.0,
        "Total Revenue": 0.0,
        "Operating Revenue": 0.0
    },
    "2022-03-31": {
        "Diluted EPS": -0.4,
        "Total Revenue": NaN,
        "Gross Profit": NaN,
        "Operating Income": -12,
        "EBIT": -12,
        "Net Income": -12
    },
    "2021-12-31": {
        "Diluted EPS": -0.27,
        "Total Revenue": NaN,
        "Gross Profit": NaN,
        "Operating Income": -9,
        "EBIT": -9,
        "Net Income": -9
    },
    "2021-09-30": {
        "Diluted EPS": -0.32,
        "Total Revenue": NaN,
        "Gross Profit": NaN,
        "Operating Income": -10,
        "EBIT": -10,
        "Net Income": -10
    },
    "2021-06-30": {
        "Diluted EPS": -0.32,
        "Total Revenue": NaN,
        "Gross Profit": NaN,
        "Operating Income": -10,
        "EBIT": -10,
        "Net Income": -10
    },
    "2021-03-31": {
        "Diluted EPS": -0.42,
        "Total Revenue": NaN,
        "Gross Profit": NaN,
        "Operating Income": -8,
        "EBIT": -8,
        "Net Income": -8
    },
    "2020-12-31": {
        "Diluted EPS": -2.51,
        "Total Revenue": NaN,
        "Gross Profit": NaN,
        "Operating Income": -5,
        "EBIT": -5,
        "Net Income": -5
    },
    "2020-09-30": {
        "Diluted EPS": -3.0,
        "Total Revenue": NaN,
        "Gross Profit": NaN,
        "Operating Income": -5,
        "EBIT": -5,
        "Net Income": -5
    },
    "2020-06-30": {
        "Diluted EPS": -3.02,
        "Total Revenue": NaN,
        "Gross Profit": NaN,
        "Operating Income": -5,
        "EBIT": -5,
        "Net Income": -5
    },
    "2020-03-31": {
        "Diluted EPS": -4.0,
        "Total Revenue": NaN,
        "Gross Profit": NaN,
        "Operating Income": -4,
        "EBIT": -3,
        "Net Income": -5
    },
    "2019-12-31": {
        "Diluted EPS": 0.0,
        "Total Revenue": NaN,
        "Gross Profit": NaN,
        "Operating Income": NaN,
        "EBIT": NaN,
        "Net Income": NaN
    },
    "2023-06-30": {
        "Tax Effect Of Unusual Items": NaN,
        "Tax Rate For Calcs": NaN,
        "Normalized EBITDA": NaN,
        "Total Unusual Items": NaN,
        "Total Unusual Items Excluding Goodwill": NaN,
        "Net Income From Continuing Operation Net Minority Interest": NaN,
        "Reconciled Depreciation": NaN,
        "EBITDA": NaN,
        "EBIT": NaN,
        "Net Interest Income": NaN,
        "Interest Expense": NaN,
        "Interest Income": NaN,
        "Normalized Income": NaN,
        "Net Income From Continuing And Discontinued Operation": NaN,
        "Total Expenses": NaN,
        "Total Operating Income As Reported": NaN,
        "Diluted Average Shares": 30507018.0,
        "Basic Average Shares": 30507018.0,
        "Diluted EPS": -0.31,
        "Basic EPS": -0.31,
        "Diluted NI Availto Com Stockholders": NaN,
        "Net Income Common Stockholders": NaN,
        "Net Income": NaN,
        "Net Income Including Noncontrolling Interests": NaN,
        "Net Income Continuous Operations": NaN,
        "Pretax Income": NaN,
        "Other Income Expense": -123000.0,
        "Other Non Operating Income Expenses": 68000.0,
        "Special Income Charges": NaN,
        "Gain On Sale Of Ppe": NaN,
        "Net Non Operating Interest Income Expense": NaN,
        "Interest Expense Non Operating": NaN,
        "Interest Income Non Operating": NaN,
        "Operating Income": NaN,
        "Operating Expense": NaN,
        "Research And Development": NaN,
        "Selling General And Administration": NaN,
        "General And Administrative Expense": NaN,
        "Other Gand A": NaN,
        "Total Revenue": NaN,
        "Operating Revenue": NaN
    },
    "2023-09-30": {
        "Tax Effect Of Unusual Items": 0.0,
        "Tax Rate For Calcs": 0.0,
        "Normalized EBITDA": -6753000.0,
        "Total Unusual Items": -6000.0,
        "Total Unusual Items Excluding Goodwill": -6000.0,
        "Net Income From Continuing Operation Net Minority Interest": -7124000.0,
        "Reconciled Depreciation": 332000.0,
        "EBITDA": -6759000.0,
        "EBIT": -7091000.0,
        "Net Interest Income": 844000.0,
        "Interest Expense": 33000.0,
        "Interest Income": 877000.0,
        "Normalized Income": -7118000.0,
        "Net Income From Continuing And Discontinued Operation": -7124000.0,
        "Total Expenses": 7737000.0,
        "Total Operating Income As Reported": -7737000.0,
        "Diluted Average Shares": 25514115.0,
        "Basic Average Shares": 25514115.0,
        "Diluted EPS": -0.28,
        "Basic EPS": -0.28,
        "Diluted NI Availto Com Stockholders": -7124000.0,
        "Net Income Common Stockholders": -7124000.0,
        "Net Income": -7124000.0,
        "Net Income Including Noncontrolling Interests": -7124000.0,
        "Net Income Continuous Operations": -7124000.0,
        "Pretax Income": -7124000.0,
        "Other Income Expense": -231000.0,
        "Other Non Operating Income Expenses": -225000.0,
        "Special Income Charges": -6000.0,
        "Gain On Sale Of Ppe": -6000.0,
        "Net Non Operating Interest Income Expense": 844000.0,
        "Interest Expense Non Operating": 33000.0,
        "Interest Income Non Operating": 877000.0,
        "Operating Income": -7737000.0,
        "Operating Expense": 7737000.0,
        "Research And Development": 3818000.0,
        "Selling General And Administration": 3919000.0,
        "General And Administrative Expense": 3919000.0,
        "Other Gand A": 3919000.0,
        "Total Revenue": 0.0,
        "Operating Revenue": 0.0
    },
    "2023-12-31": {
        "Tax Effect Of Unusual Items": 0.0,
        "Tax Rate For Calcs": 0.0,
        "Normalized EBITDA": -7054000.0,
        "Total Unusual Items": 0.0,
        "Total Unusual Items Excluding Goodwill": 0.0,
        "Net Income From Continuing Operation Net Minority Interest": -7414000.0,
        "Reconciled Depreciation": 329000.0,
        "EBITDA": -7054000.0,
        "EBIT": -7383000.0,
        "Net Interest Income": 795000.0,
        "Interest Expense": 31000.0,
        "Interest Income": 826000.0,
        "Normalized Income": -7414000.0,
        "Net Income From Continuing And Discontinued Operation": -7414000.0,
        "Total Expenses": 8142000.0,
        "Total Operating Income As Reported": -8142000.0,
        "Diluted Average Shares": NaN,
        "Basic Average Shares": NaN,
        "Diluted EPS": NaN,
        "Basic EPS": NaN,
        "Diluted NI Availto Com Stockholders": -7414000.0,
        "Net Income Common Stockholders": -7414000.0,
        "Net Income": -7414000.0,
        "Net Income Including Noncontrolling Interests": -7414000.0,
        "Net Income Continuous Operations": -7414000.0,
        "Pretax Income": -7414000.0,
        "Other Income Expense": -67000.0,
        "Other Non Operating Income Expenses": -67000.0,
        "Special Income Charges": 0.0,
        "Gain On Sale Of Ppe": 0.0,
        "Net Non Operating Interest Income Expense": 795000.0,
        "Interest Expense Non Operating": 31000.0,
        "Interest Income Non Operating": 826000.0,
        "Operating Income": -8142000.0,
        "Operating Expense": 8142000.0,
        "Research And Development": 4493000.0,
        "Selling General And Administration": 3649000.0,
        "General And Administrative Expense": 3649000.0,
        "Other Gand A": 3649000.0,
        "Total Revenue": 0.0,
        "Operating Revenue": 0.0
    },
    "2024-03-31": {
        "Tax Effect Of Unusual Items": 0.0,
        "Tax Rate For Calcs": 0.0,
        "Normalized EBITDA": -7633000.0,
        "Total Unusual Items": 0.0,
        "Total Unusual Items Excluding Goodwill": 0.0,
        "Net Income From Continuing Operation Net Minority Interest": -7992000.0,
        "Reconciled Depreciation": 331000.0,
        "EBITDA": -7633000.0,
        "EBIT": -7964000.0,
        "Net Interest Income": 740000.0,
        "Interest Expense": 28000.0,
        "Interest Income": 768000.0,
        "Normalized Income": -7992000.0,
        "Net Income From Continuing And Discontinued Operation": -7992000.0,
        "Total Expenses": 8730000.0,
        "Total Operating Income As Reported": -8730000.0,
        "Diluted Average Shares": 25049111.0,
        "Basic Average Shares": 25049111.0,
        "Diluted EPS": -0.32,
        "Basic EPS": -0.32,
        "Diluted NI Availto Com Stockholders": -7992000.0,
        "Net Income Common Stockholders": -7992000.0,
        "Net Income": -7992000.0,
        "Net Income Including Noncontrolling Interests": -7992000.0,
        "Net Income Continuous Operations": -7992000.0,
        "Pretax Income": -7992000.0,
        "Other Income Expense": -2000.0,
        "Other Non Operating Income Expenses": -2000.0,
        "Special Income Charges": 0.0,
        "Gain On Sale Of Ppe": 0.0,
        "Net Non Operating Interest Income Expense": 740000.0,
        "Interest Expense Non Operating": 28000.0,
        "Interest Income Non Operating": 768000.0,
        "Operating Income": -8730000.0,
        "Operating Expense": 8730000.0,
        "Research And Development": 4917000.0,
        "Selling General And Administration": 3813000.0,
        "General And Administrative Expense": 3813000.0,
        "Other Gand A": 3813000.0,
        "Total Revenue": 0.0,
        "Operating Revenue": 0.0
    },
    "2024-06-30": {
        "Tax Effect Of Unusual Items": 0.0,
        "Tax Rate For Calcs": 0.0,
        "Normalized EBITDA": -6790000.0,
        "Total Unusual Items": 0.0,
        "Total Unusual Items Excluding Goodwill": 0.0,
        "Net Income From Continuing Operation Net Minority Interest": -7142000.0,
        "Reconciled Depreciation": 328000.0,
        "EBITDA": -6790000.0,
        "EBIT": -7118000.0,
        "Net Interest Income": 645000.0,
        "Interest Expense": 24000.0,
        "Interest Income": 669000.0,
        "Normalized Income": -7142000.0,
        "Net Income From Continuing And Discontinued Operation": -7142000.0,
        "Total Expenses": 7787000.0,
        "Total Operating Income As Reported": -7787000.0,
        "Diluted Average Shares": 25104439.0,
        "Basic Average Shares": 25104439.0,
        "Diluted EPS": -0.28,
        "Basic EPS": -0.28,
        "Diluted NI Availto Com Stockholders": -7142000.0,
        "Net Income Common Stockholders": -7142000.0,
        "Net Income": -7142000.0,
        "Net Income Including Noncontrolling Interests": -7142000.0,
        "Net Income Continuous Operations": -7142000.0,
        "Pretax Income": -7142000.0,
        "Other Income Expense": NaN,
        "Other Non Operating Income Expenses": NaN,
        "Special Income Charges": 0.0,
        "Gain On Sale Of Ppe": 0.0,
        "Net Non Operating Interest Income Expense": 645000.0,
        "Interest Expense Non Operating": 24000.0,
        "Interest Income Non Operating": 669000.0,
        "Operating Income": -7787000.0,
        "Operating Expense": 7787000.0,
        "Research And Development": 4584000.0,
        "Selling General And Administration": 3203000.0,
        "General And Administrative Expense": 3203000.0,
        "Other Gand A": 3203000.0,
        "Total Revenue": 0.0,
        "Operating Revenue": 0.0
    },
    "2024-09-30": {
        "Tax Effect Of Unusual Items": 0.0,
        "Tax Rate For Calcs": 0.0,
        "Normalized EBITDA": -6900000.0,
        "Total Unusual Items": 0.0,
        "Total Unusual Items Excluding Goodwill": 0.0,
        "Net Income From Continuing Operation Net Minority Interest": -7253000.0,
        "Reconciled Depreciation": 332000.0,
        "EBITDA": -6900000.0,
        "EBIT": -7232000.0,
        "Net Interest Income": 570000.0,
        "Interest Expense": 21000.0,
        "Interest Income": 591000.0,
        "Normalized Income": -7253000.0,
        "Net Income From Continuing And Discontinued Operation": -7253000.0,
        "Total Expenses": 7823000.0,
        "Total Operating Income As Reported": -7823000.0,
        "Diluted Average Shares": 25147999.0,
        "Basic Average Shares": 25147999.0,
        "Diluted EPS": -0.29,
        "Basic EPS": -0.29,
        "Diluted NI Availto Com Stockholders": -7253000.0,
        "Net Income Common Stockholders": -7253000.0,
        "Net Income": -7253000.0,
        "Net Income Including Noncontrolling Interests": -7253000.0,
        "Net Income Continuous Operations": -7253000.0,
        "Pretax Income": -7253000.0,
        "Other Income Expense": NaN,
        "Other Non Operating Income Expenses": NaN,
        "Special Income Charges": 0.0,
        "Gain On Sale Of Ppe": 0.0,
        "Net Non Operating Interest Income Expense": 570000.0,
        "Interest Expense Non Operating": 21000.0,
        "Interest Income Non Operating": 591000.0,
        "Operating Income": -7823000.0,
        "Operating Expense": 7823000.0,
        "Research And Development": 4637000.0,
        "Selling General And Administration": 3186000.0,
        "General And Administrative Expense": 3186000.0,
        "Other Gand A": 3186000.0,
        "Total Revenue": 0.0,
        "Operating Revenue": 0.0
    }
}