{
    "2023-05-31": {
        "Tax Effect Of Unusual Items": -8728473.0,
        "Tax Rate For Calcs": 0.237,
        "Normalized EBITDA": 390502000.0,
        "Total Unusual Items": -36829000.0,
        "Total Unusual Items Excluding Goodwill": -36829000.0,
        "Net Income From Continuing Operation Net Minority Interest": 133087000.0,
        "Reconciled Depreciation": 104954000.0,
        "Reconciled Cost Of Revenue": 13098714000.0,
        "EBITDA": 353673000.0,
        "EBIT": 248719000.0,
        "Net Interest Income": -74285000.0,
        "Interest Expense": 74285000.0,
        "Normalized Income": 161187527.0,
        "Net Income From Continuing And Discontinued Operation": 133087000.0,
        "Total Expenses": 13772412000.0,
        "Total Operating Income As Reported": 252883000.0,
        "Diluted Average Shares": 93643000.0,
        "Basic Average Shares": 93385000.0,
        "Diluted EPS": 1.41,
        "Basic EPS": 1.41,
        "Diluted NI Availto Com Stockholders": 132089000.0,
        "Average Dilution Earnings": 2000.0,
        "Net Income Common Stockholders": 132087000.0,
        "Otherunder Preferred Stock Dividend": 1000000.0,
        "Net Income": 133087000.0,
        "Net Income Including Noncontrolling Interests": 133087000.0,
        "Net Income Continuous Operations": 133087000.0,
        "Tax Provision": 41347000.0,
        "Pretax Income": 174434000.0,
        "Other Income Expense": -40993000.0,
        "Other Non Operating Income Expenses": -4164000.0,
        "Special Income Charges": -36829000.0,
        "Restructuring And Mergern Acquisition": 36829000.0,
        "Net Non Operating Interest Income Expense": -74285000.0,
        "Total Other Finance Cost": NaN,
        "Interest Expense Non Operating": 74285000.0,
        "Operating Income": 289712000.0,
        "Operating Expense": 673698000.0,
        "Selling General And Administration": 673698000.0,
        "Gross Profit": 963410000.0,
        "Cost Of Revenue": 13098714000.0,
        "Total Revenue": 14062124000.0,
        "Operating Revenue": 14062124000.0
    },
    "2023-02-28": {
        "Tax Effect Of Unusual Items": NaN,
        "Tax Rate For Calcs": NaN,
        "Normalized EBITDA": NaN,
        "Total Unusual Items": NaN,
        "Total Unusual Items Excluding Goodwill": NaN,
        "Net Income From Continuing Operation Net Minority Interest": NaN,
        "Reconciled Depreciation": NaN,
        "Reconciled Cost Of Revenue": NaN,
        "EBITDA": NaN,
        "EBIT": NaN,
        "Net Interest Income": NaN,
        "Interest Expense": NaN,
        "Normalized Income": NaN,
        "Net Income From Continuing And Discontinued Operation": NaN,
        "Total Expenses": NaN,
        "Total Operating Income As Reported": NaN,
        "Diluted Average Shares": NaN,
        "Basic Average Shares": NaN,
        "Diluted EPS": NaN,
        "Basic EPS": NaN,
        "Diluted NI Availto Com Stockholders": NaN,
        "Average Dilution Earnings": NaN,
        "Net Income Common Stockholders": NaN,
        "Otherunder Preferred Stock Dividend": NaN,
        "Net Income": NaN,
        "Net Income Including Noncontrolling Interests": NaN,
        "Net Income Continuous Operations": NaN,
        "Tax Provision": NaN,
        "Pretax Income": NaN,
        "Other Income Expense": NaN,
        "Other Non Operating Income Expenses": NaN,
        "Special Income Charges": NaN,
        "Restructuring And Mergern Acquisition": NaN,
        "Net Non Operating Interest Income Expense": NaN,
        "Total Other Finance Cost": 80200000.0,
        "Interest Expense Non Operating": NaN,
        "Operating Income": NaN,
        "Operating Expense": NaN,
        "Selling General And Administration": NaN,
        "Gross Profit": NaN,
        "Cost Of Revenue": NaN,
        "Total Revenue": NaN,
        "Operating Revenue": NaN
    },
    "2022-11-30": {
        "Tax Effect Of Unusual Items": -8302346.804965,
        "Tax Rate For Calcs": 0.165871,
        "Normalized EBITDA": 502147000.0,
        "Total Unusual Items": -50053000.0,
        "Total Unusual Items Excluding Goodwill": -50053000.0,
        "Net Income From Continuing Operation Net Minority Interest": 221231000.0,
        "Reconciled Depreciation": 106722000.0,
        "Reconciled Cost Of Revenue": 15188238000.0,
        "EBITDA": 452094000.0,
        "EBIT": 345372000.0,
        "Net Interest Income": -80148000.0,
        "Interest Expense": 80148000.0,
        "Normalized Income": 262981653.195035,
        "Net Income From Continuing And Discontinued Operation": 221231000.0,
        "Total Expenses": 15863742000.0,
        "Total Operating Income As Reported": 334162000.0,
        "Diluted Average Shares": 95102000.0,
        "Basic Average Shares": 94839000.0,
        "Diluted EPS": 2.31,
        "Basic EPS": 2.31,
        "Diluted NI Availto Com Stockholders": 219549000.0,
        "Average Dilution Earnings": 4000.0,
        "Net Income Common Stockholders": 219545000.0,
        "Otherunder Preferred Stock Dividend": 1686000.0,
        "Net Income": 221231000.0,
        "Net Income Including Noncontrolling Interests": 221231000.0,
        "Net Income Continuous Operations": 221231000.0,
        "Tax Provision": 43993000.0,
        "Pretax Income": 265224000.0,
        "Other Income Expense": -38843000.0,
        "Other Non Operating Income Expenses": 11210000.0,
        "Special Income Charges": -50053000.0,
        "Restructuring And Mergern Acquisition": 50053000.0,
        "Net Non Operating Interest Income Expense": -80148000.0,
        "Total Other Finance Cost": NaN,
        "Interest Expense Non Operating": 80148000.0,
        "Operating Income": 384215000.0,
        "Operating Expense": 675504000.0,
        "Selling General And Administration": 675504000.0,
        "Gross Profit": 1059719000.0,
        "Cost Of Revenue": 15188238000.0,
        "Total Revenue": 16247957000.0,
        "Operating Revenue": 16247957000.0
    },
    "2022-08-31": {
        "Tax Effect Of Unusual Items": -9584386.600769,
        "Tax Rate For Calcs": 0.20648,
        "Normalized EBITDA": 286100000.0,
        "Total Unusual Items": -46418000.0,
        "Total Unusual Items Excluding Goodwill": -46418000.0,
        "Net Income From Continuing Operation Net Minority Interest": 148835000.0,
        "Reconciled Depreciation": 101517000.0,
        "Reconciled Cost Of Revenue": 14440055000.0,
        "EBITDA": 239682000.0,
        "EBIT": 239682000.0,
        "Net Interest Income": -52119000.0,
        "Interest Expense": 52119000.0,
        "Normalized Income": 185668613.399231,
        "Net Income From Continuing And Discontinued Operation": 148835000.0,
        "Total Expenses": 15068133000.0,
        "Total Operating Income As Reported": 241534000.0,
        "Diluted Average Shares": 95407000.0,
        "Basic Average Shares": 95115000.0,
        "Diluted EPS": 1.55,
        "Basic EPS": 1.55,
        "Diluted NI Availto Com Stockholders": 148835000.0,
        "Average Dilution Earnings": 2000.0,
        "Net Income Common Stockholders": 148835000.0,
        "Otherunder Preferred Stock Dividend": 950000.0,
        "Net Income": 148835000.0,
        "Net Income Including Noncontrolling Interests": 148835000.0,
        "Net Income Continuous Operations": 148835000.0,
        "Tax Provision": 38728000.0,
        "Pretax Income": 187563000.0,
        "Other Income Expense": -48270000.0,
        "Other Non Operating Income Expenses": -1852000.0,
        "Special Income Charges": -46418000.0,
        "Restructuring And Mergern Acquisition": 46418000.0,
        "Net Non Operating Interest Income Expense": -52119000.0,
        "Total Other Finance Cost": NaN,
        "Interest Expense Non Operating": 52119000.0,
        "Operating Income": 287952000.0,
        "Operating Expense": 628078000.0,
        "Selling General And Administration": 628078000.0,
        "Gross Profit": 916030000.0,
        "Cost Of Revenue": 14440055000.0,
        "Total Revenue": 15356085000.0,
        "Operating Revenue": 15356085000.0
    },
    "2022-05-31": {
        "Tax Effect Of Unusual Items": -8114346.42393,
        "Tax Rate For Calcs": 0.249841,
        "Normalized EBITDA": 278960000.0,
        "Total Unusual Items": -32478000.0,
        "Total Unusual Items Excluding Goodwill": -32478000.0,
        "Net Income From Continuing Operation Net Minority Interest": 148917000.0,
        "Reconciled Depreciation": 99625000.0,
        "Reconciled Cost Of Revenue": 14314002000.0,
        "EBIT": 246482000.0,
        "Net Interest Income": -47968000.0,
        "Interest Expense": 47968000.0,
        "Normalized Income": 173280653.57607,
        "Net Income From Continuing And Discontinued Operation": 148917000.0,
        "Total Expenses": 14984576000.0,
        "Total Operating Income As Reported": 252737000.0,
        "Diluted Average Shares": 95742000.0,
        "Basic Average Shares": 95469000.0,
        "Diluted EPS": 1.55,
        "Basic EPS": 1.55,
        "Diluted NI Availto Com Stockholders": 148917000.0,
        "Average Dilution Earnings": NaN,
        "Net Income Common Stockholders": 148917000.0,
        "Otherunder Preferred Stock Dividend": 973000.0,
        "Net Income": 148917000.0,
        "Net Income Including Noncontrolling Interests": 148917000.0,
        "Net Income Continuous Operations": 148917000.0,
        "Tax Provision": 49597000.0,
        "Pretax Income": 198514000.0,
        "Other Income Expense": -38733000.0,
        "Other Non Operating Income Expenses": -6255000.0,
        "Special Income Charges": -32478000.0,
        "Restructuring And Mergern Acquisition": 32478000.0,
        "Net Non Operating Interest Income Expense": -47968000.0,
        "Total Other Finance Cost": NaN,
        "Interest Expense Non Operating": 47968000.0,
        "Operating Income": 285215000.0,
        "Operating Expense": 670574000.0,
        "Selling General And Administration": 670574000.0,
        "Gross Profit": 955789000.0,
        "Cost Of Revenue": 14314002000.0,
        "Total Revenue": 15269791000.0,
        "Operating Revenue": 15269791000.0
    },
    "2022-02-28": {
        "Diluted EPS": 1.37,
        "Total Revenue": NaN,
        "Gross Profit": 969,
        "Operating Income": 222,
        "EBIT": 378,
        "Net Income": 132
    },
    "2021-11-30": {
        "Diluted EPS": 0.96,
        "Total Revenue": NaN,
        "Gross Profit": 943,
        "Operating Income": 185,
        "EBIT": 290,
        "Net Income": 119
    },
    "2021-08-31": {
        "Diluted EPS": 1.81,
        "Total Revenue": NaN,
        "Gross Profit": 313,
        "Operating Income": 148,
        "EBIT": 163,
        "Net Income": 95
    },
    "2021-05-31": {
        "Diluted EPS": 1.78,
        "Total Revenue": NaN,
        "Gross Profit": 329,
        "Operating Income": 148,
        "EBIT": 164,
        "Net Income": 93
    },
    "2021-02-28": {
        "Diluted EPS": 1.69,
        "Total Revenue": NaN,
        "Gross Profit": 305,
        "Operating Income": 142,
        "EBIT": 157,
        "Net Income": 88
    },
    "2020-11-30": {
        "Diluted EPS": 4.15,
        "Total Revenue": NaN,
        "Gross Profit": 367,
        "Operating Income": 200,
        "EBIT": 291,
        "Net Income": 215
    },
    "2020-08-31": {
        "Diluted EPS": 2.6,
        "Total Revenue": NaN,
        "Gross Profit": 297,
        "Operating Income": 132,
        "EBIT": 217,
        "Net Income": 134
    },
    "2020-05-31": {
        "Diluted EPS": 1.1,
        "Total Revenue": NaN,
        "Gross Profit": 275,
        "Operating Income": 88,
        "EBIT": 170,
        "Net Income": 57
    },
    "2020-02-29": {
        "Diluted EPS": 2.36,
        "Total Revenue": NaN,
        "Gross Profit": 255,
        "Operating Income": 100,
        "EBIT": 185,
        "Net Income": 123
    },
    "2019-11-30": {
        "Diluted EPS": 3.42,
        "Total Revenue": NaN,
        "Gross Profit": -946,
        "Operating Income": -26,
        "EBIT": 65,
        "Net Income": 179
    },
    "2019-08-31": {
        "Diluted EPS": 2.4,
        "Total Revenue": NaN,
        "Gross Profit": 726,
        "Operating Income": 209,
        "EBIT": 300,
        "Net Income": 122
    },
    "2019-05-31": {
        "Diluted EPS": 2.23,
        "Total Revenue": NaN,
        "Gross Profit": 698,
        "Operating Income": 175,
        "EBIT": 270,
        "Net Income": 113
    },
    "2019-02-28": {
        "Diluted EPS": 1.69,
        "Total Revenue": NaN,
        "Gross Profit": 679,
        "Operating Income": 162,
        "EBIT": 256,
        "Net Income": 86
    },
    "2018-11-30": {
        "Diluted EPS": 2.55,
        "Total Revenue": NaN,
        "Gross Profit": 654,
        "Operating Income": 201,
        "EBIT": 280,
        "Net Income": 114
    },
    "2018-08-31": {
        "Diluted EPS": 1.68,
        "Total Revenue": NaN,
        "Gross Profit": 430,
        "Operating Income": 114,
        "EBIT": 163,
        "Net Income": 66
    },
    "2018-05-31": {
        "Diluted EPS": 2.34,
        "Total Revenue": NaN,
        "Gross Profit": 429,
        "Operating Income": 124,
        "EBIT": 173,
        "Net Income": 93
    },
    "2018-02-28": {
        "Diluted EPS": 0.6,
        "Total Revenue": NaN,
        "Gross Profit": 414,
        "Operating Income": 111,
        "EBIT": 160,
        "Net Income": 24
    },
    "2017-11-30": {
        "Diluted EPS": 2.24,
        "Total Revenue": NaN,
        "Gross Profit": 460,
        "Operating Income": 158,
        "EBIT": 210,
        "Net Income": 89
    },
    "2017-08-31": {
        "Diluted EPS": 1.87,
        "Total Revenue": NaN,
        "Gross Profit": 375,
        "Operating Income": 122,
        "EBIT": 159,
        "Net Income": 74
    },
    "2017-05-31": {
        "Diluted EPS": 1.83,
        "Total Revenue": NaN,
        "Gross Profit": 372,
        "Operating Income": 125,
        "EBIT": 161,
        "Net Income": 72
    },
    "2017-02-28": {
        "Diluted EPS": 1.54,
        "Total Revenue": NaN,
        "Gross Profit": 342,
        "Operating Income": 102,
        "EBIT": 138,
        "Net Income": 61
    },
    "2016-11-30": {
        "Diluted EPS": 2.13,
        "Total Revenue": NaN,
        "Gross Profit": 379,
        "Operating Income": 131,
        "EBIT": 169,
        "Net Income": 83
    },
    "2016-08-31": {
        "Diluted EPS": 1.47,
        "Total Revenue": NaN,
        "Gross Profit": 326,
        "Operating Income": 98,
        "EBIT": 126,
        "Net Income": 59
    },
    "2016-05-31": {
        "Diluted EPS": 1.11,
        "Total Revenue": NaN,
        "Gross Profit": 294,
        "Operating Income": 75,
        "EBIT": 104,
        "Net Income": 44
    },
    "2016-02-29": {
        "Diluted EPS": 1.17,
        "Total Revenue": NaN,
        "Gross Profit": 284,
        "Operating Income": 76,
        "EBIT": 102,
        "Net Income": 47
    },
    "2015-11-30": {
        "Diluted EPS": 1.57,
        "Total Revenue": NaN,
        "Gross Profit": 313,
        "Operating Income": 105,
        "EBIT": 131,
        "Net Income": 63
    },
    "2015-08-31": {
        "Diluted EPS": 1.21,
        "Total Revenue": NaN,
        "Gross Profit": 291,
        "Operating Income": 81,
        "EBIT": 108,
        "Net Income": 48
    },
    "2015-05-31": {
        "Diluted EPS": 1.3,
        "Total Revenue": NaN,
        "Gross Profit": 300,
        "Operating Income": 89,
        "EBIT": 114,
        "Net Income": 52
    },
    "2015-02-28": {
        "Diluted EPS": 1.16,
        "Total Revenue": NaN,
        "Gross Profit": 288,
        "Operating Income": 79,
        "EBIT": 105,
        "Net Income": 46
    },
    "2014-11-30": {
        "Diluted EPS": 1.43,
        "Total Revenue": NaN,
        "Gross Profit": 314,
        "Operating Income": 100,
        "EBIT": 128,
        "Net Income": 57
    },
    "2014-08-31": {
        "Diluted EPS": 1.14,
        "Total Revenue": NaN,
        "Gross Profit": 300,
        "Operating Income": 79,
        "EBIT": 107,
        "Net Income": 45
    },
    "2014-05-31": {
        "Diluted EPS": 1.0,
        "Total Revenue": NaN,
        "Gross Profit": 279,
        "Operating Income": 68,
        "EBIT": 92,
        "Net Income": 40
    },
    "2014-02-28": {
        "Diluted EPS": 1.0,
        "Total Revenue": NaN,
        "Gross Profit": 207,
        "Operating Income": 62,
        "EBIT": 73,
        "Net Income": 38
    },
    "2013-11-30": {
        "Diluted EPS": 1.14,
        "Total Revenue": NaN,
        "Gross Profit": 180,
        "Operating Income": 69,
        "EBIT": 76,
        "Net Income": 39
    },
    "2013-08-31": {
        "Diluted EPS": 0.19,
        "Total Revenue": NaN,
        "Gross Profit": 164,
        "Operating Income": 63,
        "EBIT": 70,
        "Net Income": 47
    },
    "2013-05-31": {
        "Diluted EPS": 0.81,
        "Total Revenue": NaN,
        "Gross Profit": 155,
        "Operating Income": 52,
        "EBIT": 59,
        "Net Income": 31
    },
    "2013-02-28": {
        "Diluted EPS": 0.88,
        "Total Revenue": NaN,
        "Gross Profit": 156,
        "Operating Income": 56,
        "EBIT": 64,
        "Net Income": 33
    },
    "2012-11-30": {
        "Diluted EPS": 1.11,
        "Total Revenue": NaN,
        "Gross Profit": 179,
        "Operating Income": 75,
        "EBIT": 82,
        "Net Income": 42
    },
    "2012-08-31": {
        "Diluted EPS": 0.93,
        "Total Revenue": NaN,
        "Gross Profit": 152,
        "Operating Income": 57,
        "EBIT": 65,
        "Net Income": 35
    },
    "2012-05-31": {
        "Diluted EPS": 0.9,
        "Total Revenue": NaN,
        "Gross Profit": 156,
        "Operating Income": 59,
        "EBIT": 67,
        "Net Income": 34
    },
    "2012-02-29": {
        "Diluted EPS": 1.02,
        "Total Revenue": NaN,
        "Gross Profit": 169,
        "Operating Income": 64,
        "EBIT": 71,
        "Net Income": 38
    },
    "2011-11-30": {
        "Diluted EPS": 1.36,
        "Total Revenue": NaN,
        "Gross Profit": 188,
        "Operating Income": 85,
        "EBIT": 93,
        "Net Income": 50
    },
    "2011-08-31": {
        "Diluted EPS": 1.07,
        "Total Revenue": NaN,
        "Gross Profit": 154,
        "Operating Income": 67,
        "EBIT": 73,
        "Net Income": 39
    },
    "2011-05-31": {
        "Diluted EPS": 0.85,
        "Total Revenue": NaN,
        "Gross Profit": 145,
        "Operating Income": 54,
        "EBIT": 61,
        "Net Income": 31
    },
    "2011-02-28": {
        "Diluted EPS": 0.8,
        "Total Revenue": NaN,
        "Gross Profit": 144,
        "Operating Income": 51,
        "EBIT": 58,
        "Net Income": 30
    },
    "2010-11-30": {
        "Diluted EPS": 1.04,
        "Total Revenue": NaN,
        "Gross Profit": 141,
        "Operating Income": 65,
        "EBIT": 70,
        "Net Income": 38
    },
    "2010-08-31": {
        "Diluted EPS": 0.86,
        "Total Revenue": NaN,
        "Gross Profit": 125,
        "Operating Income": 52,
        "EBIT": 57,
        "Net Income": 31
    },
    "2010-05-31": {
        "Diluted EPS": 0.7,
        "Total Revenue": NaN,
        "Gross Profit": 117,
        "Operating Income": 43,
        "EBIT": 49,
        "Net Income": 25
    },
    "2010-02-28": {
        "Diluted EPS": 0.98,
        "Total Revenue": NaN,
        "Gross Profit": 109,
        "Operating Income": 39,
        "EBIT": 44,
        "Net Income": 35
    },
    "2009-11-30": {
        "Diluted EPS": 0.86,
        "Total Revenue": NaN,
        "Gross Profit": 115,
        "Operating Income": 48,
        "EBIT": 53,
        "Net Income": 30
    },
    "2009-08-31": {
        "Diluted EPS": 0.65,
        "Total Revenue": NaN,
        "Gross Profit": 106,
        "Operating Income": 38,
        "EBIT": 44,
        "Net Income": 22
    },
    "2009-05-31": {
        "Diluted EPS": 0.55,
        "Total Revenue": NaN,
        "Gross Profit": 101,
        "Operating Income": 30,
        "EBIT": 36,
        "Net Income": 19
    },
    "2009-02-28": {
        "Diluted EPS": 0.58,
        "Total Revenue": NaN,
        "Gross Profit": 101,
        "Operating Income": 34,
        "EBIT": 40,
        "Net Income": 19
    },
    "2023-08-31": {
        "Tax Effect Of Unusual Items": -13000017.6,
        "Tax Rate For Calcs": 0.1816,
        "Normalized EBITDA": 414733000.0,
        "Total Unusual Items": -71586000.0,
        "Total Unusual Items Excluding Goodwill": -71586000.0,
        "Net Income From Continuing Operation Net Minority Interest": 139262000.0,
        "Reconciled Depreciation": 105285000.0,
        "Reconciled Cost Of Revenue": 12989342000.0,
        "EBITDA": 343147000.0,
        "EBIT": 237862000.0,
        "Net Interest Income": -67703000.0,
        "Interest Expense": 67703000.0,
        "Normalized Income": 197847982.4,
        "Net Income From Continuing And Discontinued Operation": 139262000.0,
        "Total Expenses": 13648796000.0,
        "Total Operating Income As Reported": 240233000.0,
        "Diluted Average Shares": 92881000.0,
        "Basic Average Shares": 92590000.0,
        "Diluted EPS": 1.49,
        "Basic EPS": 1.49,
        "Diluted NI Availto Com Stockholders": 138263000.0,
        "Average Dilution Earnings": 3000.0,
        "Net Income Common Stockholders": 138260000.0,
        "Otherunder Preferred Stock Dividend": 1002000.0,
        "Net Income": 139262000.0,
        "Net Income Including Noncontrolling Interests": 139262000.0,
        "Net Income Continuous Operations": 139262000.0,
        "Tax Provision": 30897000.0,
        "Pretax Income": 170159000.0,
        "Other Income Expense": -73957000.0,
        "Other Non Operating Income Expenses": -2371000.0,
        "Special Income Charges": -71586000.0,
        "Restructuring And Mergern Acquisition": 71586000.0,
        "Net Non Operating Interest Income Expense": -67703000.0,
        "Total Other Finance Cost": NaN,
        "Interest Expense Non Operating": 67703000.0,
        "Operating Income": 311819000.0,
        "Operating Expense": 659454000.0,
        "Selling General And Administration": 659454000.0,
        "Gross Profit": 971273000.0,
        "Cost Of Revenue": 12989342000.0,
        "Total Revenue": 13960615000.0,
        "Operating Revenue": 13960615000.0
    },
    "2023-11-30": {
        "Tax Effect Of Unusual Items": -8125286.738967,
        "Tax Rate For Calcs": 0.17422,
        "Normalized EBITDA": 443275000.0,
        "Total Unusual Items": -46638000.0,
        "Total Unusual Items Excluding Goodwill": -46638000.0,
        "Net Income From Continuing Operation Net Minority Interest": 187542000.0,
        "Reconciled Depreciation": 103398000.0,
        "Reconciled Cost Of Revenue": 13388727000.0,
        "EBITDA": 396637000.0,
        "EBIT": 293239000.0,
        "Net Interest Income": -66130000.0,
        "Interest Expense": 66130000.0,
        "Normalized Income": 226054713.261033,
        "Net Income From Continuing And Discontinued Operation": 187542000.0,
        "Total Expenses": 14073914000.0,
        "Total Operating Income As Reported": 286754000.0,
        "Diluted Average Shares": 90371000.0,
        "Basic Average Shares": 90077000.0,
        "Diluted EPS": 2.06,
        "Basic EPS": 2.06,
        "Diluted NI Availto Com Stockholders": 185980000.0,
        "Average Dilution Earnings": 4000.0,
        "Net Income Common Stockholders": 185976000.0,
        "Otherunder Preferred Stock Dividend": 1566000.0,
        "Net Income": 187542000.0,
        "Net Income Including Noncontrolling Interests": 187542000.0,
        "Net Income Continuous Operations": 187542000.0,
        "Tax Provision": 39567000.0,
        "Pretax Income": 227109000.0,
        "Other Income Expense": -40153000.0,
        "Other Non Operating Income Expenses": 6485000.0,
        "Special Income Charges": -46638000.0,
        "Restructuring And Mergern Acquisition": 46638000.0,
        "Net Non Operating Interest Income Expense": -66130000.0,
        "Total Other Finance Cost": NaN,
        "Interest Expense Non Operating": 66130000.0,
        "Operating Income": 333392000.0,
        "Operating Expense": 685187000.0,
        "Selling General And Administration": 685187000.0,
        "Gross Profit": 1018579000.0,
        "Cost Of Revenue": 13388727000.0,
        "Total Revenue": 14407306000.0,
        "Operating Revenue": 14407306000.0
    },
    "2024-02-29": {
        "Tax Effect Of Unusual Items": -7307754.1,
        "Tax Rate For Calcs": 0.2309,
        "Normalized EBITDA": 431956000.0,
        "Total Unusual Items": -31649000.0,
        "Total Unusual Items Excluding Goodwill": -31649000.0,
        "Net Income From Continuing Operation Net Minority Interest": 172128000.0,
        "Reconciled Depreciation": 100619000.0,
        "Reconciled Cost Of Revenue": 12969487000.0,
        "EBITDA": 400307000.0,
        "EBIT": 299688000.0,
        "Net Interest Income": -75891000.0,
        "Interest Expense": 75891000.0,
        "Normalized Income": 196469245.9,
        "Net Income From Continuing And Discontinued Operation": 172128000.0,
        "Total Expenses": 13641032000.0,
        "Total Operating Income As Reported": 302572000.0,
        "Diluted Average Shares": 88203000.0,
        "Basic Average Shares": 87891000.0,
        "Diluted EPS": 1.93,
        "Basic EPS": 1.94,
        "Diluted NI Availto Com Stockholders": 170628000.0,
        "Average Dilution Earnings": 4000.0,
        "Net Income Common Stockholders": 170624000.0,
        "Otherunder Preferred Stock Dividend": 1504000.0,
        "Net Income": 172128000.0,
        "Net Income Including Noncontrolling Interests": 172128000.0,
        "Net Income Continuous Operations": 172128000.0,
        "Tax Provision": 51669000.0,
        "Pretax Income": 223797000.0,
        "Other Income Expense": -34533000.0,
        "Other Non Operating Income Expenses": -2884000.0,
        "Special Income Charges": -31649000.0,
        "Restructuring And Mergern Acquisition": 31649000.0,
        "Net Non Operating Interest Income Expense": -75891000.0,
        "Total Other Finance Cost": NaN,
        "Interest Expense Non Operating": 75891000.0,
        "Operating Income": 334221000.0,
        "Operating Expense": 671545000.0,
        "Selling General And Administration": 671545000.0,
        "Gross Profit": 1005766000.0,
        "Cost Of Revenue": 12969487000.0,
        "Total Revenue": 13975253000.0,
        "Operating Revenue": 13975253000.0
    },
    "2024-05-31": {
        "Tax Effect Of Unusual Items": -8342277.0,
        "Tax Rate For Calcs": 0.2202,
        "Normalized EBITDA": 405029000.0,
        "Total Unusual Items": -37885000.0,
        "Total Unusual Items Excluding Goodwill": -37885000.0,
        "Net Income From Continuing Operation Net Minority Interest": 143605000.0,
        "Reconciled Depreciation": 106287000.0,
        "Reconciled Cost Of Revenue": 12974361000.0,
        "EBITDA": 367144000.0,
        "EBIT": 260857000.0,
        "Net Interest Income": -76701000.0,
        "Interest Expense": 76701000.0,
        "Normalized Income": 173147723.0,
        "Net Income From Continuing And Discontinued Operation": 143605000.0,
        "Total Expenses": 13646075000.0,
        "Total Operating Income As Reported": 263948000.0,
        "Diluted Average Shares": 85869000.0,
        "Basic Average Shares": 85453000.0,
        "Diluted EPS": 1.66,
        "Basic EPS": 1.67,
        "Diluted NI Availto Com Stockholders": 142284000.0,
        "Average Dilution Earnings": 4000.0,
        "Net Income Common Stockholders": 142280000.0,
        "Otherunder Preferred Stock Dividend": 1325000.0,
        "Net Income": 143605000.0,
        "Net Income Including Noncontrolling Interests": 143605000.0,
        "Net Income Continuous Operations": 143605000.0,
        "Tax Provision": 40551000.0,
        "Pretax Income": 184156000.0,
        "Other Income Expense": -40976000.0,
        "Other Non Operating Income Expenses": -3091000.0,
        "Special Income Charges": -37885000.0,
        "Restructuring And Mergern Acquisition": 37885000.0,
        "Net Non Operating Interest Income Expense": -76701000.0,
        "Total Other Finance Cost": NaN,
        "Interest Expense Non Operating": 76701000.0,
        "Operating Income": 301833000.0,
        "Operating Expense": 671714000.0,
        "Selling General And Administration": 671714000.0,
        "Gross Profit": 973547000.0,
        "Cost Of Revenue": 12974361000.0,
        "Total Revenue": 13947908000.0,
        "Operating Revenue": 13947908000.0
    },
    "2024-08-31": {
        "Tax Effect Of Unusual Items": -125755.2,
        "Tax Rate For Calcs": 0.1917,
        "Normalized EBITDA": 400205000.0,
        "Total Unusual Items": -656000.0,
        "Total Unusual Items Excluding Goodwill": -656000.0,
        "Net Income From Continuing Operation Net Minority Interest": 178556000.0,
        "Reconciled Depreciation": 98188000.0,
        "Reconciled Cost Of Revenue": 13723664000.0,
        "EBITDA": 399549000.0,
        "EBIT": 301361000.0,
        "Net Interest Income": -80447000.0,
        "Interest Expense": 80447000.0,
        "Normalized Income": 179086244.8,
        "Net Income From Continuing And Discontinued Operation": 178556000.0,
        "Total Expenses": 14381177000.0,
        "Total Operating Income As Reported": 302879000.0,
        "Diluted Average Shares": 84937000.0,
        "Basic Average Shares": 84510000.0,
        "Diluted EPS": 2.08,
        "Basic EPS": 2.09,
        "Diluted NI Availto Com Stockholders": 176934000.0,
        "Average Dilution Earnings": 7000.0,
        "Net Income Common Stockholders": 176927000.0,
        "Otherunder Preferred Stock Dividend": 1629000.0,
        "Net Income": 178556000.0,
        "Net Income Including Noncontrolling Interests": 178556000.0,
        "Net Income Continuous Operations": 178556000.0,
        "Tax Provision": 42358000.0,
        "Pretax Income": 220914000.0,
        "Other Income Expense": -2174000.0,
        "Other Non Operating Income Expenses": -1518000.0,
        "Special Income Charges": -656000.0,
        "Restructuring And Mergern Acquisition": 656000.0,
        "Net Non Operating Interest Income Expense": -80447000.0,
        "Total Other Finance Cost": NaN,
        "Interest Expense Non Operating": 80447000.0,
        "Operating Income": 303535000.0,
        "Operating Expense": 657513000.0,
        "Selling General And Administration": 657513000.0,
        "Gross Profit": 961048000.0,
        "Cost Of Revenue": 13723664000.0,
        "Total Revenue": 14684712000.0,
        "Operating Revenue": 14684712000.0
    }
}