{
    "2023-03-31": {
        "Tax Effect Of Unusual Items": NaN,
        "Tax Rate For Calcs": NaN,
        "Normalized EBITDA": NaN,
        "Total Unusual Items": NaN,
        "Total Unusual Items Excluding Goodwill": NaN,
        "Net Income From Continuing Operation Net Minority Interest": NaN,
        "Reconciled Depreciation": NaN,
        "Reconciled Cost Of Revenue": NaN,
        "EBITDA": NaN,
        "EBIT": NaN,
        "Net Interest Income": NaN,
        "Interest Expense": NaN,
        "Normalized Income": NaN,
        "Net Income From Continuing And Discontinued Operation": NaN,
        "Total Expenses": NaN,
        "Total Operating Income As Reported": NaN,
        "Diluted Average Shares": NaN,
        "Basic Average Shares": NaN,
        "Diluted EPS": NaN,
        "Basic EPS": NaN,
        "Diluted NI Availto Com Stockholders": NaN,
        "Net Income Common Stockholders": NaN,
        "Net Income": NaN,
        "Minority Interests": NaN,
        "Net Income Including Noncontrolling Interests": NaN,
        "Net Income Continuous Operations": NaN,
        "Tax Provision": NaN,
        "Pretax Income": NaN,
        "Other Income Expense": NaN,
        "Other Non Operating Income Expenses": NaN,
        "Special Income Charges": NaN,
        "Gain On Sale Of Business": 42000000.0,
        "Other Special Charges": NaN,
        "Earnings From Equity Interest": NaN,
        "Net Non Operating Interest Income Expense": NaN,
        "Interest Expense Non Operating": NaN,
        "Operating Income": NaN,
        "Operating Expense": NaN,
        "Other Operating Expenses": NaN,
        "Other Taxes": NaN,
        "Depreciation Amortization Depletion Income Statement": NaN,
        "Depreciation And Amortization In Income Statement": NaN,
        "Gross Profit": NaN,
        "Cost Of Revenue": NaN,
        "Total Revenue": NaN,
        "Operating Revenue": NaN
    },
    "2022-12-31": {
        "Tax Effect Of Unusual Items": NaN,
        "Tax Rate For Calcs": NaN,
        "Normalized EBITDA": NaN,
        "Total Unusual Items": NaN,
        "Total Unusual Items Excluding Goodwill": NaN,
        "Net Income From Continuing Operation Net Minority Interest": NaN,
        "Reconciled Depreciation": NaN,
        "Reconciled Cost Of Revenue": NaN,
        "EBITDA": NaN,
        "EBIT": NaN,
        "Net Interest Income": NaN,
        "Interest Expense": NaN,
        "Normalized Income": NaN,
        "Net Income From Continuing And Discontinued Operation": NaN,
        "Total Expenses": NaN,
        "Total Operating Income As Reported": NaN,
        "Diluted Average Shares": NaN,
        "Basic Average Shares": NaN,
        "Diluted EPS": NaN,
        "Basic EPS": NaN,
        "Diluted NI Availto Com Stockholders": NaN,
        "Net Income Common Stockholders": NaN,
        "Preferred Stock Dividends": 1000000.0,
        "Net Income": NaN,
        "Minority Interests": NaN,
        "Net Income Including Noncontrolling Interests": NaN,
        "Net Income Continuous Operations": NaN,
        "Tax Provision": NaN,
        "Pretax Income": NaN,
        "Other Income Expense": NaN,
        "Other Non Operating Income Expenses": NaN,
        "Special Income Charges": NaN,
        "Gain On Sale Of Business": 4000000.0,
        "Other Special Charges": NaN,
        "Earnings From Equity Interest": NaN,
        "Net Non Operating Interest Income Expense": NaN,
        "Interest Expense Non Operating": NaN,
        "Operating Income": NaN,
        "Operating Expense": NaN,
        "Other Operating Expenses": 201000000.0,
        "Other Taxes": NaN,
        "Depreciation Amortization Depletion Income Statement": NaN,
        "Depreciation And Amortization In Income Statement": NaN,
        "Gross Profit": NaN,
        "Cost Of Revenue": NaN,
        "Total Revenue": NaN,
        "Operating Revenue": NaN
    },
    "2022-09-30": {
        "Tax Effect Of Unusual Items": NaN,
        "Tax Rate For Calcs": NaN,
        "Normalized EBITDA": NaN,
        "Total Unusual Items": NaN,
        "Total Unusual Items Excluding Goodwill": NaN,
        "Net Income From Continuing Operation Net Minority Interest": NaN,
        "Reconciled Depreciation": NaN,
        "Reconciled Cost Of Revenue": NaN,
        "EBITDA": NaN,
        "EBIT": NaN,
        "Net Interest Income": NaN,
        "Interest Expense": NaN,
        "Normalized Income": NaN,
        "Net Income From Continuing And Discontinued Operation": NaN,
        "Total Expenses": NaN,
        "Total Operating Income As Reported": NaN,
        "Diluted Average Shares": NaN,
        "Basic Average Shares": NaN,
        "Diluted EPS": NaN,
        "Basic EPS": NaN,
        "Diluted NI Availto Com Stockholders": NaN,
        "Net Income Common Stockholders": NaN,
        "Preferred Stock Dividends": 3000000.0,
        "Net Income": NaN,
        "Minority Interests": NaN,
        "Net Income Including Noncontrolling Interests": NaN,
        "Net Income Continuous Operations": NaN,
        "Tax Provision": NaN,
        "Pretax Income": NaN,
        "Other Income Expense": NaN,
        "Other Non Operating Income Expenses": NaN,
        "Special Income Charges": NaN,
        "Gain On Sale Of Business": 20000000.0,
        "Other Special Charges": NaN,
        "Earnings From Equity Interest": NaN,
        "Net Non Operating Interest Income Expense": NaN,
        "Interest Expense Non Operating": NaN,
        "Operating Income": NaN,
        "Operating Expense": NaN,
        "Other Operating Expenses": -70000000.0,
        "Other Taxes": NaN,
        "Depreciation Amortization Depletion Income Statement": NaN,
        "Depreciation And Amortization In Income Statement": NaN,
        "Gross Profit": NaN,
        "Cost Of Revenue": NaN,
        "Total Revenue": NaN,
        "Operating Revenue": NaN
    },
    "2022-06-30": {
        "Tax Effect Of Unusual Items": 13748743.718593,
        "Tax Rate For Calcs": 0.218234,
        "Normalized EBITDA": 2824000000.0,
        "Total Unusual Items": 63000000.0,
        "Total Unusual Items Excluding Goodwill": 63000000.0,
        "Net Income From Continuing Operation Net Minority Interest": 1111000000.0,
        "Reconciled Depreciation": 1006000000.0,
        "Reconciled Cost Of Revenue": 4154000000.0,
        "EBITDA": 2887000000.0,
        "EBIT": 1881000000.0,
        "Net Interest Income": -488000000.0,
        "Interest Expense": 488000000.0,
        "Normalized Income": 1061748743.718593,
        "Net Income From Continuing And Discontinued Operation": 1111000000.0,
        "Total Expenses": 5561000000.0,
        "Total Operating Income As Reported": 1655000000.0,
        "Diluted Average Shares": 1072000000.0,
        "Basic Average Shares": 1065000000.0,
        "Diluted EPS": 1.03,
        "Basic EPS": 1.04,
        "Diluted NI Availto Com Stockholders": 1107000000.0,
        "Net Income Common Stockholders": 1107000000.0,
        "Preferred Stock Dividends": 4000000.0,
        "Net Income": 1111000000.0,
        "Minority Interests": 22000000.0,
        "Net Income Including Noncontrolling Interests": 1089000000.0,
        "Net Income Continuous Operations": 1089000000.0,
        "Tax Provision": 304000000.0,
        "Pretax Income": 1393000000.0,
        "Other Income Expense": 236000000.0,
        "Other Non Operating Income Expenses": 139000000.0,
        "Special Income Charges": 63000000.0,
        "Gain On Sale Of Business": 10000000.0,
        "Other Special Charges": -53000000.0,
        "Write Off": NaN,
        "Earnings From Equity Interest": 34000000.0,
        "Net Non Operating Interest Income Expense": -488000000.0,
        "Interest Expense Non Operating": 488000000.0,
        "Operating Income": 1645000000.0,
        "Operating Expense": 1314000000.0,
        "Other Operating Expenses": 52000000.0,
        "Other Taxes": 349000000.0,
        "Depreciation Amortization Depletion Income Statement": 913000000.0,
        "Depreciation And Amortization In Income Statement": 913000000.0,
        "Gross Profit": 2959000000.0,
        "Cost Of Revenue": 4247000000.0,
        "Total Revenue": 7206000000.0,
        "Operating Revenue": 7001000000.0
    },
    "2023-06-30": {
        "Tax Effect Of Unusual Items": NaN,
        "Tax Rate For Calcs": NaN,
        "Normalized EBITDA": NaN,
        "Total Unusual Items": NaN,
        "Total Unusual Items Excluding Goodwill": NaN,
        "Net Income From Continuing Operation Net Minority Interest": NaN,
        "Reconciled Depreciation": NaN,
        "Reconciled Cost Of Revenue": NaN,
        "EBITDA": NaN,
        "EBIT": NaN,
        "Net Interest Income": NaN,
        "Interest Expense": NaN,
        "Normalized Income": NaN,
        "Net Income From Continuing And Discontinued Operation": NaN,
        "Total Expenses": NaN,
        "Total Operating Income As Reported": NaN,
        "Diluted Average Shares": 1098000000.0,
        "Basic Average Shares": 1092000000.0,
        "Diluted EPS": 0.76,
        "Basic EPS": 0.77,
        "Diluted NI Availto Com Stockholders": NaN,
        "Net Income Common Stockholders": NaN,
        "Net Income": NaN,
        "Minority Interests": NaN,
        "Net Income Including Noncontrolling Interests": NaN,
        "Net Income Continuous Operations": NaN,
        "Tax Provision": NaN,
        "Pretax Income": NaN,
        "Other Income Expense": NaN,
        "Other Non Operating Income Expenses": NaN,
        "Special Income Charges": NaN,
        "Gain On Sale Of Business": NaN,
        "Other Special Charges": NaN,
        "Earnings From Equity Interest": NaN,
        "Net Non Operating Interest Income Expense": NaN,
        "Interest Expense Non Operating": NaN,
        "Operating Income": NaN,
        "Operating Expense": NaN,
        "Other Operating Expenses": NaN,
        "Other Taxes": NaN,
        "Depreciation Amortization Depletion Income Statement": NaN,
        "Depreciation And Amortization In Income Statement": NaN,
        "Gross Profit": NaN,
        "Cost Of Revenue": NaN,
        "Total Revenue": NaN,
        "Operating Revenue": NaN
    },
    "2023-09-30": {
        "Tax Effect Of Unusual Items": 11337189.126663,
        "Tax Rate For Calcs": 0.171776,
        "Normalized EBITDA": 3546000000.0,
        "Total Unusual Items": 66000000.0,
        "Total Unusual Items Excluding Goodwill": 66000000.0,
        "Net Income From Continuing Operation Net Minority Interest": 1422000000.0,
        "Reconciled Depreciation": 1263000000.0,
        "Reconciled Cost Of Revenue": 3106000000.0,
        "EBITDA": 3612000000.0,
        "EBIT": 2349000000.0,
        "Net Interest Income": -620000000.0,
        "Interest Expense": 620000000.0,
        "Normalized Income": 1367337189.126663,
        "Net Income From Continuing And Discontinued Operation": 1422000000.0,
        "Total Expenses": 4870000000.0,
        "Total Operating Income As Reported": 2110000000.0,
        "Diluted Average Shares": 1099000000.0,
        "Basic Average Shares": 1092000000.0,
        "Diluted EPS": 1.29,
        "Basic EPS": 1.3,
        "Diluted NI Availto Com Stockholders": 1422000000.0,
        "Net Income Common Stockholders": 1422000000.0,
        "Net Income": 1422000000.0,
        "Minority Interests": -10000000.0,
        "Net Income Including Noncontrolling Interests": 1432000000.0,
        "Net Income Continuous Operations": 1432000000.0,
        "Tax Provision": 297000000.0,
        "Pretax Income": 1729000000.0,
        "Other Income Expense": 239000000.0,
        "Other Non Operating Income Expenses": 141000000.0,
        "Special Income Charges": 66000000.0,
        "Gain On Sale Of Business": NaN,
        "Other Special Charges": -66000000.0,
        "Earnings From Equity Interest": 32000000.0,
        "Net Non Operating Interest Income Expense": -620000000.0,
        "Interest Expense Non Operating": 620000000.0,
        "Operating Income": 2110000000.0,
        "Operating Expense": 1644000000.0,
        "Other Operating Expenses": 160000000.0,
        "Other Taxes": 341000000.0,
        "Depreciation Amortization Depletion Income Statement": 1143000000.0,
        "Depreciation And Amortization In Income Statement": 1143000000.0,
        "Gross Profit": 3754000000.0,
        "Cost Of Revenue": 3226000000.0,
        "Total Revenue": 6980000000.0,
        "Operating Revenue": 6758000000.0
    },
    "2023-12-31": {
        "Tax Effect Of Unusual Items": 340000.0,
        "Tax Rate For Calcs": 0.005,
        "Normalized EBITDA": 2653000000.0,
        "Total Unusual Items": 68000000.0,
        "Total Unusual Items Excluding Goodwill": 68000000.0,
        "Net Income From Continuing Operation Net Minority Interest": 855000000.0,
        "Reconciled Depreciation": 1287000000.0,
        "Reconciled Cost Of Revenue": 3430000000.0,
        "EBITDA": 2721000000.0,
        "EBIT": 1434000000.0,
        "Net Interest Income": -634000000.0,
        "Interest Expense": 634000000.0,
        "Normalized Income": 787340000.0,
        "Net Income From Continuing And Discontinued Operation": 855000000.0,
        "Total Expenses": 4838000000.0,
        "Total Operating Income As Reported": 1207000000.0,
        "Diluted Average Shares": NaN,
        "Basic Average Shares": NaN,
        "Diluted EPS": NaN,
        "Basic EPS": NaN,
        "Diluted NI Availto Com Stockholders": 855000000.0,
        "Net Income Common Stockholders": 855000000.0,
        "Net Income": 855000000.0,
        "Minority Interests": 59000000.0,
        "Net Income Including Noncontrolling Interests": 796000000.0,
        "Net Income Continuous Operations": 796000000.0,
        "Tax Provision": 4000000.0,
        "Pretax Income": 800000000.0,
        "Other Income Expense": 227000000.0,
        "Other Non Operating Income Expenses": 125000000.0,
        "Special Income Charges": 68000000.0,
        "Gain On Sale Of Business": NaN,
        "Other Special Charges": -68000000.0,
        "Earnings From Equity Interest": 34000000.0,
        "Net Non Operating Interest Income Expense": -634000000.0,
        "Interest Expense Non Operating": 634000000.0,
        "Operating Income": 1207000000.0,
        "Operating Expense": 1281000000.0,
        "Other Operating Expenses": -228000000.0,
        "Other Taxes": 349000000.0,
        "Depreciation Amortization Depletion Income Statement": 1160000000.0,
        "Depreciation And Amortization In Income Statement": 1160000000.0,
        "Gross Profit": 2488000000.0,
        "Cost Of Revenue": 3557000000.0,
        "Total Revenue": 6045000000.0,
        "Operating Revenue": 5758000000.0
    },
    "2024-03-31": {
        "Tax Effect Of Unusual Items": 9995363.214838,
        "Tax Rate For Calcs": 0.172334,
        "Normalized EBITDA": 3162000000.0,
        "Total Unusual Items": 58000000.0,
        "Total Unusual Items Excluding Goodwill": 58000000.0,
        "Net Income From Continuing Operation Net Minority Interest": 1129000000.0,
        "Reconciled Depreciation": 1261000000.0,
        "Reconciled Cost Of Revenue": 3286000000.0,
        "EBITDA": 3220000000.0,
        "EBIT": 1959000000.0,
        "Net Interest Income": -665000000.0,
        "Interest Expense": 665000000.0,
        "Normalized Income": 1080995363.214838,
        "Net Income From Continuing And Discontinued Operation": 1129000000.0,
        "Total Expenses": 4943000000.0,
        "Total Operating Income As Reported": 1703000000.0,
        "Diluted Average Shares": 1100000000.0,
        "Basic Average Shares": 1094000000.0,
        "Diluted EPS": 1.03,
        "Basic EPS": 1.03,
        "Diluted NI Availto Com Stockholders": 1129000000.0,
        "Net Income Common Stockholders": 1129000000.0,
        "Net Income": 1129000000.0,
        "Minority Interests": 58000000.0,
        "Net Income Including Noncontrolling Interests": 1071000000.0,
        "Net Income Continuous Operations": 1071000000.0,
        "Tax Provision": 223000000.0,
        "Pretax Income": 1294000000.0,
        "Other Income Expense": 256000000.0,
        "Other Non Operating Income Expenses": 153000000.0,
        "Special Income Charges": 58000000.0,
        "Gain On Sale Of Business": NaN,
        "Other Special Charges": -58000000.0,
        "Earnings From Equity Interest": 45000000.0,
        "Net Non Operating Interest Income Expense": -665000000.0,
        "Interest Expense Non Operating": 665000000.0,
        "Operating Income": 1703000000.0,
        "Operating Expense": 1541000000.0,
        "Other Operating Expenses": NaN,
        "Other Taxes": 396000000.0,
        "Depreciation Amortization Depletion Income Statement": 1145000000.0,
        "Depreciation And Amortization In Income Statement": 1145000000.0,
        "Gross Profit": 3244000000.0,
        "Cost Of Revenue": 3402000000.0,
        "Total Revenue": 6646000000.0,
        "Operating Revenue": 6418000000.0
    },
    "2024-06-30": {
        "Tax Effect Of Unusual Items": 10006765.899865,
        "Tax Rate For Calcs": 0.196211,
        "Normalized EBITDA": 3432000000.0,
        "Total Unusual Items": 51000000.0,
        "Total Unusual Items Excluding Goodwill": 51000000.0,
        "Net Income From Continuing Operation Net Minority Interest": 1203000000.0,
        "Reconciled Depreciation": 1311000000.0,
        "Reconciled Cost Of Revenue": 2850000000.0,
        "EBITDA": 3483000000.0,
        "EBIT": 2172000000.0,
        "Net Interest Income": -694000000.0,
        "Interest Expense": 694000000.0,
        "Normalized Income": 1162006765.899865,
        "Net Income From Continuing And Discontinued Operation": 1203000000.0,
        "Total Expenses": 4524000000.0,
        "Total Operating Income As Reported": 1939000000.0,
        "Diluted Average Shares": 1102000000.0,
        "Basic Average Shares": 1096000000.0,
        "Diluted EPS": 1.09,
        "Basic EPS": 1.1,
        "Diluted NI Availto Com Stockholders": 1203000000.0,
        "Net Income Common Stockholders": 1203000000.0,
        "Net Income": 1203000000.0,
        "Minority Interests": 15000000.0,
        "Net Income Including Noncontrolling Interests": 1188000000.0,
        "Net Income Continuous Operations": 1188000000.0,
        "Tax Provision": 290000000.0,
        "Pretax Income": 1478000000.0,
        "Other Income Expense": 233000000.0,
        "Other Non Operating Income Expenses": 151000000.0,
        "Special Income Charges": 51000000.0,
        "Gain On Sale Of Business": NaN,
        "Other Special Charges": -51000000.0,
        "Earnings From Equity Interest": 31000000.0,
        "Net Non Operating Interest Income Expense": -694000000.0,
        "Interest Expense Non Operating": 694000000.0,
        "Operating Income": 1939000000.0,
        "Operating Expense": 1545000000.0,
        "Other Operating Expenses": -21000000.0,
        "Other Taxes": 384000000.0,
        "Depreciation Amortization Depletion Income Statement": 1182000000.0,
        "Depreciation And Amortization In Income Statement": 1182000000.0,
        "Gross Profit": 3484000000.0,
        "Cost Of Revenue": 2979000000.0,
        "Total Revenue": 6463000000.0,
        "Operating Revenue": 6154000000.0
    },
    "2024-09-30": {
        "Tax Effect Of Unusual Items": 11436192.468619,
        "Tax Rate For Calcs": 0.197176,
        "Normalized EBITDA": 3890000000.0,
        "Total Unusual Items": 58000000.0,
        "Total Unusual Items Excluding Goodwill": 58000000.0,
        "Net Income From Continuing Operation Net Minority Interest": 1535000000.0,
        "Reconciled Depreciation": 1344000000.0,
        "Reconciled Cost Of Revenue": 3187000000.0,
        "EBITDA": 3948000000.0,
        "EBIT": 2604000000.0,
        "Net Interest Income": -692000000.0,
        "Interest Expense": 692000000.0,
        "Normalized Income": 1488436192.468619,
        "Net Income From Continuing And Discontinued Operation": 1535000000.0,
        "Total Expenses": 4906000000.0,
        "Total Operating Income As Reported": 2368000000.0,
        "Diluted Average Shares": 1103000000.0,
        "Basic Average Shares": 1097000000.0,
        "Diluted EPS": 1.39,
        "Basic EPS": 1.4,
        "Diluted NI Availto Com Stockholders": 1535000000.0,
        "Net Income Common Stockholders": 1535000000.0,
        "Net Income": 1535000000.0,
        "Minority Interests": 0.0,
        "Net Income Including Noncontrolling Interests": 1535000000.0,
        "Net Income Continuous Operations": 1535000000.0,
        "Tax Provision": 377000000.0,
        "Pretax Income": 1912000000.0,
        "Other Income Expense": 236000000.0,
        "Other Non Operating Income Expenses": 147000000.0,
        "Special Income Charges": 58000000.0,
        "Gain On Sale Of Business": NaN,
        "Other Special Charges": -58000000.0,
        "Earnings From Equity Interest": 31000000.0,
        "Net Non Operating Interest Income Expense": -692000000.0,
        "Interest Expense Non Operating": 692000000.0,
        "Operating Income": 2368000000.0,
        "Operating Expense": 1585000000.0,
        "Other Operating Expenses": NaN,
        "Other Taxes": 375000000.0,
        "Depreciation Amortization Depletion Income Statement": 1210000000.0,
        "Depreciation And Amortization In Income Statement": 1210000000.0,
        "Gross Profit": 3953000000.0,
        "Cost Of Revenue": 3321000000.0,
        "Total Revenue": 7274000000.0,
        "Operating Revenue": 6991000000.0
    }
}