{
    "2023-03-31": {
        "Tax Effect Of Unusual Items": 10496628.0,
        "Tax Rate For Calcs": 0.243,
        "Normalized EBITDA": 266493000.0,
        "Total Unusual Items": 43196000.0,
        "Total Unusual Items Excluding Goodwill": 43196000.0,
        "Net Income From Continuing Operation Net Minority Interest": 148319000.0,
        "Reconciled Depreciation": 82137000.0,
        "Reconciled Cost Of Revenue": 1355355000.0,
        "EBITDA": 309689000.0,
        "EBIT": 227552000.0,
        "Net Interest Income": -32670000.0,
        "Interest Expense": 34232000.0,
        "Interest Income": 1562000.0,
        "Normalized Income": 115619628.0,
        "Net Income From Continuing And Discontinued Operation": 148319000.0,
        "Total Expenses": 1543331000.0,
        "Total Operating Income As Reported": 229648000.0,
        "Diluted Average Shares": 98615000.0,
        "Basic Average Shares": 98167000.0,
        "Diluted EPS": 1.5,
        "Basic EPS": 1.51,
        "Diluted NI Availto Com Stockholders": 148319000.0,
        "Net Income Common Stockholders": 148319000.0,
        "Net Income": 148319000.0,
        "Minority Interests": 55000.0,
        "Net Income Including Noncontrolling Interests": 148264000.0,
        "Net Income Continuous Operations": 148264000.0,
        "Earnings From Equity Interest Net Of Tax": 1856000.0,
        "Tax Provision": 46912000.0,
        "Pretax Income": 193320000.0,
        "Other Income Expense": 39538000.0,
        "Other Non Operating Income Expenses": -3658000.0,
        "Special Income Charges": 43196000.0,
        "Gain On Sale Of Business": 72010000.0,
        "Write Off": 19193000.0,
        "Restructuring And Mergern Acquisition": 9621000.0,
        "Net Non Operating Interest Income Expense": -32670000.0,
        "Interest Expense Non Operating": 34232000.0,
        "Interest Income Non Operating": 1562000.0,
        "Operating Income": 186452000.0,
        "Operating Expense": 187976000.0,
        "Selling General And Administration": 187976000.0,
        "Gross Profit": 374428000.0,
        "Cost Of Revenue": 1355355000.0,
        "Total Revenue": 1729783000.0,
        "Operating Revenue": 1729783000.0
    },
    "2022-12-31": {
        "Tax Effect Of Unusual Items": -256784.659181,
        "Tax Rate For Calcs": 0.018947,
        "Normalized EBITDA": 216547000.0,
        "Total Unusual Items": -13553000.0,
        "Total Unusual Items Excluding Goodwill": -13553000.0,
        "Net Income From Continuing Operation Net Minority Interest": 97203000.0,
        "Reconciled Depreciation": 77729000.0,
        "Reconciled Cost Of Revenue": 1362085000.0,
        "EBITDA": 202994000.0,
        "EBIT": 125265000.0,
        "Net Interest Income": -29249000.0,
        "Interest Expense": 30420000.0,
        "Interest Income": 1171000.0,
        "Normalized Income": 110499215.340819,
        "Net Income From Continuing And Discontinued Operation": 97203000.0,
        "Total Expenses": 1535553000.0,
        "Total Operating Income As Reported": 126916000.0,
        "Diluted Average Shares": 98922000.0,
        "Basic Average Shares": 97645000.0,
        "Diluted EPS": 0.98,
        "Basic EPS": 0.995484,
        "Diluted NI Availto Com Stockholders": 97203000.0,
        "Net Income Common Stockholders": 97203000.0,
        "Net Income": 97203000.0,
        "Minority Interests": 99000.0,
        "Net Income Including Noncontrolling Interests": 97104000.0,
        "Net Income Continuous Operations": 97104000.0,
        "Earnings From Equity Interest Net Of Tax": 4056000.0,
        "Tax Provision": 1797000.0,
        "Pretax Income": 94845000.0,
        "Other Income Expense": -16375000.0,
        "Other Non Operating Income Expenses": -2822000.0,
        "Special Income Charges": -13553000.0,
        "Gain On Sale Of Business": 0.0,
        "Write Off": 0.0,
        "Restructuring And Mergern Acquisition": 13553000.0,
        "Net Non Operating Interest Income Expense": -29249000.0,
        "Interest Expense Non Operating": 30420000.0,
        "Interest Income Non Operating": 1171000.0,
        "Operating Income": 140469000.0,
        "Operating Expense": 173468000.0,
        "Selling General And Administration": 173468000.0,
        "Gross Profit": 313937000.0,
        "Cost Of Revenue": 1362085000.0,
        "Total Revenue": 1676022000.0,
        "Operating Revenue": 1676022000.0
    },
    "2022-09-30": {
        "Tax Effect Of Unusual Items": -4894524.0,
        "Tax Rate For Calcs": 0.237,
        "Normalized EBITDA": 286488000.0,
        "Total Unusual Items": -20652000.0,
        "Total Unusual Items Excluding Goodwill": -20652000.0,
        "Net Income From Continuing Operation Net Minority Interest": 122229000.0,
        "Reconciled Depreciation": 85143000.0,
        "Reconciled Cost Of Revenue": 1523070000.0,
        "EBITDA": 265836000.0,
        "EBIT": 180693000.0,
        "Net Interest Income": -25566000.0,
        "Interest Expense": 25566000.0,
        "Interest Income": 1148000.0,
        "Normalized Income": 137986476.0,
        "Net Income From Continuing And Discontinued Operation": 122229000.0,
        "Total Expenses": 1687622000.0,
        "Total Operating Income As Reported": 181942000.0,
        "Diluted Average Shares": 98762000.0,
        "Basic Average Shares": 98013000.0,
        "Diluted EPS": 1.24,
        "Basic EPS": 1.25,
        "Diluted NI Availto Com Stockholders": 122229000.0,
        "Net Income Common Stockholders": 122229000.0,
        "Net Income": 122229000.0,
        "Minority Interests": -273000.0,
        "Net Income Including Noncontrolling Interests": 122502000.0,
        "Net Income Continuous Operations": 122502000.0,
        "Earnings From Equity Interest Net Of Tax": 4199000.0,
        "Tax Provision": 36824000.0,
        "Pretax Income": 155127000.0,
        "Other Income Expense": -21901000.0,
        "Other Non Operating Income Expenses": -1249000.0,
        "Special Income Charges": -20652000.0,
        "Gain On Sale Of Business": 0.0,
        "Write Off": 0.0,
        "Restructuring And Mergern Acquisition": 20652000.0,
        "Net Non Operating Interest Income Expense": -25566000.0,
        "Interest Expense Non Operating": 25566000.0,
        "Interest Income Non Operating": 1148000.0,
        "Operating Income": 202594000.0,
        "Operating Expense": 164552000.0,
        "Selling General And Administration": 164552000.0,
        "Gross Profit": 367146000.0,
        "Cost Of Revenue": 1523070000.0,
        "Total Revenue": 1890216000.0,
        "Operating Revenue": 1890216000.0
    },
    "2022-06-30": {
        "Tax Effect Of Unusual Items": -2725254.0,
        "Tax Rate For Calcs": 0.258,
        "Normalized EBITDA": 281712000.0,
        "Total Unusual Items": -10563000.0,
        "Total Unusual Items Excluding Goodwill": -10563000.0,
        "Net Income From Continuing Operation Net Minority Interest": 131672000.0,
        "Reconciled Depreciation": 75350000.0,
        "Reconciled Cost Of Revenue": 1526331000.0,
        "EBITDA": 271149000.0,
        "EBIT": 195799000.0,
        "Net Interest Income": -23161000.0,
        "Interest Expense": 23161000.0,
        "Interest Income": 786000.0,
        "Normalized Income": 139509746.0,
        "Net Income From Continuing And Discontinued Operation": 131672000.0,
        "Total Expenses": 1705293000.0,
        "Total Operating Income As Reported": 197476000.0,
        "Diluted Average Shares": 98686000.0,
        "Basic Average Shares": 97999000.0,
        "Diluted EPS": 1.33,
        "Basic EPS": 1.34,
        "Diluted NI Availto Com Stockholders": 131672000.0,
        "Net Income Common Stockholders": 131672000.0,
        "Net Income": 131672000.0,
        "Minority Interests": -95000.0,
        "Net Income Including Noncontrolling Interests": 131767000.0,
        "Net Income Continuous Operations": 131767000.0,
        "Earnings From Equity Interest Net Of Tax": 3728000.0,
        "Tax Provision": 44599000.0,
        "Pretax Income": 172638000.0,
        "Other Income Expense": -12240000.0,
        "Other Non Operating Income Expenses": -1677000.0,
        "Special Income Charges": -10563000.0,
        "Gain On Sale Of Business": 0.0,
        "Write Off": 3706000.0,
        "Restructuring And Mergern Acquisition": 10563000.0,
        "Net Non Operating Interest Income Expense": -23161000.0,
        "Interest Expense Non Operating": 23161000.0,
        "Interest Income Non Operating": 786000.0,
        "Operating Income": 208039000.0,
        "Operating Expense": 178962000.0,
        "Selling General And Administration": 178962000.0,
        "Gross Profit": 387001000.0,
        "Cost Of Revenue": 1526331000.0,
        "Total Revenue": 1913332000.0,
        "Operating Revenue": 1913332000.0
    },
    "2023-06-30": {
        "Tax Effect Of Unusual Items": NaN,
        "Tax Rate For Calcs": NaN,
        "Normalized EBITDA": NaN,
        "Total Unusual Items": NaN,
        "Total Unusual Items Excluding Goodwill": NaN,
        "Net Income From Continuing Operation Net Minority Interest": NaN,
        "Reconciled Depreciation": NaN,
        "Reconciled Cost Of Revenue": NaN,
        "EBITDA": NaN,
        "EBIT": NaN,
        "Net Interest Income": NaN,
        "Interest Expense": NaN,
        "Interest Income": NaN,
        "Normalized Income": NaN,
        "Net Income From Continuing And Discontinued Operation": NaN,
        "Total Expenses": NaN,
        "Total Operating Income As Reported": NaN,
        "Diluted Average Shares": NaN,
        "Basic Average Shares": NaN,
        "Diluted EPS": NaN,
        "Basic EPS": NaN,
        "Diluted NI Availto Com Stockholders": NaN,
        "Net Income Common Stockholders": NaN,
        "Net Income": NaN,
        "Minority Interests": NaN,
        "Net Income Including Noncontrolling Interests": NaN,
        "Net Income Continuous Operations": NaN,
        "Earnings From Equity Interest Net Of Tax": NaN,
        "Tax Provision": NaN,
        "Pretax Income": NaN,
        "Other Income Expense": NaN,
        "Other Non Operating Income Expenses": NaN,
        "Special Income Charges": NaN,
        "Gain On Sale Of Business": NaN,
        "Write Off": NaN,
        "Restructuring And Mergern Acquisition": NaN,
        "Net Non Operating Interest Income Expense": NaN,
        "Interest Expense Non Operating": NaN,
        "Interest Income Non Operating": NaN,
        "Operating Income": NaN,
        "Operating Expense": NaN,
        "Selling General And Administration": NaN,
        "General And Administrative Expense": NaN,
        "Other Gand A": NaN,
        "Salaries And Wages": 3342000.0,
        "Gross Profit": NaN,
        "Cost Of Revenue": NaN,
        "Total Revenue": NaN,
        "Operating Revenue": NaN
    },
    "2022-03-31": {
        "Diluted EPS": 1.17,
        "Total Revenue": NaN,
        "Gross Profit": 372,
        "Operating Income": 169,
        "EBIT": 242,
        "Net Income": 115
    },
    "2021-12-31": {
        "Diluted EPS": 0.65,
        "Total Revenue": NaN,
        "Gross Profit": 264,
        "Operating Income": 105,
        "EBIT": 164,
        "Net Income": 65
    },
    "2021-09-30": {
        "Diluted EPS": 1.12,
        "Total Revenue": NaN,
        "Gross Profit": 258,
        "Operating Income": 127,
        "EBIT": 190,
        "Net Income": 111
    },
    "2021-06-30": {
        "Diluted EPS": -3.34,
        "Total Revenue": NaN,
        "Gross Profit": 263,
        "Operating Income": 135,
        "EBIT": 195,
        "Net Income": -334
    },
    "2021-03-31": {
        "Diluted EPS": 0.71,
        "Total Revenue": NaN,
        "Gross Profit": 278,
        "Operating Income": 120,
        "EBIT": 182,
        "Net Income": 72
    },
    "2020-12-31": {
        "Diluted EPS": -0.12,
        "Total Revenue": NaN,
        "Gross Profit": 275,
        "Operating Income": 17,
        "EBIT": 92,
        "Net Income": -12
    },
    "2020-09-30": {
        "Diluted EPS": 0.82,
        "Total Revenue": NaN,
        "Gross Profit": 257,
        "Operating Income": 107,
        "EBIT": 170,
        "Net Income": 83
    },
    "2020-06-30": {
        "Diluted EPS": 0.55,
        "Total Revenue": NaN,
        "Gross Profit": 248,
        "Operating Income": 104,
        "EBIT": 166,
        "Net Income": 55
    },
    "2020-03-31": {
        "Diluted EPS": 0.8,
        "Total Revenue": NaN,
        "Gross Profit": 267,
        "Operating Income": 130,
        "EBIT": 191,
        "Net Income": 80
    },
    "2019-12-31": {
        "Diluted EPS": 0.44,
        "Total Revenue": NaN,
        "Gross Profit": 247,
        "Operating Income": 82,
        "EBIT": 148,
        "Net Income": 45
    },
    "2019-09-30": {
        "Diluted EPS": 0.91,
        "Total Revenue": NaN,
        "Gross Profit": 265,
        "Operating Income": 139,
        "EBIT": 195,
        "Net Income": 92
    },
    "2019-06-30": {
        "Diluted EPS": 0.8,
        "Total Revenue": NaN,
        "Gross Profit": 275,
        "Operating Income": 130,
        "EBIT": 188,
        "Net Income": 81
    },
    "2019-03-31": {
        "Diluted EPS": 0.73,
        "Total Revenue": NaN,
        "Gross Profit": 270,
        "Operating Income": 117,
        "EBIT": 176,
        "Net Income": 74
    },
    "2018-12-31": {
        "Diluted EPS": 0.77,
        "Total Revenue": NaN,
        "Gross Profit": 254,
        "Operating Income": 94,
        "EBIT": 153,
        "Net Income": 78
    },
    "2018-09-30": {
        "Diluted EPS": 0.72,
        "Total Revenue": NaN,
        "Gross Profit": 260,
        "Operating Income": 102,
        "EBIT": 158,
        "Net Income": 72
    },
    "2018-06-30": {
        "Diluted EPS": 0.88,
        "Total Revenue": NaN,
        "Gross Profit": 276,
        "Operating Income": 132,
        "EBIT": 194,
        "Net Income": 89
    },
    "2018-03-31": {
        "Diluted EPS": 0.73,
        "Total Revenue": NaN,
        "Gross Profit": 251,
        "Operating Income": 110,
        "EBIT": 168,
        "Net Income": 74
    },
    "2017-12-31": {
        "Diluted EPS": 0.06,
        "Total Revenue": NaN,
        "Gross Profit": 244,
        "Operating Income": 90,
        "EBIT": 149,
        "Net Income": 6
    },
    "2017-09-30": {
        "Diluted EPS": 0.72,
        "Total Revenue": NaN,
        "Gross Profit": 253,
        "Operating Income": 123,
        "EBIT": 179,
        "Net Income": 73
    },
    "2017-06-30": {
        "Diluted EPS": 0.43,
        "Total Revenue": NaN,
        "Gross Profit": 238,
        "Operating Income": 105,
        "EBIT": 160,
        "Net Income": 43
    },
    "2017-03-31": {
        "Diluted EPS": 0.53,
        "Total Revenue": NaN,
        "Gross Profit": 223,
        "Operating Income": 94,
        "EBIT": 143,
        "Net Income": 54
    },
    "2016-12-31": {
        "Diluted EPS": 1.03,
        "Total Revenue": NaN,
        "Gross Profit": 224,
        "Operating Income": 102,
        "EBIT": 150,
        "Net Income": 105
    },
    "2016-09-30": {
        "Diluted EPS": 0.64,
        "Total Revenue": NaN,
        "Gross Profit": 235,
        "Operating Income": 105,
        "EBIT": 156,
        "Net Income": 65
    },
    "2016-06-30": {
        "Diluted EPS": 0.55,
        "Total Revenue": NaN,
        "Gross Profit": 242,
        "Operating Income": 92,
        "EBIT": 144,
        "Net Income": 56
    },
    "2016-03-31": {
        "Diluted EPS": 0.59,
        "Total Revenue": NaN,
        "Gross Profit": 245,
        "Operating Income": 102,
        "EBIT": 155,
        "Net Income": 60
    },
    "2015-12-31": {
        "Diluted EPS": 0.54,
        "Total Revenue": NaN,
        "Gross Profit": 239,
        "Operating Income": 80,
        "EBIT": 136,
        "Net Income": 56
    },
    "2015-09-30": {
        "Diluted EPS": 0.43,
        "Total Revenue": NaN,
        "Gross Profit": 229,
        "Operating Income": 79,
        "EBIT": 133,
        "Net Income": 44
    },
    "2015-06-30": {
        "Diluted EPS": 0.63,
        "Total Revenue": NaN,
        "Gross Profit": 240,
        "Operating Income": 99,
        "EBIT": 151,
        "Net Income": 64
    },
    "2015-03-31": {
        "Diluted EPS": 0.84,
        "Total Revenue": NaN,
        "Gross Profit": 220,
        "Operating Income": 124,
        "EBIT": 176,
        "Net Income": 86
    },
    "2014-12-31": {
        "Diluted EPS": 0.48,
        "Total Revenue": NaN,
        "Gross Profit": 247,
        "Operating Income": 89,
        "EBIT": 143,
        "Net Income": 49
    },
    "2014-09-30": {
        "Diluted EPS": 0.65,
        "Total Revenue": NaN,
        "Gross Profit": 222,
        "Operating Income": 106,
        "EBIT": 155,
        "Net Income": 67
    },
    "2014-06-30": {
        "Diluted EPS": 0.57,
        "Total Revenue": NaN,
        "Gross Profit": 229,
        "Operating Income": 99,
        "EBIT": 147,
        "Net Income": 59
    },
    "2014-03-31": {
        "Diluted EPS": 0.49,
        "Total Revenue": NaN,
        "Gross Profit": 210,
        "Operating Income": 84,
        "EBIT": 131,
        "Net Income": 50
    },
    "2013-12-31": {
        "Diluted EPS": 0.44,
        "Total Revenue": NaN,
        "Gross Profit": 209,
        "Operating Income": 76,
        "EBIT": 128,
        "Net Income": 45
    },
    "2013-09-30": {
        "Diluted EPS": 0.59,
        "Total Revenue": NaN,
        "Gross Profit": 224,
        "Operating Income": 100,
        "EBIT": 148,
        "Net Income": 61
    },
    "2013-06-30": {
        "Diluted EPS": 0.53,
        "Total Revenue": NaN,
        "Gross Profit": 223,
        "Operating Income": 92,
        "EBIT": 143,
        "Net Income": 55
    },
    "2013-03-31": {
        "Diluted EPS": 0.47,
        "Total Revenue": NaN,
        "Gross Profit": 206,
        "Operating Income": 81,
        "EBIT": 129,
        "Net Income": 48
    },
    "2012-12-31": {
        "Diluted EPS": 0.41,
        "Total Revenue": NaN,
        "Gross Profit": 200,
        "Operating Income": 79,
        "EBIT": 130,
        "Net Income": 42
    },
    "2012-09-30": {
        "Diluted EPS": 0.57,
        "Total Revenue": NaN,
        "Gross Profit": 206,
        "Operating Income": 96,
        "EBIT": 144,
        "Net Income": 59
    },
    "2012-06-30": {
        "Diluted EPS": 0.5,
        "Total Revenue": NaN,
        "Gross Profit": 217,
        "Operating Income": 89,
        "EBIT": 138,
        "Net Income": 51
    },
    "2012-03-31": {
        "Diluted EPS": 0.42,
        "Total Revenue": NaN,
        "Gross Profit": 217,
        "Operating Income": 79,
        "EBIT": 130,
        "Net Income": 43
    },
    "2011-12-31": {
        "Diluted EPS": 0.29,
        "Total Revenue": NaN,
        "Gross Profit": 185,
        "Operating Income": 66,
        "EBIT": 114,
        "Net Income": 30
    },
    "2011-09-30": {
        "Diluted EPS": 0.76,
        "Total Revenue": NaN,
        "Gross Profit": 187,
        "Operating Income": 85,
        "EBIT": 129,
        "Net Income": 77
    },
    "2011-06-30": {
        "Diluted EPS": 0.52,
        "Total Revenue": NaN,
        "Gross Profit": 191,
        "Operating Income": 82,
        "EBIT": 126,
        "Net Income": 53
    },
    "2011-03-31": {
        "Diluted EPS": 0.56,
        "Total Revenue": NaN,
        "Gross Profit": 194,
        "Operating Income": 90,
        "EBIT": 134,
        "Net Income": 57
    },
    "2010-12-31": {
        "Diluted EPS": 0.33,
        "Total Revenue": NaN,
        "Gross Profit": 200,
        "Operating Income": 87,
        "EBIT": 133,
        "Net Income": 35
    },
    "2010-09-30": {
        "Diluted EPS": 0.57,
        "Total Revenue": NaN,
        "Gross Profit": 200,
        "Operating Income": 85,
        "EBIT": 128,
        "Net Income": 59
    },
    "2010-06-30": {
        "Diluted EPS": 0.58,
        "Total Revenue": NaN,
        "Gross Profit": 193,
        "Operating Income": 90,
        "EBIT": 131,
        "Net Income": 59
    },
    "2010-03-31": {
        "Diluted EPS": 0.48,
        "Total Revenue": 935,
        "Gross Profit": 176,
        "Operating Income": 76,
        "EBIT": 116,
        "Net Income": 49
    },
    "2009-12-31": {
        "Diluted EPS": 0.47,
        "Total Revenue": NaN,
        "Gross Profit": 194,
        "Operating Income": 76,
        "EBIT": 121,
        "Net Income": 47
    },
    "2009-09-30": {
        "Diluted EPS": 0.47,
        "Total Revenue": 931,
        "Gross Profit": 173,
        "Operating Income": 75,
        "EBIT": 119,
        "Net Income": 48
    },
    "2009-06-30": {
        "Diluted EPS": 0.33,
        "Total Revenue": 864,
        "Gross Profit": 158,
        "Operating Income": 57,
        "EBIT": 100,
        "Net Income": 34
    },
    "2009-03-31": {
        "Diluted EPS": 0.23,
        "Total Revenue": 801,
        "Gross Profit": 141,
        "Operating Income": 45,
        "EBIT": 86,
        "Net Income": 23
    },
    "2023-09-30": {
        "Tax Effect Of Unusual Items": -4400692.0,
        "Tax Rate For Calcs": 0.236,
        "Normalized EBITDA": 303846000.0,
        "Total Unusual Items": -18647000.0,
        "Total Unusual Items Excluding Goodwill": -18647000.0,
        "Net Income From Continuing Operation Net Minority Interest": 130749000.0,
        "Reconciled Depreciation": 85570000.0,
        "Reconciled Cost Of Revenue": 1346163000.0,
        "EBITDA": 285199000.0,
        "EBIT": 199629000.0,
        "Net Interest Income": -29674000.0,
        "Interest Expense": 32847000.0,
        "Interest Income": 3173000.0,
        "Normalized Income": 144995308.0,
        "Net Income From Continuing And Discontinued Operation": 130749000.0,
        "Total Expenses": 1528835000.0,
        "Total Operating Income As Reported": 162937000.0,
        "Diluted Average Shares": 98912000.0,
        "Basic Average Shares": 97956000.0,
        "Diluted EPS": 1.32,
        "Basic EPS": 1.33477,
        "Diluted NI Availto Com Stockholders": 130749000.0,
        "Net Income Common Stockholders": 130749000.0,
        "Net Income": 130749000.0,
        "Minority Interests": -309000.0,
        "Net Income Including Noncontrolling Interests": 131058000.0,
        "Net Income Continuous Operations": 131058000.0,
        "Earnings From Equity Interest Net Of Tax": 3627000.0,
        "Tax Provision": 39351000.0,
        "Pretax Income": 166782000.0,
        "Other Income Expense": 14872000.0,
        "Other Non Operating Income Expenses": 33519000.0,
        "Special Income Charges": -18647000.0,
        "Gain On Sale Of Business": -537000.0,
        "Write Off": 0.0,
        "Restructuring And Mergern Acquisition": 18110000.0,
        "Net Non Operating Interest Income Expense": -29674000.0,
        "Interest Expense Non Operating": 32847000.0,
        "Interest Income Non Operating": 3173000.0,
        "Operating Income": 181584000.0,
        "Operating Expense": 182672000.0,
        "Selling General And Administration": 182672000.0,
        "General And Administrative Expense": 182672000.0,
        "Other Gand A": 182672000.0,
        "Salaries And Wages": 3424000.0,
        "Gross Profit": 364256000.0,
        "Cost Of Revenue": 1346163000.0,
        "Total Revenue": 1710419000.0,
        "Operating Revenue": 1710419000.0
    },
    "2023-12-31": {
        "Tax Effect Of Unusual Items": -839930.816261,
        "Tax Rate For Calcs": 0.217205,
        "Normalized EBITDA": 233344000.0,
        "Total Unusual Items": -3867000.0,
        "Total Unusual Items Excluding Goodwill": -3867000.0,
        "Net Income From Continuing Operation Net Minority Interest": 81242000.0,
        "Reconciled Depreciation": 91601000.0,
        "Reconciled Cost Of Revenue": 1296148000.0,
        "EBITDA": 229477000.0,
        "EBIT": 137876000.0,
        "Net Interest Income": -31619000.0,
        "Interest Expense": 35323000.0,
        "Interest Income": 3704000.0,
        "Normalized Income": 84269069.183739,
        "Net Income From Continuing And Discontinued Operation": 81242000.0,
        "Total Expenses": 1496587000.0,
        "Total Operating Income As Reported": 135346000.0,
        "Diluted Average Shares": 99164000.0,
        "Basic Average Shares": 97956364.0,
        "Diluted EPS": 0.82,
        "Basic EPS": 0.829369,
        "Diluted NI Availto Com Stockholders": 81242000.0,
        "Net Income Common Stockholders": 81242000.0,
        "Net Income": 81242000.0,
        "Minority Interests": -588000.0,
        "Net Income Including Noncontrolling Interests": 81830000.0,
        "Net Income Continuous Operations": 81830000.0,
        "Earnings From Equity Interest Net Of Tax": 1552000.0,
        "Tax Provision": 22275000.0,
        "Pretax Income": 102553000.0,
        "Other Income Expense": -5041000.0,
        "Other Non Operating Income Expenses": -1174000.0,
        "Special Income Charges": -3867000.0,
        "Gain On Sale Of Business": 85000.0,
        "Write Off": 0.0,
        "Restructuring And Mergern Acquisition": 3952000.0,
        "Net Non Operating Interest Income Expense": -31619000.0,
        "Interest Expense Non Operating": 35323000.0,
        "Interest Income Non Operating": 3704000.0,
        "Operating Income": 139213000.0,
        "Operating Expense": 200439000.0,
        "Selling General And Administration": 200439000.0,
        "General And Administrative Expense": 200439000.0,
        "Other Gand A": 200439000.0,
        "Salaries And Wages": 3888000.0,
        "Gross Profit": 339652000.0,
        "Cost Of Revenue": 1296148000.0,
        "Total Revenue": 1635800000.0,
        "Operating Revenue": 1635800000.0
    },
    "2024-03-31": {
        "Tax Effect Of Unusual Items": -6734634.0,
        "Tax Rate For Calcs": 0.213,
        "Normalized EBITDA": 234893000.0,
        "Total Unusual Items": -31618000.0,
        "Total Unusual Items Excluding Goodwill": -31618000.0,
        "Net Income From Continuing Operation Net Minority Interest": 65177000.0,
        "Reconciled Depreciation": 90559000.0,
        "Reconciled Cost Of Revenue": 1299990000.0,
        "EBITDA": 203275000.0,
        "EBIT": 112716000.0,
        "Net Interest Income": -27662000.0,
        "Interest Expense": 31220000.0,
        "Interest Income": 3558000.0,
        "Normalized Income": 90060366.0,
        "Net Income From Continuing And Discontinued Operation": 65177000.0,
        "Total Expenses": 1493472000.0,
        "Total Operating Income As Reported": 112453000.0,
        "Diluted Average Shares": 99159000.0,
        "Basic Average Shares": 98255000.0,
        "Diluted EPS": 0.66,
        "Basic EPS": 0.663345,
        "Diluted NI Availto Com Stockholders": 65177000.0,
        "Net Income Common Stockholders": 65177000.0,
        "Net Income": 65177000.0,
        "Minority Interests": -96000.0,
        "Net Income Including Noncontrolling Interests": 65273000.0,
        "Net Income Continuous Operations": 65273000.0,
        "Earnings From Equity Interest Net Of Tax": 1137000.0,
        "Tax Provision": 17360000.0,
        "Pretax Income": 81496000.0,
        "Other Income Expense": -34913000.0,
        "Other Non Operating Income Expenses": -3295000.0,
        "Special Income Charges": -31618000.0,
        "Gain On Sale Of Business": 0.0,
        "Write Off": 8844000.0,
        "Restructuring And Mergern Acquisition": 22774000.0,
        "Net Non Operating Interest Income Expense": -27662000.0,
        "Interest Expense Non Operating": 31220000.0,
        "Interest Income Non Operating": 3558000.0,
        "Operating Income": 144071000.0,
        "Operating Expense": 193482000.0,
        "Selling General And Administration": 193482000.0,
        "General And Administrative Expense": 193482000.0,
        "Other Gand A": 193482000.0,
        "Salaries And Wages": 3295000.0,
        "Gross Profit": 337553000.0,
        "Cost Of Revenue": 1299990000.0,
        "Total Revenue": 1637543000.0,
        "Operating Revenue": 1637543000.0
    },
    "2024-06-30": {
        "Tax Effect Of Unusual Items": -3471420.0,
        "Tax Rate For Calcs": 0.235,
        "Normalized EBITDA": 249882000.0,
        "Total Unusual Items": -14772000.0,
        "Total Unusual Items Excluding Goodwill": -14772000.0,
        "Net Income From Continuing Operation Net Minority Interest": 90811000.0,
        "Reconciled Depreciation": 89486000.0,
        "Reconciled Cost Of Revenue": 1266125000.0,
        "EBITDA": 235110000.0,
        "EBIT": 145624000.0,
        "Net Interest Income": -26085000.0,
        "Interest Expense": 29640000.0,
        "Interest Income": 3555000.0,
        "Normalized Income": 102111580.0,
        "Net Income From Continuing And Discontinued Operation": 90811000.0,
        "Total Expenses": 1468335000.0,
        "Total Operating Income As Reported": 140372000.0,
        "Diluted Average Shares": 99241000.0,
        "Basic Average Shares": 98257405.0,
        "Diluted EPS": 0.92,
        "Basic EPS": 0.924215,
        "Diluted NI Availto Com Stockholders": 90811000.0,
        "Net Income Common Stockholders": 90811000.0,
        "Net Income": 90811000.0,
        "Minority Interests": -140000.0,
        "Net Income Including Noncontrolling Interests": 90951000.0,
        "Net Income Continuous Operations": 90951000.0,
        "Earnings From Equity Interest Net Of Tax": 2274000.0,
        "Tax Provision": 27307000.0,
        "Pretax Income": 115984000.0,
        "Other Income Expense": -13075000.0,
        "Other Non Operating Income Expenses": 1697000.0,
        "Special Income Charges": -14772000.0,
        "Gain On Sale Of Business": 4478000.0,
        "Write Off": 11499000.0,
        "Restructuring And Mergern Acquisition": 7751000.0,
        "Net Non Operating Interest Income Expense": -26085000.0,
        "Interest Expense Non Operating": 29640000.0,
        "Interest Income Non Operating": 3555000.0,
        "Operating Income": 155144000.0,
        "Operating Expense": 202210000.0,
        "Selling General And Administration": 202210000.0,
        "General And Administrative Expense": 202210000.0,
        "Other Gand A": 202210000.0,
        "Salaries And Wages": 4170000.0,
        "Gross Profit": 357354000.0,
        "Cost Of Revenue": 1266125000.0,
        "Total Revenue": 1623479000.0,
        "Operating Revenue": 1623479000.0
    },
    "2024-09-30": {
        "Tax Effect Of Unusual Items": -12152996.722066,
        "Tax Rate For Calcs": 0.304129,
        "Normalized EBITDA": 261805000.0,
        "Total Unusual Items": -39960000.0,
        "Total Unusual Items Excluding Goodwill": -39960000.0,
        "Net Income From Continuing Operation Net Minority Interest": 50921000.0,
        "Reconciled Depreciation": 90646000.0,
        "Reconciled Cost Of Revenue": 1317129000.0,
        "EBITDA": 221845000.0,
        "EBIT": 131199000.0,
        "Net Interest Income": -55629000.0,
        "Interest Expense": 61643000.0,
        "Interest Income": 6014000.0,
        "Normalized Income": 78728003.277934,
        "Net Income From Continuing And Discontinued Operation": 50921000.0,
        "Total Expenses": 1507774000.0,
        "Total Operating Income As Reported": 128132000.0,
        "Diluted Average Shares": 99267000.0,
        "Basic Average Shares": 98257749.0,
        "Diluted EPS": 0.51,
        "Basic EPS": 0.518239,
        "Diluted NI Availto Com Stockholders": 50921000.0,
        "Net Income Common Stockholders": 50921000.0,
        "Net Income": 50921000.0,
        "Minority Interests": -288000.0,
        "Net Income Including Noncontrolling Interests": 51209000.0,
        "Net Income Continuous Operations": 51209000.0,
        "Earnings From Equity Interest Net Of Tax": 2807000.0,
        "Tax Provision": 21154000.0,
        "Pretax Income": 69556000.0,
        "Other Income Expense": -42907000.0,
        "Other Non Operating Income Expenses": -2947000.0,
        "Special Income Charges": -39960000.0,
        "Gain On Sale Of Business": -31770000.0,
        "Write Off": 2501000.0,
        "Restructuring And Mergern Acquisition": 5689000.0,
        "Net Non Operating Interest Income Expense": -55629000.0,
        "Interest Expense Non Operating": 61643000.0,
        "Interest Income Non Operating": 6014000.0,
        "Operating Income": 168092000.0,
        "Operating Expense": 190645000.0,
        "Selling General And Administration": 190645000.0,
        "General And Administrative Expense": 190645000.0,
        "Other Gand A": 190645000.0,
        "Salaries And Wages": NaN,
        "Gross Profit": 358737000.0,
        "Cost Of Revenue": 1317129000.0,
        "Total Revenue": 1675866000.0,
        "Operating Revenue": 1675866000.0
    }
}