{
    "2023-03-31": {
        "Tax Effect Of Unusual Items": 0.0,
        "Tax Rate For Calcs": 0.0,
        "Normalized EBITDA": -5643592.0,
        "Total Unusual Items": -2303.0,
        "Total Unusual Items Excluding Goodwill": -2303.0,
        "Net Income From Continuing Operation Net Minority Interest": -5667071.0,
        "Reconciled Depreciation": 18873.0,
        "EBITDA": -5645895.0,
        "EBIT": -5664768.0,
        "Normalized Income": -5664768.0,
        "Net Income From Continuing And Discontinued Operation": -5667071.0,
        "Total Expenses": 5701213.0,
        "Total Operating Income As Reported": -5664768.0,
        "Diluted Average Shares": 750653.0,
        "Basic Average Shares": 750653.0,
        "Diluted EPS": -7.48,
        "Basic EPS": -7.48,
        "Diluted NI Availto Com Stockholders": -5667071.0,
        "Net Income Common Stockholders": -5667071.0,
        "Net Income": -5667071.0,
        "Net Income Including Noncontrolling Interests": -5667071.0,
        "Net Income Continuous Operations": -5667071.0,
        "Pretax Income": -5667071.0,
        "Other Income Expense": -2303.0,
        "Gain On Sale Of Security": -2303.0,
        "Operating Income": -5664768.0,
        "Operating Expense": 5701213.0,
        "Research And Development": 3816644.0,
        "Selling General And Administration": 1884569.0,
        "General And Administrative Expense": 1884569.0,
        "Other Gand A": 1884569.0,
        "Salaries And Wages": NaN,
        "Total Revenue": 36445.0,
        "Operating Revenue": 36445.0
    },
    "2022-12-31": {
        "Tax Effect Of Unusual Items": 0.0,
        "Tax Rate For Calcs": 0.0,
        "Normalized EBITDA": -5664212.0,
        "Total Unusual Items": 70252.0,
        "Total Unusual Items Excluding Goodwill": 70252.0,
        "Net Income From Continuing Operation Net Minority Interest": -5542142.0,
        "Reconciled Depreciation": 18434.0,
        "EBITDA": -5593960.0,
        "EBIT": -5612394.0,
        "Normalized Income": -5612394.0,
        "Net Income From Continuing And Discontinued Operation": -5542142.0,
        "Total Expenses": 5649649.0,
        "Total Operating Income As Reported": -5612394.0,
        "Diluted Average Shares": 314576.0,
        "Basic Average Shares": 314576.0,
        "Diluted EPS": -17.6,
        "Basic EPS": -17.6,
        "Diluted NI Availto Com Stockholders": -5542142.0,
        "Net Income Common Stockholders": -5542142.0,
        "Net Income": -5542142.0,
        "Net Income Including Noncontrolling Interests": -5542142.0,
        "Net Income Continuous Operations": -5542142.0,
        "Pretax Income": -5542142.0,
        "Other Income Expense": 70252.0,
        "Gain On Sale Of Security": 70252.0,
        "Operating Income": -5612394.0,
        "Operating Expense": 5649649.0,
        "Research And Development": 3745940.0,
        "Selling General And Administration": 1903709.0,
        "General And Administrative Expense": 1903709.0,
        "Other Gand A": 1903709.0,
        "Salaries And Wages": NaN,
        "Total Revenue": 37255.0,
        "Operating Revenue": 37255.0
    },
    "2022-09-30": {
        "Tax Effect Of Unusual Items": 0.0,
        "Tax Rate For Calcs": 0.0,
        "Normalized EBITDA": -7300661.0,
        "Total Unusual Items": -58376.0,
        "Total Unusual Items Excluding Goodwill": -58376.0,
        "Net Income From Continuing Operation Net Minority Interest": -7435341.0,
        "Reconciled Depreciation": 17928.0,
        "EBITDA": -7359037.0,
        "EBIT": -7376965.0,
        "Normalized Income": -7376965.0,
        "Net Income From Continuing And Discontinued Operation": -7435341.0,
        "Total Expenses": 7439718.0,
        "Total Operating Income As Reported": -7376965.0,
        "Diluted Average Shares": 4448759.0,
        "Basic Average Shares": 4448759.0,
        "Diluted EPS": -1.67,
        "Basic EPS": -1.67,
        "Diluted NI Availto Com Stockholders": -7435341.0,
        "Net Income Common Stockholders": -7435341.0,
        "Net Income": -7435341.0,
        "Net Income Including Noncontrolling Interests": -7435341.0,
        "Net Income Continuous Operations": -7435341.0,
        "Pretax Income": -7435341.0,
        "Other Income Expense": -58376.0,
        "Gain On Sale Of Security": -58376.0,
        "Operating Income": -7376965.0,
        "Operating Expense": 7439718.0,
        "Research And Development": 5123929.0,
        "Selling General And Administration": 2315789.0,
        "General And Administrative Expense": 2315789.0,
        "Other Gand A": 2315789.0,
        "Salaries And Wages": NaN,
        "Total Revenue": 62753.0,
        "Operating Revenue": 62753.0
    },
    "2022-06-30": {
        "Tax Effect Of Unusual Items": 0.0,
        "Tax Rate For Calcs": 0.0,
        "Normalized EBITDA": -7833738.0,
        "Total Unusual Items": -9794.0,
        "Total Unusual Items Excluding Goodwill": -9794.0,
        "Net Income From Continuing Operation Net Minority Interest": -7877020.0,
        "Reconciled Depreciation": 23694.0,
        "EBITDA": -7843532.0,
        "EBIT": -7867226.0,
        "Normalized Income": -7867226.0,
        "Net Income From Continuing And Discontinued Operation": -7877020.0,
        "Total Expenses": 7929297.0,
        "Total Operating Income As Reported": -7867226.0,
        "Diluted Average Shares": 196840.0,
        "Basic Average Shares": 196840.0,
        "Diluted EPS": -40.04,
        "Basic EPS": -40.04,
        "Diluted NI Availto Com Stockholders": -7877020.0,
        "Net Income Common Stockholders": -7877020.0,
        "Net Income": -7877020.0,
        "Net Income Including Noncontrolling Interests": -7877020.0,
        "Net Income Continuous Operations": -7877020.0,
        "Pretax Income": -7877020.0,
        "Other Income Expense": -9794.0,
        "Gain On Sale Of Security": -9794.0,
        "Operating Income": -7867226.0,
        "Operating Expense": 7929297.0,
        "Research And Development": 5648952.0,
        "Selling General And Administration": 2280345.0,
        "General And Administrative Expense": 2280345.0,
        "Other Gand A": 2280345.0,
        "Salaries And Wages": NaN,
        "Total Revenue": 62071.0,
        "Operating Revenue": 62071.0
    },
    "2022-03-31": {
        "Diluted EPS": -1.91,
        "Total Revenue": 0,
        "Gross Profit": 0,
        "Operating Income": -8,
        "EBIT": -8,
        "Net Income": -8
    },
    "2021-12-31": {
        "Diluted EPS": -1.44,
        "Total Revenue": 0,
        "Gross Profit": 0,
        "Operating Income": -6,
        "EBIT": -6,
        "Net Income": -6
    },
    "2021-09-30": {
        "Diluted EPS": -1.23,
        "Total Revenue": NaN,
        "Gross Profit": NaN,
        "Operating Income": -7,
        "EBIT": -7,
        "Net Income": -7
    },
    "2021-06-30": {
        "Diluted EPS": -3.78,
        "Total Revenue": NaN,
        "Gross Profit": NaN,
        "Operating Income": -6,
        "EBIT": -6,
        "Net Income": -6
    },
    "2021-03-31": {
        "Diluted EPS": -4.48,
        "Total Revenue": NaN,
        "Gross Profit": NaN,
        "Operating Income": -6,
        "EBIT": -6,
        "Net Income": -6
    },
    "2020-12-31": {
        "Diluted EPS": -4.76,
        "Total Revenue": NaN,
        "Gross Profit": NaN,
        "Operating Income": -6,
        "EBIT": -6,
        "Net Income": -6
    },
    "2020-09-30": {
        "Diluted EPS": -70.45,
        "Total Revenue": NaN,
        "Gross Profit": NaN,
        "Operating Income": -7,
        "EBIT": -7,
        "Net Income": -49
    },
    "2020-06-30": {
        "Diluted EPS": -14.71,
        "Total Revenue": NaN,
        "Gross Profit": NaN,
        "Operating Income": -12,
        "EBIT": -12,
        "Net Income": -12
    },
    "2020-03-31": {
        "Diluted EPS": -6.16,
        "Total Revenue": NaN,
        "Gross Profit": NaN,
        "Operating Income": -3,
        "EBIT": -3,
        "Net Income": -2
    },
    "2019-12-31": {
        "Diluted EPS": 0.0,
        "Total Revenue": NaN,
        "Gross Profit": NaN,
        "Operating Income": NaN,
        "EBIT": NaN,
        "Net Income": NaN
    },
    "2019-09-30": {
        "Diluted EPS": -141.88,
        "Total Revenue": 10,
        "Gross Profit": 6,
        "Operating Income": 10,
        "EBIT": 10,
        "Net Income": -4
    },
    "2019-06-30": {
        "Diluted EPS": -3.64,
        "Total Revenue": NaN,
        "Gross Profit": NaN,
        "Operating Income": -1,
        "EBIT": -1,
        "Net Income": -1
    },
    "2019-03-31": {
        "Diluted EPS": -185.99,
        "Total Revenue": 8,
        "Gross Profit": 5,
        "Operating Income": -2,
        "EBIT": -2,
        "Net Income": -2
    },
    "2018-12-31": {
        "Diluted EPS": 0.0,
        "Total Revenue": NaN,
        "Gross Profit": NaN,
        "Operating Income": NaN,
        "EBIT": NaN,
        "Net Income": NaN
    },
    "2018-09-30": {
        "Diluted EPS": -123.69,
        "Total Revenue": 10,
        "Gross Profit": 7,
        "Operating Income": 10,
        "EBIT": 11,
        "Net Income": -1
    },
    "2018-06-30": {
        "Diluted EPS": -83.67,
        "Total Revenue": 10,
        "Gross Profit": 7,
        "Operating Income": 0,
        "EBIT": 0,
        "Net Income": -1
    },
    "2018-03-31": {
        "Diluted EPS": -301.94,
        "Total Revenue": 10,
        "Gross Profit": 7,
        "Operating Income": -2,
        "EBIT": -2,
        "Net Income": -3
    },
    "2017-12-31": {
        "Diluted EPS": 0.0,
        "Total Revenue": NaN,
        "Gross Profit": NaN,
        "Operating Income": NaN,
        "EBIT": NaN,
        "Net Income": NaN
    },
    "2017-09-30": {
        "Diluted EPS": -254.65,
        "Total Revenue": 11,
        "Gross Profit": 7,
        "Operating Income": 11,
        "EBIT": 11,
        "Net Income": -2
    },
    "2017-06-30": {
        "Diluted EPS": -294.66,
        "Total Revenue": 11,
        "Gross Profit": 7,
        "Operating Income": -1,
        "EBIT": 0,
        "Net Income": -2
    },
    "2017-03-31": {
        "Diluted EPS": -287.39,
        "Total Revenue": 10,
        "Gross Profit": 7,
        "Operating Income": -1,
        "EBIT": -1,
        "Net Income": -2
    },
    "2016-12-31": {
        "Diluted EPS": 0.0,
        "Total Revenue": NaN,
        "Gross Profit": NaN,
        "Operating Income": NaN,
        "EBIT": NaN,
        "Net Income": NaN
    },
    "2016-09-30": {
        "Diluted EPS": -149.15,
        "Total Revenue": 11,
        "Gross Profit": 7,
        "Operating Income": 11,
        "EBIT": 12,
        "Net Income": -1
    },
    "2016-06-30": {
        "Diluted EPS": -854.89,
        "Total Revenue": 11,
        "Gross Profit": 7,
        "Operating Income": 0,
        "EBIT": 1,
        "Net Income": -5
    },
    "2016-03-31": {
        "Diluted EPS": -254.65,
        "Total Revenue": 10,
        "Gross Profit": 7,
        "Operating Income": -1,
        "EBIT": -1,
        "Net Income": -1
    },
    "2015-12-31": {
        "Diluted EPS": 0.0,
        "Total Revenue": NaN,
        "Gross Profit": NaN,
        "Operating Income": NaN,
        "EBIT": NaN,
        "Net Income": NaN
    },
    "2015-09-30": {
        "Diluted EPS": NaN,
        "Total Revenue": 9,
        "Gross Profit": 6,
        "Operating Income": 9,
        "EBIT": 9,
        "Net Income": -5
    },
    "2015-06-30": {
        "Diluted EPS": NaN,
        "Total Revenue": 9,
        "Gross Profit": 6,
        "Operating Income": -2,
        "EBIT": 0,
        "Net Income": -4
    },
    "2015-03-31": {
        "Diluted EPS": -982.21,
        "Total Revenue": 9,
        "Gross Profit": 6,
        "Operating Income": -2,
        "EBIT": -2,
        "Net Income": -2
    },
    "2014-12-31": {
        "Diluted EPS": 0.0,
        "Total Revenue": NaN,
        "Gross Profit": NaN,
        "Operating Income": NaN,
        "EBIT": NaN,
        "Net Income": NaN
    },
    "2014-09-30": {
        "Diluted EPS": -291.03,
        "Total Revenue": 9,
        "Gross Profit": 6,
        "Operating Income": 9,
        "EBIT": 10,
        "Net Income": -1
    },
    "2014-06-30": {
        "Diluted EPS": -800.32,
        "Total Revenue": 7,
        "Gross Profit": 4,
        "Operating Income": -1,
        "EBIT": -1,
        "Net Income": -1
    },
    "2014-03-31": {
        "Diluted EPS": -909.46,
        "Total Revenue": 5,
        "Gross Profit": 3,
        "Operating Income": -2,
        "EBIT": -2,
        "Net Income": -1
    },
    "2013-12-31": {
        "Diluted EPS": 0.0,
        "Total Revenue": NaN,
        "Gross Profit": NaN,
        "Operating Income": NaN,
        "EBIT": NaN,
        "Net Income": NaN
    },
    "2013-09-30": {
        "Diluted EPS": NaN,
        "Total Revenue": 2,
        "Gross Profit": 1,
        "Operating Income": -1,
        "EBIT": 0,
        "Net Income": -1
    },
    "2013-06-30": {
        "Diluted EPS": -691.19,
        "Total Revenue": 2,
        "Gross Profit": 1,
        "Operating Income": -1,
        "EBIT": -1,
        "Net Income": -1
    },
    "2013-03-31": {
        "Diluted EPS": -727.56,
        "Total Revenue": 2,
        "Gross Profit": 1,
        "Operating Income": -1,
        "EBIT": -1,
        "Net Income": -1
    },
    "2012-12-31": {
        "Diluted EPS": 0.0,
        "Total Revenue": NaN,
        "Gross Profit": NaN,
        "Operating Income": NaN,
        "EBIT": NaN,
        "Net Income": NaN
    },
    "2012-09-30": {
        "Diluted EPS": -727.56,
        "Total Revenue": 2,
        "Gross Profit": 1,
        "Operating Income": -1,
        "EBIT": -1,
        "Net Income": -1
    },
    "2012-06-30": {
        "Diluted EPS": NaN,
        "Total Revenue": 2,
        "Gross Profit": 1,
        "Operating Income": -1,
        "EBIT": -1,
        "Net Income": -1
    },
    "2012-03-31": {
        "Diluted EPS": -836.7,
        "Total Revenue": 1,
        "Gross Profit": 0,
        "Operating Income": 0,
        "EBIT": 0,
        "Net Income": -1
    },
    "2011-12-31": {
        "Diluted EPS": 0.0,
        "Total Revenue": NaN,
        "Gross Profit": NaN,
        "Operating Income": NaN,
        "EBIT": NaN,
        "Net Income": NaN
    },
    "2011-09-30": {
        "Diluted EPS": -727.56,
        "Total Revenue": 0,
        "Gross Profit": 0,
        "Operating Income": 0,
        "EBIT": 0,
        "Net Income": 0
    },
    "2011-06-30": {
        "Diluted EPS": -654.81,
        "Total Revenue": 0,
        "Gross Profit": 0,
        "Operating Income": 0,
        "EBIT": 0,
        "Net Income": 0
    },
    "2011-03-31": {
        "Diluted EPS": 400.16,
        "Total Revenue": 0,
        "Gross Profit": 0,
        "Operating Income": 0,
        "EBIT": 0,
        "Net Income": 0
    },
    "2010-12-31": {
        "Diluted EPS": 0.0,
        "Total Revenue": 0,
        "Gross Profit": 0,
        "Operating Income": 0,
        "EBIT": 0,
        "Net Income": -1
    },
    "2010-09-30": {
        "Diluted EPS": -254.65,
        "Total Revenue": 0,
        "Gross Profit": 0,
        "Operating Income": 0,
        "EBIT": 0,
        "Net Income": 0
    },
    "2010-06-30": {
        "Diluted EPS": -218.27,
        "Total Revenue": 0,
        "Gross Profit": 0,
        "Operating Income": 0,
        "EBIT": 0,
        "Net Income": 0
    },
    "2010-03-31": {
        "Diluted EPS": -472.92,
        "Total Revenue": 0,
        "Gross Profit": 0,
        "Operating Income": 0,
        "EBIT": 0,
        "Net Income": 0
    },
    "2009-12-31": {
        "Diluted EPS": 0.0,
        "Total Revenue": 0,
        "Gross Profit": 0,
        "Operating Income": 0,
        "EBIT": 0,
        "Net Income": -1
    },
    "2009-09-30": {
        "Diluted EPS": 0.0,
        "Total Revenue": 0,
        "Gross Profit": 0,
        "Operating Income": 0,
        "EBIT": 0,
        "Net Income": 0
    },
    "2009-06-30": {
        "Diluted EPS": 0.0,
        "Total Revenue": 0,
        "Gross Profit": 0,
        "Operating Income": 0,
        "EBIT": 0,
        "Net Income": 0
    },
    "2009-03-31": {
        "Diluted EPS": 0.0,
        "Total Revenue": 0,
        "Gross Profit": 0,
        "Operating Income": 0,
        "EBIT": 0,
        "Net Income": 0
    },
    "2023-06-30": {
        "Tax Effect Of Unusual Items": 0.0,
        "Tax Rate For Calcs": 0.0,
        "Normalized EBITDA": -3864901.0,
        "Total Unusual Items": -31432.0,
        "Total Unusual Items Excluding Goodwill": -31432.0,
        "Net Income From Continuing Operation Net Minority Interest": -3946742.0,
        "Reconciled Depreciation": 18977.0,
        "EBITDA": -3896333.0,
        "EBIT": -3915310.0,
        "Normalized Income": -3915310.0,
        "Net Income From Continuing And Discontinued Operation": -3946742.0,
        "Total Expenses": 3952160.0,
        "Total Operating Income As Reported": -3915310.0,
        "Diluted Average Shares": 1335273.0,
        "Basic Average Shares": 1335273.0,
        "Diluted EPS": -2.86,
        "Basic EPS": -2.86,
        "Diluted NI Availto Com Stockholders": -3946742.0,
        "Net Income Common Stockholders": -3946742.0,
        "Net Income": -3946742.0,
        "Net Income Including Noncontrolling Interests": -3946742.0,
        "Net Income Continuous Operations": -3946742.0,
        "Pretax Income": -3946742.0,
        "Other Income Expense": -31432.0,
        "Gain On Sale Of Security": -31432.0,
        "Operating Income": -3915310.0,
        "Operating Expense": 3952160.0,
        "Research And Development": 2409471.0,
        "Selling General And Administration": 1542689.0,
        "General And Administrative Expense": 1542689.0,
        "Other Gand A": 1517238.0,
        "Salaries And Wages": 25451.0,
        "Total Revenue": 36850.0,
        "Operating Revenue": 36850.0
    },
    "2023-09-30": {
        "Tax Effect Of Unusual Items": 0.0,
        "Tax Rate For Calcs": 0.0,
        "Normalized EBITDA": -3504085.0,
        "Total Unusual Items": -76594.0,
        "Total Unusual Items Excluding Goodwill": -76594.0,
        "Net Income From Continuing Operation Net Minority Interest": -3676739.0,
        "Reconciled Depreciation": 19466.0,
        "EBITDA": -3580679.0,
        "EBIT": -3600145.0,
        "Normalized Income": -3600145.0,
        "Net Income From Continuing And Discontinued Operation": -3676739.0,
        "Total Expenses": 3637400.0,
        "Total Operating Income As Reported": -3600145.0,
        "Diluted Average Shares": NaN,
        "Basic Average Shares": NaN,
        "Diluted EPS": NaN,
        "Basic EPS": NaN,
        "Diluted NI Availto Com Stockholders": -3676739.0,
        "Net Income Common Stockholders": -3676739.0,
        "Net Income": -3676739.0,
        "Net Income Including Noncontrolling Interests": -3676739.0,
        "Net Income Continuous Operations": -3676739.0,
        "Pretax Income": -3676739.0,
        "Other Income Expense": -76594.0,
        "Gain On Sale Of Security": -76594.0,
        "Operating Income": -3600145.0,
        "Operating Expense": 3637400.0,
        "Research And Development": 1842635.0,
        "Selling General And Administration": 1794765.0,
        "General And Administrative Expense": 1794765.0,
        "Other Gand A": 1794765.0,
        "Salaries And Wages": NaN,
        "Total Revenue": 37255.0,
        "Operating Revenue": 37255.0
    }
}