{
    "2023-03-31": {
        "Tax Effect Of Unusual Items": 0.0,
        "Tax Rate For Calcs": 0.0,
        "Normalized EBITDA": -14814000.0,
        "Total Unusual Items": NaN,
        "Total Unusual Items Excluding Goodwill": NaN,
        "Net Income From Continuing Operation Net Minority Interest": -15371000.0,
        "Reconciled Depreciation": 830000.0,
        "Reconciled Cost Of Revenue": 7378000.0,
        "EBITDA": -14814000.0,
        "EBIT": -14814000.0,
        "Net Interest Income": -557000.0,
        "Interest Expense": 557000.0,
        "Normalized Income": -15371000.0,
        "Net Income From Continuing And Discontinued Operation": -15371000.0,
        "Total Expenses": 25538000.0,
        "Total Operating Income As Reported": -14814000.0,
        "Diluted Average Shares": 93391444.0,
        "Basic Average Shares": 93391444.0,
        "Diluted EPS": -0.16,
        "Basic EPS": -0.16,
        "Diluted NI Availto Com Stockholders": -15371000.0,
        "Net Income Common Stockholders": -15371000.0,
        "Net Income": -15371000.0,
        "Net Income Including Noncontrolling Interests": -15371000.0,
        "Net Income Continuous Operations": -15371000.0,
        "Tax Provision": 0.0,
        "Pretax Income": -15371000.0,
        "Other Income Expense": NaN,
        "Special Income Charges": NaN,
        "Other Special Charges": NaN,
        "Impairment Of Capital Assets": NaN,
        "Restructuring And Mergern Acquisition": NaN,
        "Net Non Operating Interest Income Expense": -557000.0,
        "Interest Expense Non Operating": 557000.0,
        "Operating Income": -14814000.0,
        "Operating Expense": 18160000.0,
        "Research And Development": 3494000.0,
        "Selling General And Administration": 14666000.0,
        "Gross Profit": 3346000.0,
        "Cost Of Revenue": 7378000.0,
        "Total Revenue": 10724000.0,
        "Operating Revenue": 10724000.0
    },
    "2022-12-31": {
        "Tax Effect Of Unusual Items": 920220.0,
        "Tax Rate For Calcs": 0.21,
        "Normalized EBITDA": -14763000.0,
        "Total Unusual Items": 4382000.0,
        "Total Unusual Items Excluding Goodwill": 4382000.0,
        "Net Income From Continuing Operation Net Minority Interest": -10852000.0,
        "Reconciled Depreciation": 745000.0,
        "Reconciled Cost Of Revenue": 8900000.0,
        "EBITDA": -10381000.0,
        "EBIT": -10381000.0,
        "Net Interest Income": -469000.0,
        "Interest Expense": 469000.0,
        "Normalized Income": -14313780.0,
        "Net Income From Continuing And Discontinued Operation": -10852000.0,
        "Total Expenses": 26993000.0,
        "Total Operating Income As Reported": -14763000.0,
        "Diluted Average Shares": 93138031.0,
        "Basic Average Shares": 93138031.0,
        "Diluted EPS": -0.12,
        "Basic EPS": -0.12,
        "Diluted NI Availto Com Stockholders": -10852000.0,
        "Net Income Common Stockholders": -10852000.0,
        "Net Income": -10852000.0,
        "Net Income Including Noncontrolling Interests": -10852000.0,
        "Net Income Continuous Operations": -10852000.0,
        "Tax Provision": 2000.0,
        "Pretax Income": -10850000.0,
        "Other Income Expense": 4382000.0,
        "Special Income Charges": 4382000.0,
        "Other Special Charges": -4382000.0,
        "Impairment Of Capital Assets": NaN,
        "Restructuring And Mergern Acquisition": 0.0,
        "Net Non Operating Interest Income Expense": -469000.0,
        "Interest Expense Non Operating": 469000.0,
        "Operating Income": -14763000.0,
        "Operating Expense": 18093000.0,
        "Research And Development": 3580000.0,
        "Selling General And Administration": 14513000.0,
        "Gross Profit": 3330000.0,
        "Cost Of Revenue": 8900000.0,
        "Total Revenue": 12230000.0,
        "Operating Revenue": 12230000.0
    },
    "2022-09-30": {
        "Tax Effect Of Unusual Items": 0.0,
        "Tax Rate For Calcs": 0.0,
        "Normalized EBITDA": -13886000.0,
        "Total Unusual Items": 0.0,
        "Total Unusual Items Excluding Goodwill": 0.0,
        "Net Income From Continuing Operation Net Minority Interest": -15539000.0,
        "Reconciled Depreciation": 710000.0,
        "Reconciled Cost Of Revenue": 7528000.0,
        "EBITDA": -13886000.0,
        "EBIT": -14596000.0,
        "Net Interest Income": -943000.0,
        "Interest Expense": 943000.0,
        "Normalized Income": -15539000.0,
        "Net Income From Continuing And Discontinued Operation": -15539000.0,
        "Total Expenses": 24442000.0,
        "Total Operating Income As Reported": -14596000.0,
        "Diluted Average Shares": 33116536.0,
        "Basic Average Shares": 33116536.0,
        "Diluted EPS": -0.47,
        "Basic EPS": -0.47,
        "Diluted NI Availto Com Stockholders": -15539000.0,
        "Net Income Common Stockholders": -15539000.0,
        "Net Income": -15539000.0,
        "Net Income Including Noncontrolling Interests": -15539000.0,
        "Net Income Continuous Operations": -15539000.0,
        "Tax Provision": 0.0,
        "Pretax Income": -15539000.0,
        "Other Income Expense": NaN,
        "Special Income Charges": 0.0,
        "Other Special Charges": NaN,
        "Impairment Of Capital Assets": NaN,
        "Restructuring And Mergern Acquisition": 0.0,
        "Net Non Operating Interest Income Expense": -943000.0,
        "Interest Expense Non Operating": 943000.0,
        "Operating Income": -14596000.0,
        "Operating Expense": 16914000.0,
        "Research And Development": 4328000.0,
        "Selling General And Administration": 12586000.0,
        "Gross Profit": 2318000.0,
        "Cost Of Revenue": 7528000.0,
        "Total Revenue": 9846000.0,
        "Operating Revenue": 9846000.0
    },
    "2022-06-30": {
        "Tax Effect Of Unusual Items": 0.0,
        "Tax Rate For Calcs": 0.0,
        "Normalized EBITDA": -13607000.0,
        "Total Unusual Items": 0.0,
        "Total Unusual Items Excluding Goodwill": 0.0,
        "Net Income From Continuing Operation Net Minority Interest": -15137000.0,
        "Reconciled Depreciation": 680000.0,
        "Reconciled Cost Of Revenue": 7994000.0,
        "EBITDA": -13607000.0,
        "EBIT": -14287000.0,
        "Net Interest Income": -850000.0,
        "Interest Expense": 850000.0,
        "Normalized Income": -15137000.0,
        "Net Income From Continuing And Discontinued Operation": -15137000.0,
        "Total Expenses": 24834000.0,
        "Total Operating Income As Reported": -14287000.0,
        "Diluted Average Shares": 26468515.0,
        "Basic Average Shares": 26468515.0,
        "Diluted EPS": -0.57,
        "Basic EPS": -0.57,
        "Diluted NI Availto Com Stockholders": -15137000.0,
        "Net Income Common Stockholders": -15137000.0,
        "Net Income": -15137000.0,
        "Net Income Including Noncontrolling Interests": -15137000.0,
        "Net Income Continuous Operations": -15137000.0,
        "Tax Provision": 0.0,
        "Pretax Income": -15137000.0,
        "Other Income Expense": NaN,
        "Special Income Charges": 0.0,
        "Other Special Charges": NaN,
        "Restructuring And Mergern Acquisition": 0.0,
        "Net Non Operating Interest Income Expense": -850000.0,
        "Interest Expense Non Operating": 850000.0,
        "Operating Income": -14287000.0,
        "Operating Expense": 16840000.0,
        "Research And Development": 4018000.0,
        "Selling General And Administration": 12822000.0,
        "Gross Profit": 2553000.0,
        "Cost Of Revenue": 7994000.0,
        "Total Revenue": 10547000.0,
        "Operating Revenue": 10547000.0
    },
    "2022-03-31": {
        "Diluted EPS": -0.59,
        "Total Revenue": 9,
        "Gross Profit": 2,
        "Operating Income": -15,
        "EBIT": -14,
        "Net Income": -16
    },
    "2021-12-31": {
        "Diluted EPS": 20.02,
        "Total Revenue": 10,
        "Gross Profit": 2,
        "Operating Income": -14,
        "EBIT": -13,
        "Net Income": -14
    },
    "2021-09-30": {
        "Diluted EPS": -10.33,
        "Total Revenue": 8,
        "Gross Profit": 2,
        "Operating Income": -11,
        "EBIT": -10,
        "Net Income": -13
    },
    "2021-06-30": {
        "Diluted EPS": -9.16,
        "Total Revenue": 8,
        "Gross Profit": 2,
        "Operating Income": -10,
        "EBIT": -9,
        "Net Income": -11
    },
    "2021-03-31": {
        "Diluted EPS": -9.05,
        "Total Revenue": 7,
        "Gross Profit": 2,
        "Operating Income": -10,
        "EBIT": -9,
        "Net Income": -11
    },
    "2020-12-31": {
        "Diluted EPS": 0.0,
        "Total Revenue": NaN,
        "Gross Profit": NaN,
        "Operating Income": NaN,
        "EBIT": NaN,
        "Net Income": NaN
    },
    "2020-09-30": {
        "Diluted EPS": -8.84,
        "Total Revenue": 6,
        "Gross Profit": 1,
        "Operating Income": -10,
        "EBIT": -10,
        "Net Income": -11
    },
    "2023-06-30": {
        "Tax Effect Of Unusual Items": 0.0,
        "Tax Rate For Calcs": 0.0,
        "Normalized EBITDA": -16112000.0,
        "Total Unusual Items": NaN,
        "Total Unusual Items Excluding Goodwill": NaN,
        "Net Income From Continuing Operation Net Minority Interest": -17690000.0,
        "Reconciled Depreciation": 839000.0,
        "Reconciled Cost Of Revenue": 9945000.0,
        "EBITDA": -16112000.0,
        "EBIT": -16951000.0,
        "Net Interest Income": -739000.0,
        "Interest Expense": 739000.0,
        "Normalized Income": -17690000.0,
        "Net Income From Continuing And Discontinued Operation": -17690000.0,
        "Total Expenses": 27994000.0,
        "Total Operating Income As Reported": -16951000.0,
        "Diluted Average Shares": 93684289.0,
        "Basic Average Shares": 93684289.0,
        "Diluted EPS": -0.19,
        "Basic EPS": -0.19,
        "Diluted NI Availto Com Stockholders": -17690000.0,
        "Net Income Common Stockholders": -17690000.0,
        "Net Income": -17690000.0,
        "Net Income Including Noncontrolling Interests": -17690000.0,
        "Net Income Continuous Operations": -17690000.0,
        "Tax Provision": 0.0,
        "Pretax Income": -17690000.0,
        "Other Income Expense": NaN,
        "Special Income Charges": NaN,
        "Other Special Charges": NaN,
        "Impairment Of Capital Assets": NaN,
        "Restructuring And Mergern Acquisition": NaN,
        "Net Non Operating Interest Income Expense": -739000.0,
        "Interest Expense Non Operating": 739000.0,
        "Operating Income": -16951000.0,
        "Operating Expense": 18049000.0,
        "Research And Development": 3298000.0,
        "Selling General And Administration": 14751000.0,
        "Gross Profit": 1098000.0,
        "Cost Of Revenue": 9945000.0,
        "Total Revenue": 11043000.0,
        "Operating Revenue": 11043000.0
    },
    "2023-09-30": {
        "Tax Effect Of Unusual Items": 0.0,
        "Tax Rate For Calcs": 0.0,
        "Normalized EBITDA": -13175000.0,
        "Total Unusual Items": -2051000.0,
        "Total Unusual Items Excluding Goodwill": -2051000.0,
        "Net Income From Continuing Operation Net Minority Interest": -16980000.0,
        "Reconciled Depreciation": 870000.0,
        "Reconciled Cost Of Revenue": 7960000.0,
        "EBITDA": -15226000.0,
        "EBIT": -16096000.0,
        "Net Interest Income": -884000.0,
        "Interest Expense": 884000.0,
        "Normalized Income": -14929000.0,
        "Net Income From Continuing And Discontinued Operation": -16980000.0,
        "Total Expenses": 24451000.0,
        "Total Operating Income As Reported": -16096000.0,
        "Diluted Average Shares": 94286107.0,
        "Basic Average Shares": 94286107.0,
        "Diluted EPS": -0.18,
        "Basic EPS": -0.18,
        "Diluted NI Availto Com Stockholders": -16980000.0,
        "Net Income Common Stockholders": -16980000.0,
        "Net Income": -16980000.0,
        "Net Income Including Noncontrolling Interests": -16980000.0,
        "Net Income Continuous Operations": -16980000.0,
        "Tax Provision": 0.0,
        "Pretax Income": -16980000.0,
        "Other Income Expense": -2051000.0,
        "Special Income Charges": -2051000.0,
        "Other Special Charges": NaN,
        "Impairment Of Capital Assets": 2051000.0,
        "Restructuring And Mergern Acquisition": NaN,
        "Net Non Operating Interest Income Expense": -884000.0,
        "Interest Expense Non Operating": 884000.0,
        "Operating Income": -14045000.0,
        "Operating Expense": 16491000.0,
        "Research And Development": 3049000.0,
        "Selling General And Administration": 13442000.0,
        "Gross Profit": 2446000.0,
        "Cost Of Revenue": 7960000.0,
        "Total Revenue": 10406000.0,
        "Operating Revenue": 10406000.0
    }
}