{
    "2023-05-31": {
        "Tax Effect Of Unusual Items": NaN,
        "Tax Rate For Calcs": NaN,
        "Normalized EBITDA": NaN,
        "Total Unusual Items": NaN,
        "Total Unusual Items Excluding Goodwill": NaN,
        "Net Income From Continuing Operation Net Minority Interest": NaN,
        "Reconciled Depreciation": NaN,
        "Reconciled Cost Of Revenue": NaN,
        "EBITDA": NaN,
        "EBIT": NaN,
        "Net Interest Income": NaN,
        "Interest Income": NaN,
        "Normalized Income": NaN,
        "Net Income From Continuing And Discontinued Operation": NaN,
        "Total Expenses": NaN,
        "Total Operating Income As Reported": NaN,
        "Diluted Average Shares": 15769442.0,
        "Basic Average Shares": 15742073.0,
        "Diluted EPS": 0.003387,
        "Basic EPS": 0.003393,
        "Diluted NI Availto Com Stockholders": NaN,
        "Net Income Common Stockholders": NaN,
        "Net Income": NaN,
        "Net Income Including Noncontrolling Interests": NaN,
        "Net Income Continuous Operations": NaN,
        "Tax Provision": NaN,
        "Pretax Income": NaN,
        "Other Income Expense": NaN,
        "Gain On Sale Of Security": NaN,
        "Net Non Operating Interest Income Expense": NaN,
        "Interest Income Non Operating": NaN,
        "Operating Income": NaN,
        "Operating Expense": NaN,
        "Research And Development": NaN,
        "Selling General And Administration": NaN,
        "Selling And Marketing Expense": NaN,
        "General And Administrative Expense": NaN,
        "Other Gand A": NaN,
        "Gross Profit": NaN,
        "Cost Of Revenue": NaN,
        "Total Revenue": NaN,
        "Operating Revenue": NaN
    },
    "2023-02-28": {
        "Tax Effect Of Unusual Items": NaN,
        "Tax Rate For Calcs": NaN,
        "Normalized EBITDA": NaN,
        "Total Unusual Items": NaN,
        "Total Unusual Items Excluding Goodwill": NaN,
        "Net Income From Continuing Operation Net Minority Interest": NaN,
        "Reconciled Depreciation": NaN,
        "Reconciled Cost Of Revenue": NaN,
        "EBITDA": NaN,
        "EBIT": NaN,
        "Net Interest Income": NaN,
        "Interest Income": NaN,
        "Normalized Income": NaN,
        "Net Income From Continuing And Discontinued Operation": NaN,
        "Total Expenses": NaN,
        "Total Operating Income As Reported": NaN,
        "Diluted Average Shares": NaN,
        "Basic Average Shares": NaN,
        "Diluted EPS": NaN,
        "Basic EPS": NaN,
        "Diluted NI Availto Com Stockholders": NaN,
        "Net Income Common Stockholders": NaN,
        "Net Income": NaN,
        "Net Income Including Noncontrolling Interests": NaN,
        "Net Income Continuous Operations": NaN,
        "Tax Provision": NaN,
        "Pretax Income": NaN,
        "Other Income Expense": NaN,
        "Special Income Charges": 0.0,
        "Gain On Sale Of Security": NaN,
        "Net Non Operating Interest Income Expense": NaN,
        "Interest Income Non Operating": NaN,
        "Operating Income": NaN,
        "Operating Expense": NaN,
        "Research And Development": NaN,
        "Selling General And Administration": NaN,
        "Selling And Marketing Expense": NaN,
        "General And Administrative Expense": NaN,
        "Other Gand A": NaN,
        "Gross Profit": NaN,
        "Cost Of Revenue": NaN,
        "Total Revenue": NaN,
        "Operating Revenue": NaN
    },
    "2022-11-30": {
        "Tax Effect Of Unusual Items": NaN,
        "Tax Rate For Calcs": NaN,
        "Normalized EBITDA": NaN,
        "Total Unusual Items": NaN,
        "Total Unusual Items Excluding Goodwill": NaN,
        "Net Income From Continuing Operation Net Minority Interest": NaN,
        "Reconciled Depreciation": NaN,
        "Reconciled Cost Of Revenue": NaN,
        "EBITDA": NaN,
        "EBIT": NaN,
        "Net Interest Income": NaN,
        "Interest Income": NaN,
        "Normalized Income": NaN,
        "Net Income From Continuing And Discontinued Operation": NaN,
        "Total Expenses": NaN,
        "Total Operating Income As Reported": NaN,
        "Diluted Average Shares": 15773370.0,
        "Basic Average Shares": 15738180.0,
        "Diluted EPS": 0.01,
        "Basic EPS": 0.01,
        "Diluted NI Availto Com Stockholders": NaN,
        "Net Income Common Stockholders": NaN,
        "Net Income": NaN,
        "Net Income Including Noncontrolling Interests": NaN,
        "Net Income Continuous Operations": NaN,
        "Tax Provision": NaN,
        "Pretax Income": NaN,
        "Other Income Expense": NaN,
        "Special Income Charges": 0.0,
        "Gain On Sale Of Security": NaN,
        "Net Non Operating Interest Income Expense": NaN,
        "Interest Income Non Operating": NaN,
        "Operating Income": NaN,
        "Operating Expense": NaN,
        "Research And Development": NaN,
        "Selling General And Administration": NaN,
        "Selling And Marketing Expense": NaN,
        "General And Administrative Expense": NaN,
        "Other Gand A": NaN,
        "Gross Profit": NaN,
        "Cost Of Revenue": NaN,
        "Total Revenue": NaN,
        "Operating Revenue": NaN
    },
    "2022-08-31": {
        "Tax Effect Of Unusual Items": NaN,
        "Tax Rate For Calcs": NaN,
        "Normalized EBITDA": NaN,
        "Total Unusual Items": NaN,
        "Total Unusual Items Excluding Goodwill": NaN,
        "Net Income From Continuing Operation Net Minority Interest": NaN,
        "Reconciled Depreciation": NaN,
        "Reconciled Cost Of Revenue": NaN,
        "EBITDA": NaN,
        "EBIT": NaN,
        "Net Interest Income": NaN,
        "Interest Income": NaN,
        "Normalized Income": NaN,
        "Net Income From Continuing And Discontinued Operation": NaN,
        "Total Expenses": NaN,
        "Total Operating Income As Reported": NaN,
        "Diluted Average Shares": 15775156.0,
        "Basic Average Shares": 15732550.0,
        "Diluted EPS": 0.01,
        "Basic EPS": 0.01,
        "Diluted NI Availto Com Stockholders": NaN,
        "Net Income Common Stockholders": NaN,
        "Net Income": NaN,
        "Net Income Including Noncontrolling Interests": NaN,
        "Net Income Continuous Operations": NaN,
        "Tax Provision": NaN,
        "Pretax Income": NaN,
        "Other Income Expense": NaN,
        "Special Income Charges": 0.0,
        "Gain On Sale Of Security": NaN,
        "Net Non Operating Interest Income Expense": NaN,
        "Interest Income Non Operating": NaN,
        "Operating Income": NaN,
        "Operating Expense": NaN,
        "Research And Development": NaN,
        "Selling General And Administration": NaN,
        "Selling And Marketing Expense": NaN,
        "General And Administrative Expense": NaN,
        "Other Gand A": NaN,
        "Gross Profit": NaN,
        "Cost Of Revenue": NaN,
        "Total Revenue": NaN,
        "Operating Revenue": NaN
    },
    "2022-05-31": {
        "Tax Effect Of Unusual Items": -2220.379069,
        "Tax Rate For Calcs": 0.187326,
        "Normalized EBITDA": 500018.0,
        "Total Unusual Items": -11853.0,
        "Total Unusual Items Excluding Goodwill": -11853.0,
        "Net Income From Continuing Operation Net Minority Interest": 305636.0,
        "Reconciled Depreciation": 107640.0,
        "Reconciled Cost Of Revenue": 1944522.0,
        "EBIT": 380525.0,
        "Net Interest Income": 7415.0,
        "Interest Income": 7415.0,
        "Normalized Income": 315268.620931,
        "Net Income From Continuing And Discontinued Operation": 305636.0,
        "Total Expenses": 3671010.0,
        "Total Operating Income As Reported": 380525.0,
        "Diluted Average Shares": 15752424.0,
        "Basic Average Shares": 15729175.0,
        "Diluted EPS": 0.02,
        "Basic EPS": 0.02,
        "Diluted NI Availto Com Stockholders": 305636.0,
        "Net Income Common Stockholders": 305636.0,
        "Net Income": 305636.0,
        "Net Income Including Noncontrolling Interests": 305636.0,
        "Net Income Continuous Operations": 305636.0,
        "Tax Provision": 70451.0,
        "Pretax Income": 376087.0,
        "Other Income Expense": -11853.0,
        "Special Income Charges": 0.0,
        "Gain On Sale Of Security": -11853.0,
        "Net Non Operating Interest Income Expense": 7415.0,
        "Interest Income Non Operating": 7415.0,
        "Operating Income": 380525.0,
        "Operating Expense": 1726488.0,
        "Research And Development": 516633.0,
        "Selling General And Administration": 1209855.0,
        "Selling And Marketing Expense": 789862.0,
        "General And Administrative Expense": 419993.0,
        "Other Gand A": 419993.0,
        "Gross Profit": 2107013.0,
        "Cost Of Revenue": 1944522.0,
        "Total Revenue": 4051535.0,
        "Operating Revenue": 4051535.0
    },
    "2022-02-28": {
        "Diluted EPS": 0.04,
        "Total Revenue": 5,
        "Gross Profit": 3,
        "Operating Income": 1,
        "EBIT": 1,
        "Net Income": 1
    },
    "2021-11-30": {
        "Diluted EPS": 0.02,
        "Total Revenue": 4,
        "Gross Profit": 2,
        "Operating Income": 0,
        "EBIT": 1,
        "Net Income": 0
    },
    "2021-08-31": {
        "Diluted EPS": 0.02,
        "Total Revenue": 4,
        "Gross Profit": 2,
        "Operating Income": 0,
        "EBIT": 1,
        "Net Income": 0
    },
    "2021-05-31": {
        "Diluted EPS": 0.08,
        "Total Revenue": 4,
        "Gross Profit": 2,
        "Operating Income": 0,
        "EBIT": 0,
        "Net Income": 1
    },
    "2021-02-28": {
        "Diluted EPS": 0.03,
        "Total Revenue": 4,
        "Gross Profit": 2,
        "Operating Income": 1,
        "EBIT": 1,
        "Net Income": 0
    },
    "2020-11-30": {
        "Diluted EPS": 0.02,
        "Total Revenue": 4,
        "Gross Profit": 2,
        "Operating Income": 0,
        "EBIT": 1,
        "Net Income": 0
    },
    "2020-08-31": {
        "Diluted EPS": 0.01,
        "Total Revenue": 3,
        "Gross Profit": 2,
        "Operating Income": 0,
        "EBIT": 0,
        "Net Income": 0
    },
    "2020-05-31": {
        "Diluted EPS": 0.01,
        "Total Revenue": 3,
        "Gross Profit": 2,
        "Operating Income": 0,
        "EBIT": 0,
        "Net Income": 0
    },
    "2020-02-29": {
        "Diluted EPS": 0.04,
        "Total Revenue": 6,
        "Gross Profit": 3,
        "Operating Income": 1,
        "EBIT": 1,
        "Net Income": 1
    },
    "2019-11-30": {
        "Diluted EPS": 0.02,
        "Total Revenue": 4,
        "Gross Profit": 2,
        "Operating Income": 0,
        "EBIT": 0,
        "Net Income": 0
    },
    "2019-08-31": {
        "Diluted EPS": 0.01,
        "Total Revenue": 3,
        "Gross Profit": 2,
        "Operating Income": 0,
        "EBIT": 0,
        "Net Income": 0
    },
    "2019-05-31": {
        "Diluted EPS": 0.0,
        "Total Revenue": 3,
        "Gross Profit": 1,
        "Operating Income": 0,
        "EBIT": 0,
        "Net Income": 0
    },
    "2019-02-28": {
        "Diluted EPS": 0.0,
        "Total Revenue": 3,
        "Gross Profit": 1,
        "Operating Income": 0,
        "EBIT": 0,
        "Net Income": 0
    },
    "2018-11-30": {
        "Diluted EPS": 0.0,
        "Total Revenue": 3,
        "Gross Profit": 1,
        "Operating Income": 0,
        "EBIT": 0,
        "Net Income": 0
    },
    "2018-08-31": {
        "Diluted EPS": 0.0,
        "Total Revenue": 3,
        "Gross Profit": 1,
        "Operating Income": 0,
        "EBIT": 0,
        "Net Income": 0
    },
    "2018-05-31": {
        "Diluted EPS": 0.0,
        "Total Revenue": 3,
        "Gross Profit": 1,
        "Operating Income": 0,
        "EBIT": 0,
        "Net Income": 0
    },
    "2018-02-28": {
        "Diluted EPS": 0.01,
        "Total Revenue": 3,
        "Gross Profit": 1,
        "Operating Income": 0,
        "EBIT": 0,
        "Net Income": 0
    },
    "2017-11-30": {
        "Diluted EPS": 0.01,
        "Total Revenue": 3,
        "Gross Profit": 1,
        "Operating Income": 0,
        "EBIT": 0,
        "Net Income": 0
    },
    "2017-08-31": {
        "Diluted EPS": 0.0,
        "Total Revenue": 3,
        "Gross Profit": 1,
        "Operating Income": 0,
        "EBIT": 0,
        "Net Income": 0
    },
    "2017-05-31": {
        "Diluted EPS": 0.0,
        "Total Revenue": 3,
        "Gross Profit": 1,
        "Operating Income": 0,
        "EBIT": 0,
        "Net Income": 0
    },
    "2017-02-28": {
        "Diluted EPS": 0.02,
        "Total Revenue": 2,
        "Gross Profit": 1,
        "Operating Income": 0,
        "EBIT": 0,
        "Net Income": 0
    },
    "2016-11-30": {
        "Diluted EPS": 0.0,
        "Total Revenue": 3,
        "Gross Profit": 1,
        "Operating Income": 0,
        "EBIT": 0,
        "Net Income": 0
    },
    "2016-08-31": {
        "Diluted EPS": -0.01,
        "Total Revenue": 2,
        "Gross Profit": 1,
        "Operating Income": 0,
        "EBIT": 0,
        "Net Income": 0
    },
    "2016-05-31": {
        "Diluted EPS": 0.0,
        "Total Revenue": 2,
        "Gross Profit": 1,
        "Operating Income": 0,
        "EBIT": 0,
        "Net Income": 0
    },
    "2016-02-29": {
        "Diluted EPS": 0.0,
        "Total Revenue": 3,
        "Gross Profit": 1,
        "Operating Income": 0,
        "EBIT": 0,
        "Net Income": 0
    },
    "2015-11-30": {
        "Diluted EPS": 0.02,
        "Total Revenue": 3,
        "Gross Profit": 1,
        "Operating Income": 0,
        "EBIT": 0,
        "Net Income": 0
    },
    "2015-08-31": {
        "Diluted EPS": 0.01,
        "Total Revenue": 3,
        "Gross Profit": 1,
        "Operating Income": 0,
        "EBIT": 0,
        "Net Income": 0
    },
    "2015-05-31": {
        "Diluted EPS": 0.01,
        "Total Revenue": 3,
        "Gross Profit": 1,
        "Operating Income": 0,
        "EBIT": 0,
        "Net Income": 0
    },
    "2015-02-28": {
        "Diluted EPS": 0.02,
        "Total Revenue": 3,
        "Gross Profit": 1,
        "Operating Income": 0,
        "EBIT": 0,
        "Net Income": 0
    },
    "2014-11-30": {
        "Diluted EPS": 0.01,
        "Total Revenue": 3,
        "Gross Profit": 1,
        "Operating Income": 0,
        "EBIT": 0,
        "Net Income": 0
    },
    "2014-08-31": {
        "Diluted EPS": 0.01,
        "Total Revenue": 3,
        "Gross Profit": 1,
        "Operating Income": 0,
        "EBIT": 0,
        "Net Income": 0
    },
    "2014-05-31": {
        "Diluted EPS": 0.01,
        "Total Revenue": 2,
        "Gross Profit": 1,
        "Operating Income": 0,
        "EBIT": 0,
        "Net Income": 0
    },
    "2014-02-28": {
        "Diluted EPS": 0.0,
        "Total Revenue": 3,
        "Gross Profit": 1,
        "Operating Income": 0,
        "EBIT": 0,
        "Net Income": 0
    },
    "2013-11-30": {
        "Diluted EPS": 0.01,
        "Total Revenue": 3,
        "Gross Profit": 1,
        "Operating Income": 0,
        "EBIT": 0,
        "Net Income": 0
    },
    "2013-08-31": {
        "Diluted EPS": 0.01,
        "Total Revenue": 3,
        "Gross Profit": 1,
        "Operating Income": 0,
        "EBIT": 0,
        "Net Income": 0
    },
    "2013-05-31": {
        "Diluted EPS": 0.01,
        "Total Revenue": 2,
        "Gross Profit": 1,
        "Operating Income": 0,
        "EBIT": 0,
        "Net Income": 0
    },
    "2013-02-28": {
        "Diluted EPS": 0.0,
        "Total Revenue": 2,
        "Gross Profit": 1,
        "Operating Income": 0,
        "EBIT": 0,
        "Net Income": 0
    },
    "2012-11-30": {
        "Diluted EPS": 0.0,
        "Total Revenue": 2,
        "Gross Profit": 1,
        "Operating Income": 0,
        "EBIT": 0,
        "Net Income": 0
    },
    "2012-08-31": {
        "Diluted EPS": 0.0,
        "Total Revenue": 2,
        "Gross Profit": 1,
        "Operating Income": 0,
        "EBIT": 0,
        "Net Income": 0
    },
    "2012-05-31": {
        "Diluted EPS": 0.0,
        "Total Revenue": 3,
        "Gross Profit": 1,
        "Operating Income": 0,
        "EBIT": 0,
        "Net Income": 0
    },
    "2012-02-29": {
        "Diluted EPS": 0.03,
        "Total Revenue": 3,
        "Gross Profit": 2,
        "Operating Income": 0,
        "EBIT": 0,
        "Net Income": 1
    },
    "2011-11-30": {
        "Diluted EPS": 0.01,
        "Total Revenue": 3,
        "Gross Profit": 2,
        "Operating Income": 0,
        "EBIT": 0,
        "Net Income": 0
    },
    "2011-08-31": {
        "Diluted EPS": 0.03,
        "Total Revenue": 3,
        "Gross Profit": 2,
        "Operating Income": 0,
        "EBIT": 1,
        "Net Income": 0
    },
    "2011-05-31": {
        "Diluted EPS": 0.02,
        "Total Revenue": 3,
        "Gross Profit": 1,
        "Operating Income": 0,
        "EBIT": 0,
        "Net Income": 0
    },
    "2011-02-28": {
        "Diluted EPS": 0.01,
        "Total Revenue": 3,
        "Gross Profit": 1,
        "Operating Income": 0,
        "EBIT": 0,
        "Net Income": 0
    },
    "2010-11-30": {
        "Diluted EPS": 0.01,
        "Total Revenue": 3,
        "Gross Profit": 1,
        "Operating Income": 0,
        "EBIT": 0,
        "Net Income": 0
    },
    "2010-08-31": {
        "Diluted EPS": 0.01,
        "Total Revenue": 2,
        "Gross Profit": 1,
        "Operating Income": 0,
        "EBIT": 0,
        "Net Income": 0
    },
    "2010-05-31": {
        "Diluted EPS": 0.01,
        "Total Revenue": 2,
        "Gross Profit": 1,
        "Operating Income": 0,
        "EBIT": 0,
        "Net Income": 0
    },
    "2010-02-28": {
        "Diluted EPS": 0.01,
        "Total Revenue": 2,
        "Gross Profit": 1,
        "Operating Income": 0,
        "EBIT": 0,
        "Net Income": 0
    },
    "2009-11-30": {
        "Diluted EPS": 0.01,
        "Total Revenue": 2,
        "Gross Profit": 1,
        "Operating Income": 0,
        "EBIT": 0,
        "Net Income": 0
    },
    "2009-08-31": {
        "Diluted EPS": 0.0,
        "Total Revenue": 2,
        "Gross Profit": 1,
        "Operating Income": 0,
        "EBIT": 0,
        "Net Income": 0
    },
    "2009-05-31": {
        "Diluted EPS": -0.01,
        "Total Revenue": 1,
        "Gross Profit": 1,
        "Operating Income": 0,
        "EBIT": 0,
        "Net Income": 0
    },
    "2009-02-28": {
        "Diluted EPS": -0.02,
        "Total Revenue": 2,
        "Gross Profit": 1,
        "Operating Income": 0,
        "EBIT": 0,
        "Net Income": 0
    },
    "2023-08-31": {
        "Tax Effect Of Unusual Items": -1414.412898,
        "Tax Rate For Calcs": 0.20791,
        "Normalized EBITDA": 716276.0,
        "Total Unusual Items": -6803.0,
        "Total Unusual Items Excluding Goodwill": -6803.0,
        "Net Income From Continuing Operation Net Minority Interest": 541273.0,
        "Reconciled Depreciation": 143615.0,
        "Reconciled Cost Of Revenue": 2838549.0,
        "EBITDA": 709473.0,
        "EBIT": 565858.0,
        "Net Interest Income": 124293.0,
        "Interest Income": 124293.0,
        "Normalized Income": 546661.587102,
        "Net Income From Continuing And Discontinued Operation": 541273.0,
        "Total Expenses": 5073259.0,
        "Total Operating Income As Reported": 565858.0,
        "Diluted Average Shares": 15773665.0,
        "Basic Average Shares": 15743069.0,
        "Diluted EPS": 0.03,
        "Basic EPS": 0.03,
        "Diluted NI Availto Com Stockholders": 541273.0,
        "Net Income Common Stockholders": 541273.0,
        "Net Income": 541273.0,
        "Net Income Including Noncontrolling Interests": 541273.0,
        "Net Income Continuous Operations": 541273.0,
        "Tax Provision": 142075.0,
        "Pretax Income": 683348.0,
        "Other Income Expense": -6803.0,
        "Gain On Sale Of Security": -6803.0,
        "Net Non Operating Interest Income Expense": 124293.0,
        "Interest Income Non Operating": 124293.0,
        "Operating Income": 565858.0,
        "Operating Expense": 2234710.0,
        "Research And Development": 789261.0,
        "Selling General And Administration": 1445449.0,
        "Selling And Marketing Expense": 944526.0,
        "General And Administrative Expense": 500923.0,
        "Other Gand A": 500923.0,
        "Gross Profit": 2800568.0,
        "Cost Of Revenue": 2838549.0,
        "Total Revenue": 5639117.0,
        "Operating Revenue": 5639117.0
    },
    "2023-11-30": {
        "Tax Effect Of Unusual Items": 4536.497792,
        "Tax Rate For Calcs": 0.224846,
        "Normalized EBITDA": 849868.0,
        "Total Unusual Items": 20176.0,
        "Total Unusual Items Excluding Goodwill": 20176.0,
        "Net Income From Continuing Operation Net Minority Interest": 690169.0,
        "Reconciled Depreciation": 149522.0,
        "Reconciled Cost Of Revenue": 2764013.0,
        "EBITDA": 870044.0,
        "EBIT": 720522.0,
        "Net Interest Income": 149666.0,
        "Interest Income": 149666.0,
        "Normalized Income": 674529.497792,
        "Net Income From Continuing And Discontinued Operation": 690169.0,
        "Total Expenses": 4969500.0,
        "Total Operating Income As Reported": 720522.0,
        "Diluted Average Shares": 15776972.0,
        "Basic Average Shares": 15744543.0,
        "Diluted EPS": 0.04,
        "Basic EPS": 0.04,
        "Diluted NI Availto Com Stockholders": 690169.0,
        "Net Income Common Stockholders": 690169.0,
        "Net Income": 690169.0,
        "Net Income Including Noncontrolling Interests": 690169.0,
        "Net Income Continuous Operations": 690169.0,
        "Tax Provision": 200195.0,
        "Pretax Income": 890364.0,
        "Other Income Expense": 20176.0,
        "Gain On Sale Of Security": 20176.0,
        "Net Non Operating Interest Income Expense": 149666.0,
        "Interest Income Non Operating": 149666.0,
        "Operating Income": 720522.0,
        "Operating Expense": 2205487.0,
        "Research And Development": 776013.0,
        "Selling General And Administration": 1429474.0,
        "Selling And Marketing Expense": 955017.0,
        "General And Administrative Expense": 474457.0,
        "Other Gand A": 474457.0,
        "Gross Profit": 2926009.0,
        "Cost Of Revenue": 2764013.0,
        "Total Revenue": 5690022.0,
        "Operating Revenue": 4710022.0
    },
    "2024-02-29": {
        "Tax Effect Of Unusual Items": 279.09,
        "Tax Rate For Calcs": 0.21,
        "Normalized EBITDA": 155213.0,
        "Total Unusual Items": 1329.0,
        "Total Unusual Items Excluding Goodwill": 1329.0,
        "Net Income From Continuing Operation Net Minority Interest": 156615.0,
        "Reconciled Depreciation": 168821.0,
        "Reconciled Cost Of Revenue": 2426963.0,
        "EBITDA": 156542.0,
        "EBIT": -12279.0,
        "Net Interest Income": 149786.0,
        "Interest Income": 149786.0,
        "Normalized Income": 155565.09,
        "Net Income From Continuing And Discontinued Operation": 156615.0,
        "Total Expenses": 4780008.0,
        "Total Operating Income As Reported": -12279.0,
        "Diluted Average Shares": NaN,
        "Basic Average Shares": NaN,
        "Diluted EPS": NaN,
        "Basic EPS": NaN,
        "Diluted NI Availto Com Stockholders": 156615.0,
        "Net Income Common Stockholders": 156615.0,
        "Net Income": 156615.0,
        "Net Income Including Noncontrolling Interests": 156615.0,
        "Net Income Continuous Operations": 156615.0,
        "Tax Provision": -17779.0,
        "Pretax Income": 138836.0,
        "Other Income Expense": 1329.0,
        "Gain On Sale Of Security": 1329.0,
        "Net Non Operating Interest Income Expense": 149786.0,
        "Interest Income Non Operating": 149786.0,
        "Operating Income": -12279.0,
        "Operating Expense": 2353045.0,
        "Research And Development": 664061.0,
        "Selling General And Administration": 1688984.0,
        "Selling And Marketing Expense": 995543.0,
        "General And Administrative Expense": 693441.0,
        "Other Gand A": 693441.0,
        "Gross Profit": 2340766.0,
        "Cost Of Revenue": 2426963.0,
        "Total Revenue": 4767843.0,
        "Operating Revenue": 3412843.0
    },
    "2024-05-31": {
        "Tax Effect Of Unusual Items": 1601.210071,
        "Tax Rate For Calcs": 0.154542,
        "Normalized EBITDA": 386426.0,
        "Total Unusual Items": 10361.0,
        "Total Unusual Items Excluding Goodwill": 10361.0,
        "Net Income From Continuing Operation Net Minority Interest": 330837.0,
        "Reconciled Depreciation": 158491.0,
        "Reconciled Cost Of Revenue": 2576551.0,
        "EBITDA": 396787.0,
        "EBIT": 238296.0,
        "Net Interest Income": 142654.0,
        "Interest Income": 142654.0,
        "Normalized Income": 322077.210071,
        "Net Income From Continuing And Discontinued Operation": 330837.0,
        "Total Expenses": 4792742.0,
        "Total Operating Income As Reported": 238296.0,
        "Diluted Average Shares": 15774376.0,
        "Basic Average Shares": 15750880.0,
        "Diluted EPS": 0.02,
        "Basic EPS": 0.02,
        "Diluted NI Availto Com Stockholders": 330837.0,
        "Net Income Common Stockholders": 330837.0,
        "Net Income": 330837.0,
        "Net Income Including Noncontrolling Interests": 330837.0,
        "Net Income Continuous Operations": 330837.0,
        "Tax Provision": 60474.0,
        "Pretax Income": 391311.0,
        "Other Income Expense": 10361.0,
        "Gain On Sale Of Security": 10361.0,
        "Net Non Operating Interest Income Expense": 142654.0,
        "Interest Income Non Operating": 142654.0,
        "Operating Income": 238296.0,
        "Operating Expense": 2216191.0,
        "Research And Development": 731430.0,
        "Selling General And Administration": 1484761.0,
        "Selling And Marketing Expense": 897190.0,
        "General And Administrative Expense": 587571.0,
        "Other Gand A": 587571.0,
        "Gross Profit": 2454487.0,
        "Cost Of Revenue": 2576551.0,
        "Total Revenue": 5031038.0,
        "Operating Revenue": 5031038.0
    },
    "2024-08-31": {
        "Tax Effect Of Unusual Items": 7773.426923,
        "Tax Rate For Calcs": 0.178371,
        "Normalized EBITDA": 420296.0,
        "Total Unusual Items": 43580.0,
        "Total Unusual Items Excluding Goodwill": 43580.0,
        "Net Income From Continuing Operation Net Minority Interest": 340685.0,
        "Reconciled Depreciation": 177886.0,
        "Reconciled Cost Of Revenue": 2645685.0,
        "EBITDA": 463876.0,
        "EBIT": 285990.0,
        "Net Interest Income": 85076.0,
        "Interest Income": 85076.0,
        "Normalized Income": 304878.426923,
        "Net Income From Continuing And Discontinued Operation": 340685.0,
        "Total Expenses": 4875792.0,
        "Total Operating Income As Reported": 285990.0,
        "Diluted Average Shares": 15768251.0,
        "Basic Average Shares": 15750910.0,
        "Diluted EPS": 0.02,
        "Basic EPS": 0.02,
        "Diluted NI Availto Com Stockholders": 340685.0,
        "Net Income Common Stockholders": 340685.0,
        "Net Income": 340685.0,
        "Net Income Including Noncontrolling Interests": 340685.0,
        "Net Income Continuous Operations": 340685.0,
        "Tax Provision": 73961.0,
        "Pretax Income": 414646.0,
        "Other Income Expense": 43580.0,
        "Gain On Sale Of Security": 43580.0,
        "Net Non Operating Interest Income Expense": 85076.0,
        "Interest Income Non Operating": 85076.0,
        "Operating Income": 285990.0,
        "Operating Expense": 2230107.0,
        "Research And Development": 695873.0,
        "Selling General And Administration": 1534234.0,
        "Selling And Marketing Expense": 988418.0,
        "General And Administrative Expense": 545816.0,
        "Other Gand A": 545816.0,
        "Gross Profit": 2516097.0,
        "Cost Of Revenue": 2645685.0,
        "Total Revenue": 5161782.0,
        "Operating Revenue": 5161782.0
    }
}