{
    "2023-03-31": {
        "Tax Effect Of Unusual Items": NaN,
        "Tax Rate For Calcs": NaN,
        "Normalized EBITDA": NaN,
        "Total Unusual Items": NaN,
        "Total Unusual Items Excluding Goodwill": NaN,
        "Net Income From Continuing Operation Net Minority Interest": NaN,
        "Reconciled Depreciation": NaN,
        "Reconciled Cost Of Revenue": NaN,
        "EBITDA": NaN,
        "EBIT": NaN,
        "Net Interest Income": NaN,
        "Interest Expense": NaN,
        "Interest Income": NaN,
        "Normalized Income": NaN,
        "Net Income From Continuing And Discontinued Operation": NaN,
        "Total Expenses": NaN,
        "Total Operating Income As Reported": NaN,
        "Diluted Average Shares": NaN,
        "Basic Average Shares": NaN,
        "Diluted EPS": NaN,
        "Basic EPS": NaN,
        "Diluted NI Availto Com Stockholders": NaN,
        "Net Income Common Stockholders": NaN,
        "Preferred Stock Dividends": NaN,
        "Net Income": NaN,
        "Net Income Including Noncontrolling Interests": NaN,
        "Net Income Continuous Operations": NaN,
        "Tax Provision": NaN,
        "Pretax Income": NaN,
        "Other Income Expense": NaN,
        "Other Non Operating Income Expenses": NaN,
        "Special Income Charges": NaN,
        "Other Special Charges": NaN,
        "Restructuring And Mergern Acquisition": NaN,
        "Gain On Sale Of Security": -571000.0,
        "Net Non Operating Interest Income Expense": NaN,
        "Interest Expense Non Operating": NaN,
        "Interest Income Non Operating": NaN,
        "Operating Income": NaN,
        "Operating Expense": NaN,
        "Depreciation Amortization Depletion Income Statement": NaN,
        "Depreciation And Amortization In Income Statement": NaN,
        "Amortization": NaN,
        "Amortization Of Intangibles Income Statement": NaN,
        "Research And Development": NaN,
        "Selling General And Administration": NaN,
        "Selling And Marketing Expense": NaN,
        "General And Administrative Expense": NaN,
        "Other Gand A": NaN,
        "Gross Profit": NaN,
        "Cost Of Revenue": NaN,
        "Total Revenue": NaN,
        "Operating Revenue": NaN
    },
    "2022-12-31": {
        "Tax Effect Of Unusual Items": NaN,
        "Tax Rate For Calcs": NaN,
        "Normalized EBITDA": NaN,
        "Total Unusual Items": NaN,
        "Total Unusual Items Excluding Goodwill": NaN,
        "Net Income From Continuing Operation Net Minority Interest": NaN,
        "Reconciled Depreciation": NaN,
        "Reconciled Cost Of Revenue": NaN,
        "EBITDA": NaN,
        "EBIT": NaN,
        "Net Interest Income": NaN,
        "Interest Expense": NaN,
        "Interest Income": NaN,
        "Normalized Income": NaN,
        "Net Income From Continuing And Discontinued Operation": NaN,
        "Total Expenses": NaN,
        "Total Operating Income As Reported": NaN,
        "Diluted Average Shares": NaN,
        "Basic Average Shares": NaN,
        "Diluted EPS": NaN,
        "Basic EPS": NaN,
        "Diluted NI Availto Com Stockholders": NaN,
        "Net Income Common Stockholders": NaN,
        "Preferred Stock Dividends": NaN,
        "Net Income": NaN,
        "Net Income Including Noncontrolling Interests": NaN,
        "Net Income Continuous Operations": NaN,
        "Tax Provision": NaN,
        "Pretax Income": NaN,
        "Other Income Expense": NaN,
        "Other Non Operating Income Expenses": NaN,
        "Special Income Charges": NaN,
        "Other Special Charges": NaN,
        "Restructuring And Mergern Acquisition": NaN,
        "Gain On Sale Of Security": 0.0,
        "Net Non Operating Interest Income Expense": NaN,
        "Interest Expense Non Operating": NaN,
        "Interest Income Non Operating": NaN,
        "Operating Income": NaN,
        "Operating Expense": NaN,
        "Depreciation Amortization Depletion Income Statement": NaN,
        "Depreciation And Amortization In Income Statement": NaN,
        "Amortization": NaN,
        "Amortization Of Intangibles Income Statement": NaN,
        "Research And Development": NaN,
        "Selling General And Administration": NaN,
        "Selling And Marketing Expense": NaN,
        "General And Administrative Expense": NaN,
        "Other Gand A": NaN,
        "Gross Profit": NaN,
        "Cost Of Revenue": NaN,
        "Total Revenue": NaN,
        "Operating Revenue": NaN
    },
    "2022-09-30": {
        "Tax Effect Of Unusual Items": NaN,
        "Tax Rate For Calcs": NaN,
        "Normalized EBITDA": NaN,
        "Total Unusual Items": NaN,
        "Total Unusual Items Excluding Goodwill": NaN,
        "Net Income From Continuing Operation Net Minority Interest": NaN,
        "Reconciled Depreciation": NaN,
        "Reconciled Cost Of Revenue": NaN,
        "EBITDA": NaN,
        "EBIT": NaN,
        "Net Interest Income": NaN,
        "Interest Expense": NaN,
        "Interest Income": NaN,
        "Normalized Income": NaN,
        "Net Income From Continuing And Discontinued Operation": NaN,
        "Total Expenses": NaN,
        "Total Operating Income As Reported": NaN,
        "Diluted Average Shares": 197006980.0,
        "Basic Average Shares": 197006980.0,
        "Diluted EPS": -0.15,
        "Basic EPS": -0.15,
        "Diluted NI Availto Com Stockholders": NaN,
        "Net Income Common Stockholders": NaN,
        "Preferred Stock Dividends": NaN,
        "Net Income": NaN,
        "Net Income Including Noncontrolling Interests": NaN,
        "Net Income Continuous Operations": NaN,
        "Tax Provision": NaN,
        "Pretax Income": NaN,
        "Other Income Expense": NaN,
        "Other Non Operating Income Expenses": NaN,
        "Special Income Charges": NaN,
        "Restructuring And Mergern Acquisition": NaN,
        "Gain On Sale Of Security": -1075000.0,
        "Net Non Operating Interest Income Expense": NaN,
        "Interest Expense Non Operating": NaN,
        "Interest Income Non Operating": NaN,
        "Operating Income": NaN,
        "Operating Expense": NaN,
        "Depreciation Amortization Depletion Income Statement": NaN,
        "Depreciation And Amortization In Income Statement": NaN,
        "Amortization": NaN,
        "Amortization Of Intangibles Income Statement": NaN,
        "Research And Development": NaN,
        "Selling General And Administration": NaN,
        "Selling And Marketing Expense": NaN,
        "General And Administrative Expense": NaN,
        "Other Gand A": NaN,
        "Gross Profit": NaN,
        "Cost Of Revenue": NaN,
        "Total Revenue": NaN,
        "Operating Revenue": NaN
    },
    "2022-06-30": {
        "Tax Effect Of Unusual Items": -5600.0,
        "Tax Rate For Calcs": 0.4,
        "Normalized EBITDA": -28693000.0,
        "Total Unusual Items": -14000.0,
        "Total Unusual Items Excluding Goodwill": -14000.0,
        "Net Income From Continuing Operation Net Minority Interest": -30668000.0,
        "Reconciled Depreciation": 1676000.0,
        "Reconciled Cost Of Revenue": 2488000.0,
        "EBITDA": -28707000.0,
        "EBIT": -28707000.0,
        "Net Interest Income": -1535000.0,
        "Interest Expense": 1572000.0,
        "Interest Income": 37000.0,
        "Normalized Income": -30659600.0,
        "Net Income From Continuing And Discontinued Operation": -30668000.0,
        "Total Expenses": 35082000.0,
        "Total Operating Income As Reported": -28930000.0,
        "Diluted Average Shares": 162004172.0,
        "Basic Average Shares": 162004172.0,
        "Diluted EPS": -0.19,
        "Basic EPS": -0.19,
        "Diluted NI Availto Com Stockholders": -30668000.0,
        "Net Income Common Stockholders": -30668000.0,
        "Net Income": -30668000.0,
        "Net Income Including Noncontrolling Interests": -30668000.0,
        "Net Income Continuous Operations": -30668000.0,
        "Tax Provision": 389000.0,
        "Pretax Income": -30279000.0,
        "Other Income Expense": 186000.0,
        "Other Non Operating Income Expenses": 200000.0,
        "Special Income Charges": NaN,
        "Restructuring And Mergern Acquisition": NaN,
        "Gain On Sale Of Security": -14000.0,
        "Net Non Operating Interest Income Expense": -1535000.0,
        "Interest Expense Non Operating": 1572000.0,
        "Interest Income Non Operating": 37000.0,
        "Operating Income": -28930000.0,
        "Operating Expense": 32594000.0,
        "Research And Development": 18862000.0,
        "Selling General And Administration": 13732000.0,
        "Selling And Marketing Expense": 4370000.0,
        "General And Administrative Expense": 9362000.0,
        "Other Gand A": 9362000.0,
        "Gross Profit": 3664000.0,
        "Cost Of Revenue": 2488000.0,
        "Total Revenue": 6152000.0,
        "Operating Revenue": 6152000.0
    },
    "2022-03-31": {
        "Diluted EPS": -0.36,
        "Total Revenue": 4,
        "Gross Profit": 3,
        "Operating Income": -21,
        "EBIT": -17,
        "Net Income": -25
    },
    "2021-12-31": {
        "Diluted EPS": 1.77,
        "Total Revenue": 9,
        "Gross Profit": 6,
        "Operating Income": -36,
        "EBIT": -31,
        "Net Income": -41
    },
    "2021-09-30": {
        "Diluted EPS": -0.35,
        "Total Revenue": 4,
        "Gross Profit": 2,
        "Operating Income": -17,
        "EBIT": -14,
        "Net Income": -24
    },
    "2021-06-30": {
        "Diluted EPS": -0.22,
        "Total Revenue": 8,
        "Gross Profit": 7,
        "Operating Income": -12,
        "EBIT": -12,
        "Net Income": -15
    },
    "2021-03-31": {
        "Diluted EPS": -2.38,
        "Total Revenue": NaN,
        "Gross Profit": NaN,
        "Operating Income": 0,
        "EBIT": 0,
        "Net Income": 0
    },
    "2020-12-31": {
        "Diluted EPS": 0.0,
        "Total Revenue": NaN,
        "Gross Profit": NaN,
        "Operating Income": NaN,
        "EBIT": NaN,
        "Net Income": NaN
    },
    "2023-06-30": {
        "Tax Effect Of Unusual Items": NaN,
        "Tax Rate For Calcs": NaN,
        "Normalized EBITDA": NaN,
        "Total Unusual Items": NaN,
        "Total Unusual Items Excluding Goodwill": NaN,
        "Net Income From Continuing Operation Net Minority Interest": NaN,
        "Reconciled Depreciation": NaN,
        "Reconciled Cost Of Revenue": NaN,
        "EBITDA": NaN,
        "EBIT": NaN,
        "Net Interest Income": NaN,
        "Interest Expense": NaN,
        "Interest Income": NaN,
        "Normalized Income": NaN,
        "Net Income From Continuing And Discontinued Operation": NaN,
        "Total Expenses": NaN,
        "Total Operating Income As Reported": NaN,
        "Diluted Average Shares": 220772111.0,
        "Basic Average Shares": 220772111.0,
        "Diluted EPS": -0.11,
        "Basic EPS": -0.11,
        "Diluted NI Availto Com Stockholders": NaN,
        "Net Income Common Stockholders": NaN,
        "Preferred Stock Dividends": 877000.0,
        "Net Income": NaN,
        "Net Income Including Noncontrolling Interests": NaN,
        "Net Income Continuous Operations": NaN,
        "Tax Provision": NaN,
        "Pretax Income": NaN,
        "Other Income Expense": NaN,
        "Other Non Operating Income Expenses": NaN,
        "Special Income Charges": NaN,
        "Other Special Charges": 837000.0,
        "Restructuring And Mergern Acquisition": NaN,
        "Gain On Sale Of Security": -1328000.0,
        "Net Non Operating Interest Income Expense": NaN,
        "Interest Expense Non Operating": NaN,
        "Interest Income Non Operating": NaN,
        "Operating Income": NaN,
        "Operating Expense": NaN,
        "Depreciation Amortization Depletion Income Statement": 0.0,
        "Depreciation And Amortization In Income Statement": 0.0,
        "Amortization": 0.0,
        "Amortization Of Intangibles Income Statement": 0.0,
        "Research And Development": NaN,
        "Selling General And Administration": NaN,
        "Selling And Marketing Expense": NaN,
        "General And Administrative Expense": NaN,
        "Other Gand A": NaN,
        "Gross Profit": NaN,
        "Cost Of Revenue": NaN,
        "Total Revenue": NaN,
        "Operating Revenue": NaN
    },
    "2023-09-30": {
        "Tax Effect Of Unusual Items": 0.0,
        "Tax Rate For Calcs": 0.21,
        "Normalized EBITDA": -13194000.0,
        "Total Unusual Items": 0.0,
        "Total Unusual Items Excluding Goodwill": 0.0,
        "Net Income From Continuing Operation Net Minority Interest": -20197000.0,
        "Reconciled Depreciation": -1184000.0,
        "Reconciled Cost Of Revenue": 4774000.0,
        "EBITDA": -13194000.0,
        "EBIT": -13194000.0,
        "Net Interest Income": -4238000.0,
        "Interest Expense": 5442000.0,
        "Interest Income": 1204000.0,
        "Normalized Income": -20197000.0,
        "Net Income From Continuing And Discontinued Operation": -20197000.0,
        "Total Expenses": 27798000.0,
        "Total Operating Income As Reported": -14530000.0,
        "Diluted Average Shares": 242022268.0,
        "Basic Average Shares": 242022268.0,
        "Diluted EPS": -0.09,
        "Basic EPS": -0.09,
        "Diluted NI Availto Com Stockholders": -20844000.0,
        "Net Income Common Stockholders": -20844000.0,
        "Preferred Stock Dividends": 647000.0,
        "Net Income": -20197000.0,
        "Net Income Including Noncontrolling Interests": -20197000.0,
        "Net Income Continuous Operations": -20197000.0,
        "Tax Provision": 1561000.0,
        "Pretax Income": -18636000.0,
        "Other Income Expense": 132000.0,
        "Other Non Operating Income Expenses": 132000.0,
        "Special Income Charges": 0.0,
        "Other Special Charges": NaN,
        "Restructuring And Mergern Acquisition": 0.0,
        "Gain On Sale Of Security": NaN,
        "Net Non Operating Interest Income Expense": -4238000.0,
        "Interest Expense Non Operating": 5442000.0,
        "Interest Income Non Operating": 1204000.0,
        "Operating Income": -14530000.0,
        "Operating Expense": 24208000.0,
        "Depreciation Amortization Depletion Income Statement": 0.0,
        "Depreciation And Amortization In Income Statement": 0.0,
        "Amortization": 0.0,
        "Amortization Of Intangibles Income Statement": 0.0,
        "Research And Development": 12806000.0,
        "Selling General And Administration": 11402000.0,
        "Selling And Marketing Expense": 4471000.0,
        "General And Administrative Expense": 6931000.0,
        "Other Gand A": 6931000.0,
        "Gross Profit": 9678000.0,
        "Cost Of Revenue": 3590000.0,
        "Total Revenue": 13268000.0,
        "Operating Revenue": 13268000.0
    },
    "2023-12-31": {
        "Tax Effect Of Unusual Items": -169260.0,
        "Tax Rate For Calcs": 0.21,
        "Normalized EBITDA": -6412000.0,
        "Total Unusual Items": -806000.0,
        "Total Unusual Items Excluding Goodwill": -806000.0,
        "Net Income From Continuing Operation Net Minority Interest": -18003000.0,
        "Reconciled Depreciation": 3718000.0,
        "Reconciled Cost Of Revenue": 3911000.0,
        "EBITDA": -7218000.0,
        "EBIT": -10936000.0,
        "Net Interest Income": -4669000.0,
        "Interest Expense": 5460000.0,
        "Interest Income": 791000.0,
        "Normalized Income": -17366260.0,
        "Net Income From Continuing And Discontinued Operation": -18003000.0,
        "Total Expenses": 28734000.0,
        "Total Operating Income As Reported": -12393000.0,
        "Diluted Average Shares": NaN,
        "Basic Average Shares": NaN,
        "Diluted EPS": NaN,
        "Basic EPS": NaN,
        "Diluted NI Availto Com Stockholders": -18571000.0,
        "Net Income Common Stockholders": -18571000.0,
        "Preferred Stock Dividends": 568000.0,
        "Net Income": -18003000.0,
        "Net Income Including Noncontrolling Interests": -18003000.0,
        "Net Income Continuous Operations": -18003000.0,
        "Tax Provision": 1607000.0,
        "Pretax Income": -16396000.0,
        "Other Income Expense": -140000.0,
        "Other Non Operating Income Expenses": 666000.0,
        "Special Income Charges": -806000.0,
        "Other Special Charges": NaN,
        "Restructuring And Mergern Acquisition": 806000.0,
        "Gain On Sale Of Security": 0.0,
        "Net Non Operating Interest Income Expense": -4669000.0,
        "Interest Expense Non Operating": 5460000.0,
        "Interest Income Non Operating": 791000.0,
        "Operating Income": -11587000.0,
        "Operating Expense": 24823000.0,
        "Depreciation Amortization Depletion Income Statement": NaN,
        "Depreciation And Amortization In Income Statement": NaN,
        "Amortization": NaN,
        "Amortization Of Intangibles Income Statement": NaN,
        "Research And Development": 12713000.0,
        "Selling General And Administration": 12110000.0,
        "Selling And Marketing Expense": 4469000.0,
        "General And Administrative Expense": 7641000.0,
        "Other Gand A": 7641000.0,
        "Gross Profit": 13236000.0,
        "Cost Of Revenue": 3911000.0,
        "Total Revenue": 17147000.0,
        "Operating Revenue": 17147000.0
    },
    "2024-03-31": {
        "Tax Effect Of Unusual Items": -874020.0,
        "Tax Rate For Calcs": 0.21,
        "Normalized EBITDA": -20675000.0,
        "Total Unusual Items": -4162000.0,
        "Total Unusual Items Excluding Goodwill": -4162000.0,
        "Net Income From Continuing Operation Net Minority Interest": -33009000.0,
        "Reconciled Depreciation": 2213000.0,
        "Reconciled Cost Of Revenue": 3061000.0,
        "EBITDA": -24837000.0,
        "EBIT": -27050000.0,
        "Net Interest Income": -3849000.0,
        "Interest Expense": 5664000.0,
        "Interest Income": 1815000.0,
        "Normalized Income": -29721020.0,
        "Net Income From Continuing And Discontinued Operation": -33009000.0,
        "Total Expenses": 35961000.0,
        "Total Operating Income As Reported": -28529000.0,
        "Diluted Average Shares": 286596559.0,
        "Basic Average Shares": 286596559.0,
        "Diluted EPS": -0.12,
        "Basic EPS": -0.12,
        "Diluted NI Availto Com Stockholders": -33352000.0,
        "Net Income Common Stockholders": -33352000.0,
        "Preferred Stock Dividends": 343000.0,
        "Net Income": -33009000.0,
        "Net Income Including Noncontrolling Interests": -33009000.0,
        "Net Income Continuous Operations": -33009000.0,
        "Tax Provision": 295000.0,
        "Pretax Income": -32714000.0,
        "Other Income Expense": -4498000.0,
        "Other Non Operating Income Expenses": -336000.0,
        "Special Income Charges": -4162000.0,
        "Other Special Charges": NaN,
        "Restructuring And Mergern Acquisition": 4162000.0,
        "Gain On Sale Of Security": NaN,
        "Net Non Operating Interest Income Expense": -3849000.0,
        "Interest Expense Non Operating": 5664000.0,
        "Interest Income Non Operating": 1815000.0,
        "Operating Income": -24367000.0,
        "Operating Expense": 31292000.0,
        "Depreciation Amortization Depletion Income Statement": 605000.0,
        "Depreciation And Amortization In Income Statement": 605000.0,
        "Amortization": 605000.0,
        "Amortization Of Intangibles Income Statement": 605000.0,
        "Research And Development": 14878000.0,
        "Selling General And Administration": 15809000.0,
        "Selling And Marketing Expense": 5542000.0,
        "General And Administrative Expense": 10267000.0,
        "Other Gand A": 10267000.0,
        "Gross Profit": 6925000.0,
        "Cost Of Revenue": 4669000.0,
        "Total Revenue": 11594000.0,
        "Operating Revenue": 11594000.0
    },
    "2024-06-30": {
        "Tax Effect Of Unusual Items": -2789220.0,
        "Tax Rate For Calcs": 0.21,
        "Normalized EBITDA": -17334000.0,
        "Total Unusual Items": -13282000.0,
        "Total Unusual Items Excluding Goodwill": -13282000.0,
        "Net Income From Continuing Operation Net Minority Interest": -37322000.0,
        "Reconciled Depreciation": 1982000.0,
        "Reconciled Cost Of Revenue": 3619000.0,
        "EBITDA": -30616000.0,
        "EBIT": -32598000.0,
        "Net Interest Income": -1266000.0,
        "Interest Expense": 4086000.0,
        "Interest Income": 2820000.0,
        "Normalized Income": -26829220.0,
        "Net Income From Continuing And Discontinued Operation": -37322000.0,
        "Total Expenses": 36529000.0,
        "Total Operating Income As Reported": -21985000.0,
        "Diluted Average Shares": 331830608.0,
        "Basic Average Shares": 331830608.0,
        "Diluted EPS": -0.11,
        "Basic EPS": -0.11,
        "Diluted NI Availto Com Stockholders": -37395000.0,
        "Net Income Common Stockholders": -37395000.0,
        "Preferred Stock Dividends": 73000.0,
        "Net Income": -37322000.0,
        "Net Income Including Noncontrolling Interests": -37322000.0,
        "Net Income Continuous Operations": -37322000.0,
        "Tax Provision": 638000.0,
        "Pretax Income": -36684000.0,
        "Other Income Expense": -12351000.0,
        "Other Non Operating Income Expenses": 931000.0,
        "Special Income Charges": -13282000.0,
        "Other Special Charges": 15587000.0,
        "Restructuring And Mergern Acquisition": -2305000.0,
        "Gain On Sale Of Security": NaN,
        "Net Non Operating Interest Income Expense": -1266000.0,
        "Interest Expense Non Operating": 4086000.0,
        "Interest Income Non Operating": 2820000.0,
        "Operating Income": -23067000.0,
        "Operating Expense": 31549000.0,
        "Depreciation Amortization Depletion Income Statement": 621000.0,
        "Depreciation And Amortization In Income Statement": 621000.0,
        "Amortization": 621000.0,
        "Amortization Of Intangibles Income Statement": 621000.0,
        "Research And Development": 15738000.0,
        "Selling General And Administration": 15190000.0,
        "Selling And Marketing Expense": 5655000.0,
        "General And Administrative Expense": 9535000.0,
        "Other Gand A": 9535000.0,
        "Gross Profit": 8482000.0,
        "Cost Of Revenue": 4980000.0,
        "Total Revenue": 13462000.0,
        "Operating Revenue": 13462000.0
    },
    "2024-09-30": {
        "Tax Effect Of Unusual Items": 441242.4,
        "Tax Rate For Calcs": 0.3254,
        "Normalized EBITDA": -28569000.0,
        "Total Unusual Items": 1356000.0,
        "Total Unusual Items Excluding Goodwill": 1356000.0,
        "Net Income From Continuing Operation Net Minority Interest": -21751000.0,
        "Reconciled Depreciation": 3920000.0,
        "Reconciled Cost Of Revenue": 11358000.0,
        "EBITDA": -27213000.0,
        "EBIT": -31133000.0,
        "Net Interest Income": 1154000.0,
        "Interest Expense": 1109000.0,
        "Interest Income": 2263000.0,
        "Normalized Income": -22665757.6,
        "Net Income From Continuing And Discontinued Operation": -21751000.0,
        "Total Expenses": 60217000.0,
        "Total Operating Income As Reported": -33767000.0,
        "Diluted Average Shares": 360385812.0,
        "Basic Average Shares": 360385812.0,
        "Diluted EPS": -0.06,
        "Basic EPS": -0.06,
        "Diluted NI Availto Com Stockholders": -21751000.0,
        "Net Income Common Stockholders": -21751000.0,
        "Preferred Stock Dividends": NaN,
        "Net Income": -21751000.0,
        "Net Income Including Noncontrolling Interests": -21751000.0,
        "Net Income Continuous Operations": -21751000.0,
        "Tax Provision": -10491000.0,
        "Pretax Income": -32242000.0,
        "Other Income Expense": 1727000.0,
        "Other Non Operating Income Expenses": 371000.0,
        "Special Income Charges": 1356000.0,
        "Other Special Charges": NaN,
        "Restructuring And Mergern Acquisition": -1356000.0,
        "Gain On Sale Of Security": NaN,
        "Net Non Operating Interest Income Expense": 1154000.0,
        "Interest Expense Non Operating": 1109000.0,
        "Interest Income Non Operating": 2263000.0,
        "Operating Income": -35123000.0,
        "Operating Expense": 47316000.0,
        "Depreciation Amortization Depletion Income Statement": 2377000.0,
        "Depreciation And Amortization In Income Statement": 2377000.0,
        "Amortization": 2377000.0,
        "Amortization Of Intangibles Income Statement": 2377000.0,
        "Research And Development": 19545000.0,
        "Selling General And Administration": 25394000.0,
        "Selling And Marketing Expense": 8363000.0,
        "General And Administrative Expense": 17031000.0,
        "Other Gand A": 17031000.0,
        "Gross Profit": 12193000.0,
        "Cost Of Revenue": 12901000.0,
        "Total Revenue": 25094000.0,
        "Operating Revenue": 25094000.0
    }
}