{
    "2023-06-30": {
        "Tax Effect Of Unusual Items": -35454000.0,
        "Tax Rate For Calcs": 0.311,
        "Normalized EBITDA": 1321000000.0,
        "Total Unusual Items": -114000000.0,
        "Total Unusual Items Excluding Goodwill": -114000000.0,
        "Net Income From Continuing Operation Net Minority Interest": 511000000.0,
        "Reconciled Depreciation": 284000000.0,
        "Reconciled Cost Of Revenue": 1027000000.0,
        "EBITDA": 1207000000.0,
        "EBIT": 922000000.0,
        "Net Interest Income": -88000000.0,
        "Interest Expense": 88000000.0,
        "Normalized Income": 589546000.0,
        "Net Income From Continuing And Discontinued Operation": 511000000.0,
        "Total Expenses": 2082000000.0,
        "Total Operating Income As Reported": 911000000.0,
        "Diluted NI Availto Com Stockholders": 511000000.0,
        "Net Income Common Stockholders": 511000000.0,
        "Net Income": 511000000.0,
        "Minority Interests": -64000000.0,
        "Net Income Including Noncontrolling Interests": 575000000.0,
        "Net Income Continuous Operations": 575000000.0,
        "Tax Provision": 259000000.0,
        "Pretax Income": 834000000.0,
        "Other Income Expense": -97000000.0,
        "Other Non Operating Income Expenses": 6000000.0,
        "Special Income Charges": -119000000.0,
        "Gain On Sale Of Business": -119000000.0,
        "Other Special Charges": NaN,
        "Earnings From Equity Interest": 11000000.0,
        "Gain On Sale Of Security": 5000000.0,
        "Net Non Operating Interest Income Expense": -88000000.0,
        "Interest Expense Non Operating": 88000000.0,
        "Operating Income": 1019000000.0,
        "Operating Expense": 1056000000.0,
        "Depreciation Amortization Depletion Income Statement": 285000000.0,
        "Depreciation And Amortization In Income Statement": 285000000.0,
        "Amortization": 261000000.0,
        "Amortization Of Intangibles Income Statement": 261000000.0,
        "Depreciation Income Statement": 24000000.0,
        "Selling General And Administration": 771000000.0,
        "Gross Profit": 2075000000.0,
        "Cost Of Revenue": 1026000000.0,
        "Total Revenue": 3101000000.0,
        "Operating Revenue": 3101000000.0
    },
    "2023-03-31": {
        "Tax Effect Of Unusual Items": 5907000.0,
        "Tax Rate For Calcs": 0.179,
        "Normalized EBITDA": 1387000000.0,
        "Total Unusual Items": 33000000.0,
        "Total Unusual Items Excluding Goodwill": 33000000.0,
        "Net Income From Continuing Operation Net Minority Interest": 795000000.0,
        "Reconciled Depreciation": 287000000.0,
        "Reconciled Cost Of Revenue": 1088000000.0,
        "EBITDA": 1420000000.0,
        "EBIT": 1133000000.0,
        "Net Interest Income": -85000000.0,
        "Interest Expense": 85000000.0,
        "Normalized Income": 767907000.0,
        "Net Income From Continuing And Discontinued Operation": 795000000.0,
        "Total Expenses": 2080000000.0,
        "Total Operating Income As Reported": 1144000000.0,
        "Diluted NI Availto Com Stockholders": 795000000.0,
        "Net Income Common Stockholders": 795000000.0,
        "Net Income": 795000000.0,
        "Minority Interests": -65000000.0,
        "Net Income Including Noncontrolling Interests": 860000000.0,
        "Net Income Continuous Operations": 860000000.0,
        "Tax Provision": 188000000.0,
        "Pretax Income": 1048000000.0,
        "Other Income Expense": 53000000.0,
        "Other Non Operating Income Expenses": 6000000.0,
        "Special Income Charges": 50000000.0,
        "Gain On Sale Of Business": 50000000.0,
        "Other Special Charges": NaN,
        "Earnings From Equity Interest": 14000000.0,
        "Gain On Sale Of Security": -17000000.0,
        "Net Non Operating Interest Income Expense": -85000000.0,
        "Interest Expense Non Operating": 85000000.0,
        "Operating Income": 1080000000.0,
        "Operating Expense": 992000000.0,
        "Depreciation Amortization Depletion Income Statement": 287000000.0,
        "Depreciation And Amortization In Income Statement": 287000000.0,
        "Amortization": 262000000.0,
        "Amortization Of Intangibles Income Statement": 262000000.0,
        "Depreciation Income Statement": 25000000.0,
        "Selling General And Administration": 705000000.0,
        "Gross Profit": 2072000000.0,
        "Cost Of Revenue": 1088000000.0,
        "Total Revenue": 3160000000.0,
        "Operating Revenue": 3160000000.0
    },
    "2022-12-31": {
        "Tax Effect Of Unusual Items": -204508.856683,
        "Tax Rate For Calcs": 0.204509,
        "Normalized EBITDA": 983000000.0,
        "Total Unusual Items": -1000000.0,
        "Total Unusual Items Excluding Goodwill": -1000000.0,
        "Net Income From Continuing Operation Net Minority Interest": 433000000.0,
        "Reconciled Depreciation": 275000000.0,
        "Reconciled Cost Of Revenue": 1012000000.0,
        "EBITDA": 982000000.0,
        "EBIT": 707000000.0,
        "Net Interest Income": -86000000.0,
        "Interest Expense": 86000000.0,
        "Normalized Income": 433795491.143317,
        "Net Income From Continuing And Discontinued Operation": 433000000.0,
        "Total Expenses": 2228000000.0,
        "Total Operating Income As Reported": 716000000.0,
        "Diluted NI Availto Com Stockholders": 433000000.0,
        "Net Income Common Stockholders": 433000000.0,
        "Net Income": 433000000.0,
        "Minority Interests": -61000000.0,
        "Net Income Including Noncontrolling Interests": 494000000.0,
        "Net Income Continuous Operations": 494000000.0,
        "Tax Provision": 127000000.0,
        "Pretax Income": 621000000.0,
        "Other Income Expense": -2000000.0,
        "Other Non Operating Income Expenses": -7000000.0,
        "Special Income Charges": 8000000.0,
        "Gain On Sale Of Business": 1000000.0,
        "Other Special Charges": -7000000.0,
        "Earnings From Equity Interest": 6000000.0,
        "Gain On Sale Of Security": -9000000.0,
        "Net Non Operating Interest Income Expense": -86000000.0,
        "Interest Expense Non Operating": 86000000.0,
        "Operating Income": 709000000.0,
        "Operating Expense": 1216000000.0,
        "Depreciation Amortization Depletion Income Statement": 275000000.0,
        "Depreciation And Amortization In Income Statement": 275000000.0,
        "Amortization": 260000000.0,
        "Amortization Of Intangibles Income Statement": 260000000.0,
        "Depreciation Income Statement": 15000000.0,
        "Selling General And Administration": 941000000.0,
        "Gross Profit": 1925000000.0,
        "Cost Of Revenue": 1012000000.0,
        "Total Revenue": 2937000000.0,
        "Operating Revenue": 2937000000.0
    },
    "2022-09-30": {
        "Tax Effect Of Unusual Items": 352000.0,
        "Tax Rate For Calcs": 0.176,
        "Normalized EBITDA": 1189000000.0,
        "Total Unusual Items": 2000000.0,
        "Total Unusual Items Excluding Goodwill": 2000000.0,
        "Net Income From Continuing Operation Net Minority Interest": 608000000.0,
        "Reconciled Depreciation": 297000000.0,
        "Reconciled Cost Of Revenue": 995000000.0,
        "EBITDA": 1191000000.0,
        "EBIT": 894000000.0,
        "Net Interest Income": -71000000.0,
        "Interest Expense": 71000000.0,
        "Normalized Income": 606352000.0,
        "Net Income From Continuing And Discontinued Operation": 608000000.0,
        "Total Expenses": 2012000000.0,
        "Total Operating Income As Reported": 853000000.0,
        "Diluted Average Shares": 330900000.0,
        "Basic Average Shares": 329600000.0,
        "Diluted EPS": 1.84,
        "Basic EPS": 1.84,
        "Diluted NI Availto Com Stockholders": 608000000.0,
        "Net Income Common Stockholders": 608000000.0,
        "Net Income": 608000000.0,
        "Minority Interests": -70000000.0,
        "Net Income Including Noncontrolling Interests": 678000000.0,
        "Net Income Continuous Operations": 678000000.0,
        "Tax Provision": 145000000.0,
        "Pretax Income": 823000000.0,
        "Other Income Expense": 45000000.0,
        "Other Non Operating Income Expenses": 37000000.0,
        "Special Income Charges": 2000000.0,
        "Gain On Sale Of Business": -2000000.0,
        "Other Special Charges": -4000000.0,
        "Earnings From Equity Interest": 6000000.0,
        "Gain On Sale Of Security": 30000000.0,
        "Net Non Operating Interest Income Expense": -71000000.0,
        "Interest Expense Non Operating": 71000000.0,
        "Operating Income": 849000000.0,
        "Operating Expense": 2012000000.0,
        "Other Operating Expenses": 2012000000.0,
        "Depreciation Amortization Depletion Income Statement": 298000000.0,
        "Depreciation And Amortization In Income Statement": 298000000.0,
        "Amortization": 267000000.0,
        "Amortization Of Intangibles Income Statement": 267000000.0,
        "Depreciation Income Statement": 31000000.0,
        "Selling General And Administration": 720000000.0,
        "Gross Profit": 1867000000.0,
        "Cost Of Revenue": 994000000.0,
        "Total Revenue": 2861000000.0,
        "Operating Revenue": 2861000000.0
    },
    "2022-06-30": {
        "Tax Effect Of Unusual Items": 135730000.0,
        "Tax Rate For Calcs": 0.245,
        "Normalized EBITDA": 1231000000.0,
        "Total Unusual Items": 554000000.0,
        "Total Unusual Items Excluding Goodwill": 554000000.0,
        "Net Income From Continuing Operation Net Minority Interest": 972000000.0,
        "Reconciled Depreciation": 304000000.0,
        "Reconciled Cost Of Revenue": 1010000000.0,
        "EBITDA": 1785000000.0,
        "EBIT": 1481000000.0,
        "Net Interest Income": -90000000.0,
        "Interest Expense": 90000000.0,
        "Normalized Income": 553730000.0,
        "Net Income From Continuing And Discontinued Operation": 972000000.0,
        "Total Expenses": 2078000000.0,
        "Total Operating Income As Reported": 1482000000.0,
        "Diluted Average Shares": 339300000.0,
        "Basic Average Shares": 338000000.0,
        "Diluted EPS": 2.86,
        "Basic EPS": 2.87,
        "Diluted NI Availto Com Stockholders": 972000000.0,
        "Net Income Common Stockholders": 972000000.0,
        "Net Income": 972000000.0,
        "Minority Interests": -79000000.0,
        "Net Income Including Noncontrolling Interests": 1051000000.0,
        "Net Income Continuous Operations": 1051000000.0,
        "Tax Provision": 340000000.0,
        "Pretax Income": 1391000000.0,
        "Other Income Expense": 566000000.0,
        "Other Non Operating Income Expenses": 1000000.0,
        "Special Income Charges": 554000000.0,
        "Gain On Sale Of Business": 556000000.0,
        "Other Special Charges": 2000000.0,
        "Earnings From Equity Interest": 11000000.0,
        "Gain On Sale Of Security": -6000000.0,
        "Net Non Operating Interest Income Expense": -90000000.0,
        "Interest Expense Non Operating": 90000000.0,
        "Operating Income": 915000000.0,
        "Operating Expense": 2078000000.0,
        "Other Operating Expenses": 2078000000.0,
        "Depreciation Amortization Depletion Income Statement": 303000000.0,
        "Depreciation And Amortization In Income Statement": 303000000.0,
        "Amortization": 267000000.0,
        "Amortization Of Intangibles Income Statement": 267000000.0,
        "Depreciation Income Statement": 36000000.0,
        "Selling General And Administration": 764000000.0,
        "Gross Profit": 1982000000.0,
        "Cost Of Revenue": 1011000000.0,
        "Total Revenue": 2993000000.0,
        "Operating Revenue": 2993000000.0
    },
    "2022-03-31": {
        "Diluted EPS": 4.47,
        "Total Revenue": NaN,
        "Gross Profit": NaN,
        "Operating Income": NaN,
        "EBIT": NaN,
        "Net Income": NaN
    },
    "2021-12-31": {
        "Diluted EPS": 2.79,
        "Total Revenue": NaN,
        "Gross Profit": NaN,
        "Operating Income": 903,
        "EBIT": 944,
        "Net Income": 674
    },
    "2021-09-30": {
        "Diluted EPS": 3.3,
        "Total Revenue": NaN,
        "Gross Profit": NaN,
        "Operating Income": NaN,
        "EBIT": NaN,
        "Net Income": 797
    },
    "2021-06-30": {
        "Diluted EPS": 3.3,
        "Total Revenue": NaN,
        "Gross Profit": NaN,
        "Operating Income": NaN,
        "EBIT": NaN,
        "Net Income": 798
    },
    "2021-03-31": {
        "Diluted EPS": 3.12,
        "Total Revenue": NaN,
        "Gross Profit": NaN,
        "Operating Income": NaN,
        "EBIT": NaN,
        "Net Income": 755
    },
    "2020-12-31": {
        "Diluted EPS": 1.88,
        "Total Revenue": NaN,
        "Gross Profit": NaN,
        "Operating Income": 656,
        "EBIT": 708,
        "Net Income": 453
    },
    "2020-09-30": {
        "Diluted EPS": 1.88,
        "Total Revenue": NaN,
        "Gross Profit": NaN,
        "Operating Income": 944,
        "EBIT": 998,
        "Net Income": 455
    },
    "2020-06-30": {
        "Diluted EPS": 3.28,
        "Total Revenue": NaN,
        "Gross Profit": NaN,
        "Operating Income": NaN,
        "EBIT": NaN,
        "Net Income": 792
    },
    "2020-03-31": {
        "Diluted EPS": 2.62,
        "Total Revenue": NaN,
        "Gross Profit": NaN,
        "Operating Income": 912,
        "EBIT": 961,
        "Net Income": 639
    },
    "2019-12-31": {
        "Diluted EPS": 2.21,
        "Total Revenue": NaN,
        "Gross Profit": NaN,
        "Operating Income": 817,
        "EBIT": 868,
        "Net Income": 541
    },
    "2019-09-30": {
        "Diluted EPS": 2.5,
        "Total Revenue": NaN,
        "Gross Profit": NaN,
        "Operating Income": 891,
        "EBIT": 940,
        "Net Income": 617
    },
    "2019-06-30": {
        "Diluted EPS": 2.24,
        "Total Revenue": NaN,
        "Gross Profit": NaN,
        "Operating Income": 813,
        "EBIT": 865,
        "Net Income": 555
    },
    "2019-03-31": {
        "Diluted EPS": 1.65,
        "Total Revenue": NaN,
        "Gross Profit": NaN,
        "Operating Income": 705,
        "EBIT": 757,
        "Net Income": 410
    },
    "2018-12-31": {
        "Diluted EPS": 2.03,
        "Total Revenue": NaN,
        "Gross Profit": 979,
        "Operating Income": 703,
        "EBIT": 758,
        "Net Income": 511
    },
    "2018-09-30": {
        "Diluted EPS": 1.95,
        "Total Revenue": NaN,
        "Gross Profit": NaN,
        "Operating Income": 704,
        "EBIT": 758,
        "Net Income": 495
    },
    "2018-06-30": {
        "Diluted EPS": 1.82,
        "Total Revenue": NaN,
        "Gross Profit": NaN,
        "Operating Income": 672,
        "EBIT": 724,
        "Net Income": 461
    },
    "2018-03-31": {
        "Diluted EPS": 1.93,
        "Total Revenue": NaN,
        "Gross Profit": NaN,
        "Operating Income": 711,
        "EBIT": 756,
        "Net Income": 491
    },
    "2017-12-31": {
        "Diluted EPS": 1.02,
        "Total Revenue": NaN,
        "Gross Profit": NaN,
        "Operating Income": 627,
        "EBIT": 673,
        "Net Income": 262
    },
    "2017-09-30": {
        "Diluted EPS": 1.61,
        "Total Revenue": NaN,
        "Gross Profit": NaN,
        "Operating Income": 649,
        "EBIT": 695,
        "Net Income": 414
    },
    "2017-06-30": {
        "Diluted EPS": 1.62,
        "Total Revenue": NaN,
        "Gross Profit": NaN,
        "Operating Income": 668,
        "EBIT": 713,
        "Net Income": 421
    },
    "2017-03-31": {
        "Diluted EPS": 1.53,
        "Total Revenue": NaN,
        "Gross Profit": NaN,
        "Operating Income": 639,
        "EBIT": 682,
        "Net Income": 399
    },
    "2016-12-31": {
        "Diluted EPS": 2.04,
        "Total Revenue": NaN,
        "Gross Profit": 979,
        "Operating Income": 830,
        "EBIT": 877,
        "Net Income": 537
    },
    "2016-09-30": {
        "Diluted EPS": 3.36,
        "Total Revenue": NaN,
        "Gross Profit": NaN,
        "Operating Income": NaN,
        "EBIT": NaN,
        "Net Income": 892
    },
    "2016-06-30": {
        "Diluted EPS": 1.44,
        "Total Revenue": NaN,
        "Gross Profit": NaN,
        "Operating Income": 651,
        "EBIT": 696,
        "Net Income": 383
    },
    "2016-03-31": {
        "Diluted EPS": 1.1,
        "Total Revenue": NaN,
        "Gross Profit": 888,
        "Operating Income": 512,
        "EBIT": 554,
        "Net Income": 294
    },
    "2015-12-31": {
        "Diluted EPS": 0.91,
        "Total Revenue": NaN,
        "Gross Profit": 897,
        "Operating Income": 424,
        "EBIT": 477,
        "Net Income": 248
    },
    "2015-09-30": {
        "Diluted EPS": 0.92,
        "Total Revenue": NaN,
        "Gross Profit": 905,
        "Operating Income": 410,
        "EBIT": 448,
        "Net Income": 252
    },
    "2015-06-30": {
        "Diluted EPS": 1.28,
        "Total Revenue": NaN,
        "Gross Profit": 930,
        "Operating Income": 582,
        "EBIT": 615,
        "Net Income": 353
    },
    "2015-03-31": {
        "Diluted EPS": 1.1,
        "Total Revenue": NaN,
        "Gross Profit": 863,
        "Operating Income": 501,
        "EBIT": 534,
        "Net Income": 303
    },
    "2014-12-31": {
        "Diluted EPS": -3.06,
        "Total Revenue": NaN,
        "Gross Profit": 844,
        "Operating Income": NaN,
        "EBIT": NaN,
        "Net Income": -845
    },
    "2014-09-30": {
        "Diluted EPS": 0.69,
        "Total Revenue": NaN,
        "Gross Profit": 861,
        "Operating Income": 366,
        "EBIT": 400,
        "Net Income": 190
    },
    "2014-06-30": {
        "Diluted EPS": 1.06,
        "Total Revenue": NaN,
        "Gross Profit": 895,
        "Operating Income": 476,
        "EBIT": 509,
        "Net Income": 292
    },
    "2014-03-31": {
        "Diluted EPS": 0.89,
        "Total Revenue": NaN,
        "Gross Profit": 800,
        "Operating Income": 420,
        "EBIT": 453,
        "Net Income": 248
    },
    "2013-12-31": {
        "Diluted EPS": 0.64,
        "Total Revenue": NaN,
        "Gross Profit": 695,
        "Operating Income": 249,
        "EBIT": 283,
        "Net Income": 172
    },
    "2013-09-30": {
        "Diluted EPS": 0.77,
        "Total Revenue": NaN,
        "Gross Profit": 781,
        "Operating Income": 395,
        "EBIT": 428,
        "Net Income": 215
    },
    "2013-06-30": {
        "Diluted EPS": 0.91,
        "Total Revenue": NaN,
        "Gross Profit": 855,
        "Operating Income": 436,
        "EBIT": 471,
        "Net Income": 254
    },
    "2013-03-31": {
        "Diluted EPS": 2.59,
        "Total Revenue": NaN,
        "Gross Profit": 807,
        "Operating Income": 278,
        "EBIT": 313,
        "Net Income": 735
    },
    "2012-12-31": {
        "Diluted EPS": -0.76,
        "Total Revenue": NaN,
        "Gross Profit": 693,
        "Operating Income": 305,
        "EBIT": 342,
        "Net Income": -216
    },
    "2012-09-30": {
        "Diluted EPS": 1.1,
        "Total Revenue": NaN,
        "Gross Profit": 749,
        "Operating Income": 275,
        "EBIT": 314,
        "Net Income": 314
    },
    "2012-06-30": {
        "Diluted EPS": 0.76,
        "Total Revenue": NaN,
        "Gross Profit": 721,
        "Operating Income": 308,
        "EBIT": 342,
        "Net Income": 216
    },
    "2012-03-31": {
        "Diluted EPS": 0.43,
        "Total Revenue": NaN,
        "Gross Profit": 674,
        "Operating Income": 282,
        "EBIT": 313,
        "Net Income": 123
    },
    "2011-12-31": {
        "Diluted EPS": 0.73,
        "Total Revenue": NaN,
        "Gross Profit": 200,
        "Operating Income": 200,
        "EBIT": 21,
        "Net Income": 214
    },
    "2011-09-30": {
        "Diluted EPS": 1.21,
        "Total Revenue": NaN,
        "Gross Profit": NaN,
        "Operating Income": 607,
        "EBIT": 742,
        "Net Income": 366
    },
    "2011-06-30": {
        "Diluted EPS": 0.68,
        "Total Revenue": NaN,
        "Gross Profit": 964,
        "Operating Income": 358,
        "EBIT": 458,
        "Net Income": 211
    },
    "2011-03-31": {
        "Diluted EPS": 0.39,
        "Total Revenue": NaN,
        "Gross Profit": 758,
        "Operating Income": 216,
        "EBIT": 286,
        "Net Income": 120
    },
    "2010-12-31": {
        "Diluted EPS": 0.5,
        "Total Revenue": NaN,
        "Gross Profit": 267,
        "Operating Income": 267,
        "EBIT": 45,
        "Net Income": 154
    },
    "2010-09-30": {
        "Diluted EPS": 1.23,
        "Total Revenue": NaN,
        "Gross Profit": NaN,
        "Operating Income": 630,
        "EBIT": 781,
        "Net Income": 380
    },
    "2010-06-30": {
        "Diluted EPS": 0.61,
        "Total Revenue": NaN,
        "Gross Profit": 913,
        "Operating Income": 326,
        "EBIT": 440,
        "Net Income": 191
    },
    "2010-03-31": {
        "Diluted EPS": 0.33,
        "Total Revenue": NaN,
        "Gross Profit": 714,
        "Operating Income": 190,
        "EBIT": 257,
        "Net Income": 103
    },
    "2009-12-31": {
        "Diluted EPS": 0.54,
        "Total Revenue": NaN,
        "Gross Profit": 849,
        "Operating Income": 282,
        "EBIT": 397,
        "Net Income": 168
    },
    "2009-09-30": {
        "Diluted EPS": 1.07,
        "Total Revenue": NaN,
        "Gross Profit": NaN,
        "Operating Income": 556,
        "EBIT": 720,
        "Net Income": 336
    },
    "2009-06-30": {
        "Diluted EPS": 0.52,
        "Total Revenue": NaN,
        "Gross Profit": 883,
        "Operating Income": 296,
        "EBIT": 408,
        "Net Income": 164
    },
    "2009-03-31": {
        "Diluted EPS": 0.2,
        "Total Revenue": NaN,
        "Gross Profit": 659,
        "Operating Income": 124,
        "EBIT": 195,
        "Net Income": 63
    },
    "2023-09-30": {
        "Tax Effect Of Unusual Items": -182000.0,
        "Tax Rate For Calcs": 0.182,
        "Normalized EBITDA": 1362000000.0,
        "Total Unusual Items": -1000000.0,
        "Total Unusual Items Excluding Goodwill": -1000000.0,
        "Net Income From Continuing Operation Net Minority Interest": 742000000.0,
        "Reconciled Depreciation": 282000000.0,
        "Reconciled Cost Of Revenue": 995000000.0,
        "EBITDA": 1361000000.0,
        "EBIT": 1079000000.0,
        "Net Interest Income": -84000000.0,
        "Interest Expense": 84000000.0,
        "Normalized Income": 742818000.0,
        "Net Income From Continuing And Discontinued Operation": 742000000.0,
        "Total Expenses": 2018000000.0,
        "Total Operating Income As Reported": 1074000000.0,
        "Diluted NI Availto Com Stockholders": 742000000.0,
        "Net Income Common Stockholders": 742000000.0,
        "Net Income": 742000000.0,
        "Minority Interests": -72000000.0,
        "Net Income Including Noncontrolling Interests": 814000000.0,
        "Net Income Continuous Operations": 814000000.0,
        "Tax Provision": 181000000.0,
        "Pretax Income": 995000000.0,
        "Other Income Expense": 13000000.0,
        "Other Non Operating Income Expenses": 6000000.0,
        "Special Income Charges": 0.0,
        "Gain On Sale Of Business": 0.0,
        "Other Special Charges": NaN,
        "Earnings From Equity Interest": 8000000.0,
        "Gain On Sale Of Security": -1000000.0,
        "Net Non Operating Interest Income Expense": -84000000.0,
        "Interest Expense Non Operating": 84000000.0,
        "Operating Income": 1066000000.0,
        "Operating Expense": 1023000000.0,
        "Depreciation Amortization Depletion Income Statement": 282000000.0,
        "Depreciation And Amortization In Income Statement": 282000000.0,
        "Amortization": 260000000.0,
        "Amortization Of Intangibles Income Statement": 260000000.0,
        "Depreciation Income Statement": 22000000.0,
        "Selling General And Administration": 741000000.0,
        "Gross Profit": 2089000000.0,
        "Cost Of Revenue": 995000000.0,
        "Total Revenue": 3084000000.0,
        "Operating Revenue": 3084000000.0
    }
}