{
    "2023-03-31": {
        "Tax Effect Of Unusual Items": 0.0,
        "Tax Rate For Calcs": 0.21,
        "Normalized EBITDA": -85000000.0,
        "Total Unusual Items": -63000000.0,
        "Total Unusual Items Excluding Goodwill": -63000000.0,
        "Net Income From Continuing Operation Net Minority Interest": -225000000.0,
        "Reconciled Depreciation": 44000000.0,
        "Reconciled Cost Of Revenue": 2276000000.0,
        "EBITDA": -85000000.0,
        "EBIT": -129000000.0,
        "Net Interest Income": -50000000.0,
        "Interest Expense": 77000000.0,
        "Interest Income": 27000000.0,
        "Normalized Income": -225000000.0,
        "Net Income From Continuing And Discontinued Operation": -225000000.0,
        "Total Expenses": 3198000000.0,
        "Total Operating Income As Reported": -156000000.0,
        "Diluted Average Shares": 193562462.0,
        "Basic Average Shares": 193562462.0,
        "Diluted EPS": -1.16,
        "Basic EPS": -1.16,
        "Diluted NI Availto Com Stockholders": -225000000.0,
        "Average Dilution Earnings": 0.0,
        "Net Income Common Stockholders": -225000000.0,
        "Net Income": -225000000.0,
        "Net Income Including Noncontrolling Interests": -225000000.0,
        "Net Income Continuous Operations": -225000000.0,
        "Tax Provision": 19000000.0,
        "Pretax Income": -206000000.0,
        "Other Income Expense": -63000000.0,
        "Other Non Operating Income Expenses": -43000000.0,
        "Gain On Sale Of Security": -63000000.0,
        "Net Non Operating Interest Income Expense": -50000000.0,
        "Total Other Finance Cost": 3000000.0,
        "Interest Expense Non Operating": 77000000.0,
        "Interest Income Non Operating": 27000000.0,
        "Operating Income": -156000000.0,
        "Operating Expense": 922000000.0,
        "Research And Development": 435000000.0,
        "Selling General And Administration": 487000000.0,
        "Selling And Marketing Expense": 347000000.0,
        "General And Administrative Expense": 140000000.0,
        "Other Gand A": 140000000.0,
        "Gross Profit": 766000000.0,
        "Cost Of Revenue": 2276000000.0,
        "Total Revenue": 3042000000.0,
        "Operating Revenue": 3042000000.0
    },
    "2022-12-31": {
        "Tax Effect Of Unusual Items": NaN,
        "Tax Rate For Calcs": NaN,
        "Normalized EBITDA": NaN,
        "Total Unusual Items": 63000000.0,
        "Total Unusual Items Excluding Goodwill": 63000000.0,
        "Net Income From Continuing Operation Net Minority Interest": NaN,
        "Reconciled Depreciation": NaN,
        "Reconciled Cost Of Revenue": NaN,
        "EBITDA": NaN,
        "EBIT": NaN,
        "Net Interest Income": NaN,
        "Interest Expense": NaN,
        "Interest Income": NaN,
        "Normalized Income": NaN,
        "Net Income From Continuing And Discontinued Operation": NaN,
        "Total Expenses": NaN,
        "Total Operating Income As Reported": NaN,
        "Diluted Average Shares": NaN,
        "Basic Average Shares": NaN,
        "Diluted EPS": NaN,
        "Basic EPS": NaN,
        "Diluted NI Availto Com Stockholders": NaN,
        "Average Dilution Earnings": 15000000.0,
        "Net Income Common Stockholders": NaN,
        "Net Income": NaN,
        "Net Income Including Noncontrolling Interests": NaN,
        "Net Income Continuous Operations": NaN,
        "Tax Provision": NaN,
        "Pretax Income": NaN,
        "Other Income Expense": 63000000.0,
        "Other Non Operating Income Expenses": -15000000.0,
        "Gain On Sale Of Security": 63000000.0,
        "Net Non Operating Interest Income Expense": NaN,
        "Total Other Finance Cost": 118000000.0,
        "Interest Expense Non Operating": NaN,
        "Interest Income Non Operating": NaN,
        "Operating Income": NaN,
        "Operating Expense": NaN,
        "Research And Development": NaN,
        "Selling General And Administration": NaN,
        "Selling And Marketing Expense": NaN,
        "General And Administrative Expense": NaN,
        "Other Gand A": NaN,
        "Gross Profit": NaN,
        "Cost Of Revenue": NaN,
        "Total Revenue": NaN,
        "Operating Revenue": NaN
    },
    "2022-09-30": {
        "Tax Effect Of Unusual Items": NaN,
        "Tax Rate For Calcs": NaN,
        "Normalized EBITDA": NaN,
        "Total Unusual Items": NaN,
        "Total Unusual Items Excluding Goodwill": NaN,
        "Net Income From Continuing Operation Net Minority Interest": NaN,
        "Reconciled Depreciation": NaN,
        "Reconciled Cost Of Revenue": NaN,
        "EBITDA": NaN,
        "EBIT": NaN,
        "Net Interest Income": NaN,
        "Interest Expense": NaN,
        "Interest Income": NaN,
        "Normalized Income": NaN,
        "Net Income From Continuing And Discontinued Operation": NaN,
        "Total Expenses": NaN,
        "Total Operating Income As Reported": NaN,
        "Diluted Average Shares": NaN,
        "Basic Average Shares": NaN,
        "Diluted EPS": NaN,
        "Basic EPS": NaN,
        "Diluted NI Availto Com Stockholders": NaN,
        "Average Dilution Earnings": NaN,
        "Net Income Common Stockholders": NaN,
        "Net Income": NaN,
        "Net Income Including Noncontrolling Interests": NaN,
        "Net Income Continuous Operations": NaN,
        "Tax Provision": NaN,
        "Pretax Income": NaN,
        "Other Income Expense": NaN,
        "Other Non Operating Income Expenses": 28000000.0,
        "Gain On Sale Of Security": NaN,
        "Net Non Operating Interest Income Expense": NaN,
        "Total Other Finance Cost": 6000000.0,
        "Interest Expense Non Operating": NaN,
        "Interest Income Non Operating": NaN,
        "Operating Income": NaN,
        "Operating Expense": NaN,
        "Research And Development": NaN,
        "Selling General And Administration": NaN,
        "Selling And Marketing Expense": NaN,
        "General And Administrative Expense": NaN,
        "Other Gand A": NaN,
        "Gross Profit": NaN,
        "Cost Of Revenue": NaN,
        "Total Revenue": NaN,
        "Operating Revenue": NaN
    },
    "2022-06-30": {
        "Tax Effect Of Unusual Items": 28000000.0,
        "Tax Rate For Calcs": 0.4,
        "Normalized EBITDA": -110000000.0,
        "Total Unusual Items": 70000000.0,
        "Total Unusual Items Excluding Goodwill": 70000000.0,
        "Net Income From Continuing Operation Net Minority Interest": -125000000.0,
        "Reconciled Depreciation": 40000000.0,
        "Reconciled Cost Of Revenue": 2160000000.0,
        "EBITDA": -40000000.0,
        "EBIT": -80000000.0,
        "Net Interest Income": -7000000.0,
        "Interest Expense": 10000000.0,
        "Interest Income": 7000000.0,
        "Normalized Income": -167000000.0,
        "Net Income From Continuing And Discontinued Operation": -125000000.0,
        "Total Expenses": 3058000000.0,
        "Total Operating Income As Reported": -194000000.0,
        "Diluted Average Shares": 195859532.0,
        "Basic Average Shares": 192948032.0,
        "Diluted EPS": -0.85,
        "Basic EPS": -0.65,
        "Diluted NI Availto Com Stockholders": -166000000.0,
        "Average Dilution Earnings": -41000000.0,
        "Net Income Common Stockholders": -125000000.0,
        "Net Income": -125000000.0,
        "Net Income Including Noncontrolling Interests": -125000000.0,
        "Net Income Continuous Operations": -125000000.0,
        "Tax Provision": 35000000.0,
        "Pretax Income": -90000000.0,
        "Other Income Expense": 111000000.0,
        "Other Non Operating Income Expenses": 41000000.0,
        "Gain On Sale Of Security": 70000000.0,
        "Net Non Operating Interest Income Expense": -7000000.0,
        "Total Other Finance Cost": 4000000.0,
        "Interest Expense Non Operating": 10000000.0,
        "Interest Income Non Operating": 7000000.0,
        "Operating Income": -194000000.0,
        "Operating Expense": 898000000.0,
        "Research And Development": 336000000.0,
        "Selling General And Administration": 562000000.0,
        "Selling And Marketing Expense": 391000000.0,
        "General And Administrative Expense": 171000000.0,
        "Other Gand A": 171000000.0,
        "Gross Profit": 704000000.0,
        "Cost Of Revenue": 2160000000.0,
        "Total Revenue": 2864000000.0,
        "Operating Revenue": 2864000000.0
    },
    "2023-06-30": {
        "Tax Effect Of Unusual Items": -2940000.0,
        "Tax Rate For Calcs": 0.21,
        "Normalized EBITDA": -173000000.0,
        "Total Unusual Items": -14000000.0,
        "Total Unusual Items Excluding Goodwill": -14000000.0,
        "Net Income From Continuing Operation Net Minority Interest": -302000000.0,
        "Reconciled Depreciation": 44000000.0,
        "Reconciled Cost Of Revenue": 2411000000.0,
        "EBITDA": -187000000.0,
        "EBIT": -231000000.0,
        "Net Interest Income": 20000000.0,
        "Interest Expense": 10000000.0,
        "Interest Income": 30000000.0,
        "Normalized Income": -290940000.0,
        "Net Income From Continuing And Discontinued Operation": -302000000.0,
        "Total Expenses": 3424000000.0,
        "Total Operating Income As Reported": -247000000.0,
        "Diluted Average Shares": 194420128.0,
        "Basic Average Shares": 194420128.0,
        "Diluted EPS": -1.55,
        "Basic EPS": -1.55,
        "Diluted NI Availto Com Stockholders": -302000000.0,
        "Average Dilution Earnings": 0.0,
        "Net Income Common Stockholders": -302000000.0,
        "Net Income": -302000000.0,
        "Net Income Including Noncontrolling Interests": -302000000.0,
        "Net Income Continuous Operations": -302000000.0,
        "Tax Provision": 61000000.0,
        "Pretax Income": -241000000.0,
        "Other Income Expense": -14000000.0,
        "Other Non Operating Income Expenses": -5000000.0,
        "Gain On Sale Of Security": -14000000.0,
        "Net Non Operating Interest Income Expense": 20000000.0,
        "Total Other Finance Cost": NaN,
        "Interest Expense Non Operating": 10000000.0,
        "Interest Income Non Operating": 30000000.0,
        "Operating Income": -247000000.0,
        "Operating Expense": 1013000000.0,
        "Research And Development": 453000000.0,
        "Selling General And Administration": 560000000.0,
        "Selling And Marketing Expense": 399000000.0,
        "General And Administrative Expense": 161000000.0,
        "Other Gand A": 161000000.0,
        "Gross Profit": 766000000.0,
        "Cost Of Revenue": 2411000000.0,
        "Total Revenue": 3177000000.0,
        "Operating Revenue": 3177000000.0
    },
    "2022-03-31": {
        "Diluted EPS": 0.24,
        "Total Revenue": NaN,
        "Gross Profit": 753,
        "Operating Income": -7,
        "EBIT": 35,
        "Net Income": 147
    },
    "2021-12-31": {
        "Diluted EPS": -0.7,
        "Total Revenue": NaN,
        "Gross Profit": 818,
        "Operating Income": -9,
        "EBIT": 31,
        "Net Income": -46
    },
    "2021-09-30": {
        "Diluted EPS": 0.01,
        "Total Revenue": NaN,
        "Gross Profit": 788,
        "Operating Income": 88,
        "EBIT": 126,
        "Net Income": 2
    },
    "2021-06-30": {
        "Diluted EPS": -0.23,
        "Total Revenue": NaN,
        "Gross Profit": 799,
        "Operating Income": 14,
        "EBIT": 52,
        "Net Income": -24
    },
    "2021-03-31": {
        "Diluted EPS": -0.3,
        "Total Revenue": NaN,
        "Gross Profit": 661,
        "Operating Income": 17,
        "EBIT": 53,
        "Net Income": 28
    },
    "2020-12-31": {
        "Diluted EPS": -0.54,
        "Total Revenue": NaN,
        "Gross Profit": 682,
        "Operating Income": -85,
        "EBIT": -54,
        "Net Income": -155
    },
    "2020-09-30": {
        "Diluted EPS": -0.68,
        "Total Revenue": NaN,
        "Gross Profit": 572,
        "Operating Income": -47,
        "EBIT": -10,
        "Net Income": -118
    },
    "2020-06-30": {
        "Diluted EPS": -2.1,
        "Total Revenue": NaN,
        "Gross Profit": 527,
        "Operating Income": -184,
        "EBIT": -153,
        "Net Income": -392
    },
    "2020-03-31": {
        "Diluted EPS": -0.22,
        "Total Revenue": NaN,
        "Gross Profit": 521,
        "Operating Income": -19,
        "EBIT": 10,
        "Net Income": 1
    },
    "2019-12-31": {
        "Diluted EPS": -0.18,
        "Total Revenue": NaN,
        "Gross Profit": 527,
        "Operating Income": -85,
        "EBIT": -58,
        "Net Income": -230
    },
    "2019-09-30": {
        "Diluted EPS": 0.4,
        "Total Revenue": NaN,
        "Gross Profit": 490,
        "Operating Income": 60,
        "EBIT": 84,
        "Net Income": 268
    },
    "2019-06-30": {
        "Diluted EPS": -0.47,
        "Total Revenue": NaN,
        "Gross Profit": 488,
        "Operating Income": -3,
        "EBIT": 19,
        "Net Income": -85
    },
    "2019-03-31": {
        "Diluted EPS": -0.9,
        "Total Revenue": NaN,
        "Gross Profit": 424,
        "Operating Income": -53,
        "EBIT": -30,
        "Net Income": -161
    },
    "2018-12-31": {
        "Diluted EPS": 3.0,
        "Total Revenue": NaN,
        "Gross Profit": 460,
        "Operating Income": 114,
        "EBIT": 124,
        "Net Income": 536
    },
    "2018-09-30": {
        "Diluted EPS": 0.27,
        "Total Revenue": NaN,
        "Gross Profit": 398,
        "Operating Income": -7,
        "EBIT": 1,
        "Net Income": 50
    },
    "2018-06-30": {
        "Diluted EPS": -2.62,
        "Total Revenue": NaN,
        "Gross Profit": 392,
        "Operating Income": -107,
        "EBIT": -101,
        "Net Income": -470
    },
    "2018-03-31": {
        "Diluted EPS": -1.24,
        "Total Revenue": NaN,
        "Gross Profit": 348,
        "Operating Income": -50,
        "EBIT": -37,
        "Net Income": -208
    },
    "2017-12-31": {
        "Diluted EPS": 0.0,
        "Total Revenue": NaN,
        "Gross Profit": NaN,
        "Operating Income": NaN,
        "EBIT": NaN,
        "Net Income": NaN
    },
    "2023-09-30": {
        "Tax Effect Of Unusual Items": 1526000.0,
        "Tax Rate For Calcs": 0.109,
        "Normalized EBITDA": 104000000.0,
        "Total Unusual Items": 14000000.0,
        "Total Unusual Items Excluding Goodwill": 14000000.0,
        "Net Income From Continuing Operation Net Minority Interest": 65000000.0,
        "Reconciled Depreciation": 36000000.0,
        "Reconciled Cost Of Revenue": 2472000000.0,
        "EBITDA": 118000000.0,
        "EBIT": 82000000.0,
        "Net Interest Income": 27000000.0,
        "Interest Expense": 9000000.0,
        "Interest Income": 34000000.0,
        "Normalized Income": 52526000.0,
        "Net Income From Continuing And Discontinued Operation": 65000000.0,
        "Total Expenses": 3325000000.0,
        "Total Operating Income As Reported": 32000000.0,
        "Diluted Average Shares": 198012369.0,
        "Basic Average Shares": 194881723.0,
        "Diluted EPS": 0.33,
        "Basic EPS": 0.33,
        "Diluted NI Availto Com Stockholders": 65000000.0,
        "Average Dilution Earnings": 0.0,
        "Net Income Common Stockholders": 65000000.0,
        "Net Income": 65000000.0,
        "Net Income Including Noncontrolling Interests": 65000000.0,
        "Net Income Continuous Operations": 65000000.0,
        "Tax Provision": 8000000.0,
        "Pretax Income": 73000000.0,
        "Other Income Expense": 14000000.0,
        "Other Non Operating Income Expenses": NaN,
        "Gain On Sale Of Security": 14000000.0,
        "Net Non Operating Interest Income Expense": 27000000.0,
        "Total Other Finance Cost": -2000000.0,
        "Interest Expense Non Operating": 9000000.0,
        "Interest Income Non Operating": 34000000.0,
        "Operating Income": 32000000.0,
        "Operating Expense": 853000000.0,
        "Research And Development": 369000000.0,
        "Selling General And Administration": 484000000.0,
        "Selling And Marketing Expense": 355000000.0,
        "General And Administrative Expense": 129000000.0,
        "Other Gand A": 129000000.0,
        "Gross Profit": 885000000.0,
        "Cost Of Revenue": 2472000000.0,
        "Total Revenue": 3357000000.0,
        "Operating Revenue": 3357000000.0
    },
    "2023-12-31": {
        "Tax Effect Of Unusual Items": -18690000.0,
        "Tax Rate For Calcs": 0.21,
        "Normalized EBITDA": 12000000.0,
        "Total Unusual Items": -89000000.0,
        "Total Unusual Items Excluding Goodwill": -89000000.0,
        "Net Income From Continuing Operation Net Minority Interest": -70000000.0,
        "Reconciled Depreciation": 34000000.0,
        "Reconciled Cost Of Revenue": 2691000000.0,
        "EBITDA": -77000000.0,
        "EBIT": -111000000.0,
        "Net Interest Income": 33000000.0,
        "Interest Expense": 20000000.0,
        "Interest Income": 41000000.0,
        "Normalized Income": 310000.0,
        "Net Income From Continuing And Discontinued Operation": -70000000.0,
        "Total Expenses": 3746000000.0,
        "Total Operating Income As Reported": -75000000.0,
        "Diluted Average Shares": 196036080.0,
        "Basic Average Shares": 196036080.0,
        "Diluted EPS": -0.36,
        "Basic EPS": -0.36,
        "Diluted NI Availto Com Stockholders": -70000000.0,
        "Average Dilution Earnings": 0.0,
        "Net Income Common Stockholders": -70000000.0,
        "Net Income": -70000000.0,
        "Net Income Including Noncontrolling Interests": -70000000.0,
        "Net Income Continuous Operations": -70000000.0,
        "Tax Provision": -61000000.0,
        "Pretax Income": -131000000.0,
        "Other Income Expense": -89000000.0,
        "Other Non Operating Income Expenses": NaN,
        "Gain On Sale Of Security": -89000000.0,
        "Net Non Operating Interest Income Expense": 33000000.0,
        "Total Other Finance Cost": -12000000.0,
        "Interest Expense Non Operating": 20000000.0,
        "Interest Income Non Operating": 41000000.0,
        "Operating Income": -75000000.0,
        "Operating Expense": 1055000000.0,
        "Research And Development": 468000000.0,
        "Selling General And Administration": 587000000.0,
        "Selling And Marketing Expense": 432000000.0,
        "General And Administrative Expense": 155000000.0,
        "Other Gand A": 155000000.0,
        "Gross Profit": 980000000.0,
        "Cost Of Revenue": 2691000000.0,
        "Total Revenue": 3671000000.0,
        "Operating Revenue": 3671000000.0
    },
    "2024-03-31": {
        "Tax Effect Of Unusual Items": 0.0,
        "Tax Rate For Calcs": 0.4,
        "Normalized EBITDA": 258000000.0,
        "Total Unusual Items": NaN,
        "Total Unusual Items Excluding Goodwill": NaN,
        "Net Income From Continuing Operation Net Minority Interest": 197000000.0,
        "Reconciled Depreciation": 31000000.0,
        "Reconciled Cost Of Revenue": 2632000000.0,
        "EBITDA": 258000000.0,
        "EBIT": 227000000.0,
        "Net Interest Income": 6000000.0,
        "Interest Expense": 53000000.0,
        "Interest Income": 59000000.0,
        "Normalized Income": 197000000.0,
        "Net Income From Continuing And Discontinued Operation": 197000000.0,
        "Total Expenses": 3468000000.0,
        "Total Operating Income As Reported": 168000000.0,
        "Diluted Average Shares": 203773043.0,
        "Basic Average Shares": 198025456.0,
        "Diluted EPS": 0.97,
        "Basic EPS": 0.99,
        "Diluted NI Availto Com Stockholders": 197000000.0,
        "Average Dilution Earnings": NaN,
        "Net Income Common Stockholders": 197000000.0,
        "Net Income": 197000000.0,
        "Net Income Including Noncontrolling Interests": 197000000.0,
        "Net Income Continuous Operations": 197000000.0,
        "Tax Provision": -23000000.0,
        "Pretax Income": 174000000.0,
        "Other Income Expense": NaN,
        "Other Non Operating Income Expenses": NaN,
        "Gain On Sale Of Security": NaN,
        "Net Non Operating Interest Income Expense": 6000000.0,
        "Total Other Finance Cost": NaN,
        "Interest Expense Non Operating": 53000000.0,
        "Interest Income Non Operating": 59000000.0,
        "Operating Income": 168000000.0,
        "Operating Expense": 836000000.0,
        "Research And Development": 389000000.0,
        "Selling General And Administration": 447000000.0,
        "Selling And Marketing Expense": 324000000.0,
        "General And Administrative Expense": 123000000.0,
        "Other Gand A": 123000000.0,
        "Gross Profit": 1004000000.0,
        "Cost Of Revenue": 2632000000.0,
        "Total Revenue": 3636000000.0,
        "Operating Revenue": 3636000000.0
    }
}