{
    "2023-03-31": {
        "Tax Effect Of Unusual Items": -273000.0,
        "Tax Rate For Calcs": 0.015,
        "Normalized EBITDA": -114400000.0,
        "Total Unusual Items": -18200000.0,
        "Total Unusual Items Excluding Goodwill": -18200000.0,
        "Net Income From Continuing Operation Net Minority Interest": -281200000.0,
        "Reconciled Depreciation": 79900000.0,
        "Reconciled Cost Of Revenue": 1432200000.0,
        "EBITDA": -132600000.0,
        "EBIT": -212500000.0,
        "Net Interest Income": -69500000.0,
        "Interest Expense": 72400000.0,
        "Interest Income": 2900000.0,
        "Normalized Income": -263273000.0,
        "Net Income From Continuing And Discontinued Operation": -281200000.0,
        "Total Expenses": 1556100000.0,
        "Total Operating Income As Reported": -95100000.0,
        "Diluted Average Shares": 104900000.0,
        "Basic Average Shares": 104900000.0,
        "Diluted EPS": -2.68,
        "Basic EPS": -2.68,
        "Diluted NI Availto Com Stockholders": -281200000.0,
        "Net Income Common Stockholders": -281200000.0,
        "Otherunder Preferred Stock Dividend": 0.0,
        "Net Income": -281200000.0,
        "Minority Interests": 100000.0,
        "Net Income Including Noncontrolling Interests": -281300000.0,
        "Net Income Continuous Operations": -281300000.0,
        "Earnings From Equity Interest Net Of Tax": -700000.0,
        "Tax Provision": -4300000.0,
        "Pretax Income": -284900000.0,
        "Other Income Expense": -90700000.0,
        "Other Non Operating Income Expenses": -72500000.0,
        "Special Income Charges": -6300000.0,
        "Gain On Sale Of Ppe": -11200000.0,
        "Restructuring And Mergern Acquisition": 6300000.0,
        "Gain On Sale Of Security": -11900000.0,
        "Net Non Operating Interest Income Expense": -69500000.0,
        "Interest Expense Non Operating": 72400000.0,
        "Interest Income Non Operating": 2900000.0,
        "Operating Income": -124700000.0,
        "Operating Expense": 123900000.0,
        "Other Operating Expenses": NaN,
        "Other Taxes": 35900000.0,
        "Research And Development": 10600000.0,
        "Selling General And Administration": 77400000.0,
        "Gross Profit": -800000.0,
        "Cost Of Revenue": 1432200000.0,
        "Total Revenue": 1431400000.0,
        "Operating Revenue": 1431400000.0
    },
    "2022-12-31": {
        "Tax Effect Of Unusual Items": -1317940.717629,
        "Tax Rate For Calcs": 0.051482,
        "Normalized EBITDA": -73600000.0,
        "Total Unusual Items": -25600000.0,
        "Total Unusual Items Excluding Goodwill": -25600000.0,
        "Net Income From Continuing Operation Net Minority Interest": -243100000.0,
        "Reconciled Depreciation": 83900000.0,
        "Reconciled Cost Of Revenue": 1369600000.0,
        "EBITDA": -99200000.0,
        "EBIT": -183100000.0,
        "Net Interest Income": -67100000.0,
        "Interest Expense": 73300000.0,
        "Interest Income": NaN,
        "Normalized Income": -218817940.717629,
        "Net Income From Continuing And Discontinued Operation": -243100000.0,
        "Total Expenses": 1458900000.0,
        "Total Operating Income As Reported": -138800000.0,
        "Diluted Average Shares": 104800000.0,
        "Basic Average Shares": 104800000.0,
        "Diluted EPS": -2.32,
        "Basic EPS": -2.32,
        "Diluted NI Availto Com Stockholders": -243100000.0,
        "Net Income Common Stockholders": -243100000.0,
        "Otherunder Preferred Stock Dividend": NaN,
        "Net Income": -243100000.0,
        "Minority Interests": NaN,
        "Net Income Including Noncontrolling Interests": -243600000.0,
        "Net Income Continuous Operations": -243600000.0,
        "Earnings From Equity Interest Net Of Tax": -400000.0,
        "Tax Provision": -13200000.0,
        "Pretax Income": -256400000.0,
        "Other Income Expense": -50500000.0,
        "Other Non Operating Income Expenses": -24900000.0,
        "Special Income Charges": 0.0,
        "Gain On Sale Of Ppe": -10600000.0,
        "Restructuring And Mergern Acquisition": 0.0,
        "Gain On Sale Of Security": -25600000.0,
        "Net Non Operating Interest Income Expense": -67100000.0,
        "Interest Expense Non Operating": 73300000.0,
        "Interest Income Non Operating": NaN,
        "Operating Income": -138800000.0,
        "Operating Expense": 89300000.0,
        "Other Operating Expenses": NaN,
        "Other Taxes": 0.0,
        "Research And Development": 13900000.0,
        "Selling General And Administration": 75400000.0,
        "Gross Profit": -49500000.0,
        "Cost Of Revenue": 1369600000.0,
        "Total Revenue": 1320100000.0,
        "Operating Revenue": 1320100000.0
    },
    "2022-09-30": {
        "Tax Effect Of Unusual Items": 360000.0,
        "Tax Rate For Calcs": 0.4,
        "Normalized EBITDA": 45700000.0,
        "Total Unusual Items": 900000.0,
        "Total Unusual Items Excluding Goodwill": 900000.0,
        "Net Income From Continuing Operation Net Minority Interest": -127600000.0,
        "Reconciled Depreciation": 84200000.0,
        "Reconciled Cost Of Revenue": 1194000000.0,
        "EBITDA": 46600000.0,
        "EBIT": -37600000.0,
        "Net Interest Income": -56800000.0,
        "Interest Expense": 56800000.0,
        "Interest Income": NaN,
        "Normalized Income": -128140000.0,
        "Net Income From Continuing And Discontinued Operation": -127600000.0,
        "Total Expenses": 1272400000.0,
        "Total Operating Income As Reported": 4500000.0,
        "Diluted Average Shares": 104700000.0,
        "Basic Average Shares": 104700000.0,
        "Diluted EPS": -1.22,
        "Basic EPS": -1.22,
        "Diluted NI Availto Com Stockholders": -127600000.0,
        "Net Income Common Stockholders": -127600000.0,
        "Otherunder Preferred Stock Dividend": NaN,
        "Net Income": -127600000.0,
        "Minority Interests": NaN,
        "Net Income Including Noncontrolling Interests": -127600000.0,
        "Net Income Continuous Operations": -127600000.0,
        "Earnings From Equity Interest Net Of Tax": -300000.0,
        "Tax Provision": 32900000.0,
        "Pretax Income": -94400000.0,
        "Other Income Expense": -42100000.0,
        "Other Non Operating Income Expenses": -43000000.0,
        "Special Income Charges": -6000000.0,
        "Gain On Sale Of Ppe": -6000000.0,
        "Restructuring And Mergern Acquisition": 0.0,
        "Gain On Sale Of Security": 6900000.0,
        "Net Non Operating Interest Income Expense": -56800000.0,
        "Interest Expense Non Operating": 56800000.0,
        "Interest Income Non Operating": NaN,
        "Operating Income": 4500000.0,
        "Operating Expense": 78400000.0,
        "Other Operating Expenses": NaN,
        "Other Taxes": 0.0,
        "Research And Development": 9300000.0,
        "Selling General And Administration": 69100000.0,
        "Gross Profit": 82900000.0,
        "Cost Of Revenue": 1194000000.0,
        "Total Revenue": 1276900000.0,
        "Operating Revenue": 1276900000.0
    },
    "2022-06-30": {
        "Tax Effect Of Unusual Items": 95900.0,
        "Tax Rate For Calcs": 0.0274,
        "Normalized EBITDA": 10200000.0,
        "Total Unusual Items": 3500000.0,
        "Total Unusual Items Excluding Goodwill": 3500000.0,
        "Net Income From Continuing Operation Net Minority Interest": -122200000.0,
        "Reconciled Depreciation": 83800000.0,
        "Reconciled Cost Of Revenue": 1277500000.0,
        "EBITDA": 13700000.0,
        "EBIT": -70100000.0,
        "Net Interest Income": -55100000.0,
        "Interest Expense": 55100000.0,
        "Interest Income": NaN,
        "Normalized Income": -125604100.0,
        "Net Income From Continuing And Discontinued Operation": -122200000.0,
        "Total Expenses": 1369400000.0,
        "Total Operating Income As Reported": -104700000.0,
        "Diluted Average Shares": 104600000.0,
        "Basic Average Shares": 104600000.0,
        "Diluted EPS": -1.17,
        "Basic EPS": -1.17,
        "Diluted NI Availto Com Stockholders": -122200000.0,
        "Net Income Common Stockholders": -122200000.0,
        "Otherunder Preferred Stock Dividend": NaN,
        "Net Income": -122200000.0,
        "Minority Interests": NaN,
        "Net Income Including Noncontrolling Interests": -122200000.0,
        "Net Income Continuous Operations": -122200000.0,
        "Earnings From Equity Interest Net Of Tax": -500000.0,
        "Tax Provision": -3500000.0,
        "Pretax Income": -125200000.0,
        "Other Income Expense": 41400000.0,
        "Other Non Operating Income Expenses": 37900000.0,
        "Special Income Charges": -4100000.0,
        "Gain On Sale Of Ppe": -4100000.0,
        "Restructuring And Mergern Acquisition": 0.0,
        "Gain On Sale Of Security": 7600000.0,
        "Net Non Operating Interest Income Expense": -55100000.0,
        "Interest Expense Non Operating": 55100000.0,
        "Interest Income Non Operating": NaN,
        "Operating Income": -111500000.0,
        "Operating Expense": 91900000.0,
        "Other Operating Expenses": NaN,
        "Other Taxes": 6800000.0,
        "Research And Development": 14900000.0,
        "Selling General And Administration": 70200000.0,
        "Gross Profit": -19600000.0,
        "Cost Of Revenue": 1277500000.0,
        "Total Revenue": 1257900000.0,
        "Operating Revenue": 1257900000.0
    },
    "2023-06-30": {
        "Tax Effect Of Unusual Items": -924000.0,
        "Tax Rate For Calcs": 0.21,
        "Normalized EBITDA": -48100000.0,
        "Total Unusual Items": -4400000.0,
        "Total Unusual Items Excluding Goodwill": -4400000.0,
        "Net Income From Continuing Operation Net Minority Interest": -206300000.0,
        "Reconciled Depreciation": 77800000.0,
        "Reconciled Cost Of Revenue": 1395500000.0,
        "EBITDA": -52500000.0,
        "EBIT": -130300000.0,
        "Net Interest Income": -70900000.0,
        "Interest Expense": 73600000.0,
        "Interest Income": 2700000.0,
        "Normalized Income": -202824000.0,
        "Net Income From Continuing And Discontinued Operation": -206300000.0,
        "Total Expenses": 1484200000.0,
        "Total Operating Income As Reported": -120400000.0,
        "Diluted Average Shares": 105200000.0,
        "Basic Average Shares": 105200000.0,
        "Diluted EPS": -1.96,
        "Basic EPS": -1.96,
        "Diluted NI Availto Com Stockholders": -206300000.0,
        "Net Income Common Stockholders": -206300000.0,
        "Otherunder Preferred Stock Dividend": NaN,
        "Net Income": -206300000.0,
        "Minority Interests": 100000.0,
        "Net Income Including Noncontrolling Interests": -206400000.0,
        "Net Income Continuous Operations": -206400000.0,
        "Earnings From Equity Interest Net Of Tax": 500000.0,
        "Tax Provision": 3000000.0,
        "Pretax Income": -203900000.0,
        "Other Income Expense": -13500000.0,
        "Other Non Operating Income Expenses": -9100000.0,
        "Special Income Charges": -900000.0,
        "Gain On Sale Of Ppe": -12100000.0,
        "Restructuring And Mergern Acquisition": 900000.0,
        "Gain On Sale Of Security": -3500000.0,
        "Net Non Operating Interest Income Expense": -70900000.0,
        "Interest Expense Non Operating": 73600000.0,
        "Interest Income Non Operating": 2700000.0,
        "Operating Income": -119500000.0,
        "Operating Expense": 88700000.0,
        "Other Operating Expenses": 4900000.0,
        "Other Taxes": 0.0,
        "Research And Development": 13200000.0,
        "Selling General And Administration": 70600000.0,
        "Gross Profit": -30800000.0,
        "Cost Of Revenue": 1395500000.0,
        "Total Revenue": 1364700000.0,
        "Operating Revenue": 1364700000.0
    },
    "2022-03-31": {
        "Diluted EPS": -0.51,
        "Total Revenue": NaN,
        "Gross Profit": 35,
        "Operating Income": -42,
        "EBIT": 45,
        "Net Income": -53
    },
    "2021-12-31": {
        "Diluted EPS": -1.15,
        "Total Revenue": NaN,
        "Gross Profit": 9,
        "Operating Income": -79,
        "EBIT": 15,
        "Net Income": -120
    },
    "2021-09-30": {
        "Diluted EPS": -1.09,
        "Total Revenue": 980,
        "Gross Profit": -56,
        "Operating Income": -157,
        "EBIT": -72,
        "Net Income": -114
    },
    "2021-06-30": {
        "Diluted EPS": -1.3,
        "Total Revenue": NaN,
        "Gross Profit": -12,
        "Operating Income": -98,
        "EBIT": -17,
        "Net Income": -135
    },
    "2021-03-31": {
        "Diluted EPS": -1.65,
        "Total Revenue": 901,
        "Gross Profit": -58,
        "Operating Income": -126,
        "EBIT": -43,
        "Net Income": -172
    },
    "2020-12-31": {
        "Diluted EPS": -2.85,
        "Total Revenue": 877,
        "Gross Profit": -28,
        "Operating Income": -101,
        "EBIT": -19,
        "Net Income": -296
    },
    "2020-09-30": {
        "Diluted EPS": -1.5,
        "Total Revenue": 806,
        "Gross Profit": -97,
        "Operating Income": -177,
        "EBIT": -103,
        "Net Income": -156
    },
    "2020-06-30": {
        "Diluted EPS": -2.46,
        "Total Revenue": 645,
        "Gross Profit": -281,
        "Operating Income": -367,
        "EBIT": -295,
        "Net Income": -256
    },
    "2020-03-31": {
        "Diluted EPS": -1.57,
        "Total Revenue": NaN,
        "Gross Profit": -35,
        "Operating Income": -168,
        "EBIT": -98,
        "Net Income": -163
    },
    "2019-12-31": {
        "Diluted EPS": 0.64,
        "Total Revenue": NaN,
        "Gross Profit": 202,
        "Operating Income": 96,
        "EBIT": 161,
        "Net Income": 68
    },
    "2019-09-30": {
        "Diluted EPS": 1.26,
        "Total Revenue": NaN,
        "Gross Profit": 272,
        "Operating Income": 206,
        "EBIT": 282,
        "Net Income": 131
    },
    "2019-06-30": {
        "Diluted EPS": 1.61,
        "Total Revenue": NaN,
        "Gross Profit": 293,
        "Operating Income": 226,
        "EBIT": 279,
        "Net Income": 168
    },
    "2019-03-31": {
        "Diluted EPS": 1.55,
        "Total Revenue": NaN,
        "Gross Profit": 310,
        "Operating Income": 233,
        "EBIT": 294,
        "Net Income": 163
    },
    "2018-12-31": {
        "Diluted EPS": 1.65,
        "Total Revenue": NaN,
        "Gross Profit": 301,
        "Operating Income": 244,
        "EBIT": 304,
        "Net Income": 178
    },
    "2018-09-30": {
        "Diluted EPS": 1.59,
        "Total Revenue": NaN,
        "Gross Profit": 271,
        "Operating Income": 223,
        "EBIT": 287,
        "Net Income": 169
    },
    "2018-06-30": {
        "Diluted EPS": 1.31,
        "Total Revenue": NaN,
        "Gross Profit": 290,
        "Operating Income": 218,
        "EBIT": 290,
        "Net Income": 145
    },
    "2018-03-31": {
        "Diluted EPS": 1.1,
        "Total Revenue": NaN,
        "Gross Profit": 225,
        "Operating Income": 160,
        "EBIT": 212,
        "Net Income": 125
    },
    "2017-12-31": {
        "Diluted EPS": 1.06,
        "Total Revenue": NaN,
        "Gross Profit": 282,
        "Operating Income": 217,
        "EBIT": 273,
        "Net Income": 123
    },
    "2017-09-30": {
        "Diluted EPS": 1.26,
        "Total Revenue": NaN,
        "Gross Profit": 262,
        "Operating Income": 202,
        "EBIT": 257,
        "Net Income": 147
    },
    "2017-06-30": {
        "Diluted EPS": -0.48,
        "Total Revenue": NaN,
        "Gross Profit": -29,
        "Operating Income": -92,
        "EBIT": -38,
        "Net Income": -57
    },
    "2017-03-31": {
        "Diluted EPS": 1.17,
        "Total Revenue": NaN,
        "Gross Profit": 273,
        "Operating Income": 204,
        "EBIT": 258,
        "Net Income": 142
    },
    "2016-12-31": {
        "Diluted EPS": 0.9,
        "Total Revenue": NaN,
        "Gross Profit": 240,
        "Operating Income": 162,
        "EBIT": 222,
        "Net Income": 108
    },
    "2016-09-30": {
        "Diluted EPS": 1.16,
        "Total Revenue": NaN,
        "Gross Profit": 272,
        "Operating Income": 214,
        "EBIT": 269,
        "Net Income": 145
    },
    "2016-06-30": {
        "Diluted EPS": 0.35,
        "Total Revenue": NaN,
        "Gross Profit": 158,
        "Operating Income": 83,
        "EBIT": 149,
        "Net Income": 45
    },
    "2016-03-31": {
        "Diluted EPS": 1.29,
        "Total Revenue": NaN,
        "Gross Profit": 323,
        "Operating Income": 267,
        "EBIT": 314,
        "Net Income": 172
    },
    "2015-12-31": {
        "Diluted EPS": 1.01,
        "Total Revenue": NaN,
        "Gross Profit": 274,
        "Operating Income": 206,
        "EBIT": 254,
        "Net Income": 139
    },
    "2015-09-30": {
        "Diluted EPS": 2.24,
        "Total Revenue": NaN,
        "Gross Profit": 253,
        "Operating Income": 192,
        "EBIT": 237,
        "Net Income": 314
    },
    "2015-06-30": {
        "Diluted EPS": 1.11,
        "Total Revenue": NaN,
        "Gross Profit": 291,
        "Operating Income": 230,
        "EBIT": 276,
        "Net Income": 155
    },
    "2015-03-31": {
        "Diluted EPS": 1.3,
        "Total Revenue": NaN,
        "Gross Profit": 294,
        "Operating Income": 235,
        "EBIT": 284,
        "Net Income": 182
    },
    "2014-12-31": {
        "Diluted EPS": -0.75,
        "Total Revenue": NaN,
        "Gross Profit": 275,
        "Operating Income": -273,
        "EBIT": -227,
        "Net Income": -104
    },
    "2014-09-30": {
        "Diluted EPS": 1.2,
        "Total Revenue": NaN,
        "Gross Profit": 275,
        "Operating Income": 216,
        "EBIT": 261,
        "Net Income": 168
    },
    "2014-06-30": {
        "Diluted EPS": 1.01,
        "Total Revenue": NaN,
        "Gross Profit": 277,
        "Operating Income": 216,
        "EBIT": 262,
        "Net Income": 143
    },
    "2014-03-31": {
        "Diluted EPS": 1.07,
        "Total Revenue": NaN,
        "Gross Profit": 261,
        "Operating Income": 194,
        "EBIT": 256,
        "Net Income": 152
    },
    "2013-12-31": {
        "Diluted EPS": -4.15,
        "Total Revenue": NaN,
        "Gross Profit": -249,
        "Operating Income": -321,
        "EBIT": -279,
        "Net Income": -587
    },
    "2013-09-30": {
        "Diluted EPS": 0.65,
        "Total Revenue": NaN,
        "Gross Profit": 115,
        "Operating Income": 51,
        "EBIT": 92,
        "Net Income": 94
    },
    "2013-06-30": {
        "Diluted EPS": -1.47,
        "Total Revenue": NaN,
        "Gross Profit": -170,
        "Operating Income": -239,
        "EBIT": -196,
        "Net Income": -209
    },
    "2013-03-31": {
        "Diluted EPS": 0.57,
        "Total Revenue": NaN,
        "Gross Profit": 205,
        "Operating Income": 145,
        "EBIT": 187,
        "Net Income": 81
    },
    "2012-12-31": {
        "Diluted EPS": 0.42,
        "Total Revenue": NaN,
        "Gross Profit": 175,
        "Operating Income": 98,
        "EBIT": 138,
        "Net Income": 60
    },
    "2012-09-30": {
        "Diluted EPS": -0.94,
        "Total Revenue": NaN,
        "Gross Profit": -381,
        "Operating Income": -211,
        "EBIT": -172,
        "Net Income": -134
    },
    "2012-06-30": {
        "Diluted EPS": 0.24,
        "Total Revenue": NaN,
        "Gross Profit": 184,
        "Operating Income": 83,
        "EBIT": 139,
        "Net Income": 35
    },
    "2012-03-31": {
        "Diluted EPS": 0.52,
        "Total Revenue": NaN,
        "Gross Profit": 175,
        "Operating Income": 122,
        "EBIT": 158,
        "Net Income": 74
    },
    "2011-12-31": {
        "Diluted EPS": 0.43,
        "Total Revenue": NaN,
        "Gross Profit": 152,
        "Operating Income": 102,
        "EBIT": 135,
        "Net Income": 57
    },
    "2011-09-30": {
        "Diluted EPS": 0.47,
        "Total Revenue": NaN,
        "Gross Profit": 167,
        "Operating Income": 121,
        "EBIT": 157,
        "Net Income": 67
    },
    "2011-06-30": {
        "Diluted EPS": 0.21,
        "Total Revenue": NaN,
        "Gross Profit": 111,
        "Operating Income": 64,
        "EBIT": 100,
        "Net Income": 30
    },
    "2011-03-31": {
        "Diluted EPS": 0.24,
        "Total Revenue": NaN,
        "Gross Profit": 122,
        "Operating Income": 70,
        "EBIT": 105,
        "Net Income": 35
    },
    "2010-12-31": {
        "Diluted EPS": 0.43,
        "Total Revenue": NaN,
        "Gross Profit": 152,
        "Operating Income": 96,
        "EBIT": 130,
        "Net Income": 62
    },
    "2010-09-30": {
        "Diluted EPS": 0.33,
        "Total Revenue": NaN,
        "Gross Profit": 134,
        "Operating Income": 82,
        "EBIT": 115,
        "Net Income": 46
    },
    "2010-06-30": {
        "Diluted EPS": 0.39,
        "Total Revenue": NaN,
        "Gross Profit": 136,
        "Operating Income": 86,
        "EBIT": 117,
        "Net Income": 55
    },
    "2010-03-31": {
        "Diluted EPS": 0.4,
        "Total Revenue": NaN,
        "Gross Profit": 142,
        "Operating Income": 93,
        "EBIT": 123,
        "Net Income": 56
    },
    "2009-12-31": {
        "Diluted EPS": 0.36,
        "Total Revenue": NaN,
        "Gross Profit": 134,
        "Operating Income": 85,
        "EBIT": 119,
        "Net Income": 50
    },
    "2009-09-30": {
        "Diluted EPS": 0.62,
        "Total Revenue": NaN,
        "Gross Profit": 176,
        "Operating Income": 131,
        "EBIT": 162,
        "Net Income": 87
    },
    "2009-06-30": {
        "Diluted EPS": -0.06,
        "Total Revenue": NaN,
        "Gross Profit": 38,
        "Operating Income": -10,
        "EBIT": 22,
        "Net Income": -8
    },
    "2009-03-31": {
        "Diluted EPS": 0.45,
        "Total Revenue": 887,
        "Gross Profit": 150,
        "Operating Income": 98,
        "EBIT": 128,
        "Net Income": 63
    },
    "2023-09-30": {
        "Tax Effect Of Unusual Items": 3507000.0,
        "Tax Rate For Calcs": 0.21,
        "Normalized EBITDA": -63900000.0,
        "Total Unusual Items": 16700000.0,
        "Total Unusual Items Excluding Goodwill": 16700000.0,
        "Net Income From Continuing Operation Net Minority Interest": -204100000.0,
        "Reconciled Depreciation": 79200000.0,
        "Reconciled Cost Of Revenue": 1492500000.0,
        "EBITDA": -47200000.0,
        "EBIT": -126400000.0,
        "Net Interest Income": -72700000.0,
        "Interest Expense": 75100000.0,
        "Interest Income": 2400000.0,
        "Normalized Income": -217293000.0,
        "Net Income From Continuing And Discontinued Operation": -204100000.0,
        "Total Expenses": 1572600000.0,
        "Total Operating Income As Reported": -133700000.0,
        "Diluted Average Shares": 105200000.0,
        "Basic Average Shares": 105200000.0,
        "Diluted EPS": -1.94,
        "Basic EPS": -1.94,
        "Diluted NI Availto Com Stockholders": -204100000.0,
        "Net Income Common Stockholders": -204100000.0,
        "Otherunder Preferred Stock Dividend": NaN,
        "Net Income": -204100000.0,
        "Minority Interests": -200000.0,
        "Net Income Including Noncontrolling Interests": -203900000.0,
        "Net Income Continuous Operations": -203900000.0,
        "Earnings From Equity Interest Net Of Tax": 0.0,
        "Tax Provision": 2400000.0,
        "Pretax Income": -201500000.0,
        "Other Income Expense": 4900000.0,
        "Other Non Operating Income Expenses": -11800000.0,
        "Special Income Charges": 0.0,
        "Gain On Sale Of Ppe": NaN,
        "Restructuring And Mergern Acquisition": 0.0,
        "Gain On Sale Of Security": 16700000.0,
        "Net Non Operating Interest Income Expense": -72700000.0,
        "Interest Expense Non Operating": 75100000.0,
        "Interest Income Non Operating": 2400000.0,
        "Operating Income": -133700000.0,
        "Operating Expense": 80100000.0,
        "Other Operating Expenses": 800000.0,
        "Other Taxes": 0.0,
        "Research And Development": 10100000.0,
        "Selling General And Administration": 69200000.0,
        "Gross Profit": -53600000.0,
        "Cost Of Revenue": 1492500000.0,
        "Total Revenue": 1438900000.0,
        "Operating Revenue": 1438900000.0
    },
    "2023-12-31": {
        "Tax Effect Of Unusual Items": NaN,
        "Tax Rate For Calcs": NaN,
        "Normalized EBITDA": NaN,
        "Total Unusual Items": NaN,
        "Total Unusual Items Excluding Goodwill": NaN,
        "Net Income From Continuing Operation Net Minority Interest": NaN,
        "Reconciled Depreciation": NaN,
        "Reconciled Cost Of Revenue": NaN,
        "EBITDA": NaN,
        "EBIT": NaN,
        "Net Interest Income": NaN,
        "Interest Expense": NaN,
        "Interest Income": NaN,
        "Normalized Income": NaN,
        "Net Income From Continuing And Discontinued Operation": NaN,
        "Total Expenses": NaN,
        "Total Operating Income As Reported": NaN,
        "Diluted Average Shares": 116200000.0,
        "Basic Average Shares": 111000000.0,
        "Diluted EPS": 0.52,
        "Basic EPS": 0.53,
        "Diluted NI Availto Com Stockholders": NaN,
        "Net Income Common Stockholders": NaN,
        "Otherunder Preferred Stock Dividend": NaN,
        "Net Income": NaN,
        "Minority Interests": NaN,
        "Net Income Including Noncontrolling Interests": NaN,
        "Net Income Continuous Operations": NaN,
        "Earnings From Equity Interest Net Of Tax": NaN,
        "Tax Provision": NaN,
        "Pretax Income": NaN,
        "Other Income Expense": NaN,
        "Other Non Operating Income Expenses": NaN,
        "Special Income Charges": NaN,
        "Gain On Sale Of Ppe": NaN,
        "Restructuring And Mergern Acquisition": NaN,
        "Gain On Sale Of Security": NaN,
        "Net Non Operating Interest Income Expense": NaN,
        "Interest Expense Non Operating": NaN,
        "Interest Income Non Operating": NaN,
        "Operating Income": NaN,
        "Operating Expense": NaN,
        "Other Operating Expenses": NaN,
        "Other Taxes": NaN,
        "Research And Development": NaN,
        "Selling General And Administration": NaN,
        "Gross Profit": NaN,
        "Cost Of Revenue": NaN,
        "Total Revenue": NaN,
        "Operating Revenue": NaN
    }
}