{
    "2023-03-31": {
        "Tax Effect Of Unusual Items": NaN,
        "Tax Rate For Calcs": NaN,
        "Normalized EBITDA": NaN,
        "Total Unusual Items": NaN,
        "Total Unusual Items Excluding Goodwill": NaN,
        "Net Income From Continuing Operation Net Minority Interest": NaN,
        "Reconciled Depreciation": NaN,
        "EBITDA": NaN,
        "EBIT": NaN,
        "Net Interest Income": NaN,
        "Interest Expense": 0.0,
        "Interest Income": NaN,
        "Normalized Income": NaN,
        "Net Income From Continuing And Discontinued Operation": NaN,
        "Total Expenses": NaN,
        "Total Operating Income As Reported": NaN,
        "Diluted Average Shares": NaN,
        "Basic Average Shares": NaN,
        "Diluted EPS": NaN,
        "Basic EPS": NaN,
        "Diluted NI Availto Com Stockholders": NaN,
        "Net Income Common Stockholders": NaN,
        "Net Income": NaN,
        "Net Income Including Noncontrolling Interests": NaN,
        "Net Income Continuous Operations": NaN,
        "Tax Provision": NaN,
        "Pretax Income": NaN,
        "Other Income Expense": NaN,
        "Other Non Operating Income Expenses": NaN,
        "Special Income Charges": NaN,
        "Impairment Of Capital Assets": NaN,
        "Restructuring And Mergern Acquisition": NaN,
        "Net Non Operating Interest Income Expense": NaN,
        "Interest Expense Non Operating": 0.0,
        "Interest Income Non Operating": NaN,
        "Operating Income": NaN,
        "Operating Expense": NaN,
        "Other Operating Expenses": NaN,
        "Research And Development": NaN,
        "Selling General And Administration": NaN,
        "General And Administrative Expense": NaN,
        "Other Gand A": NaN,
        "Salaries And Wages": NaN,
        "Total Revenue": NaN,
        "Operating Revenue": NaN
    },
    "2022-12-31": {
        "Tax Effect Of Unusual Items": NaN,
        "Tax Rate For Calcs": NaN,
        "Normalized EBITDA": NaN,
        "Total Unusual Items": 208000.0,
        "Total Unusual Items Excluding Goodwill": 208000.0,
        "Net Income From Continuing Operation Net Minority Interest": NaN,
        "Reconciled Depreciation": NaN,
        "EBITDA": NaN,
        "EBIT": NaN,
        "Net Interest Income": NaN,
        "Interest Expense": 0.0,
        "Interest Income": NaN,
        "Normalized Income": NaN,
        "Net Income From Continuing And Discontinued Operation": NaN,
        "Total Expenses": NaN,
        "Total Operating Income As Reported": NaN,
        "Diluted Average Shares": NaN,
        "Basic Average Shares": NaN,
        "Diluted EPS": NaN,
        "Basic EPS": NaN,
        "Diluted NI Availto Com Stockholders": NaN,
        "Net Income Common Stockholders": NaN,
        "Net Income": NaN,
        "Net Income Including Noncontrolling Interests": NaN,
        "Net Income Continuous Operations": NaN,
        "Tax Provision": NaN,
        "Pretax Income": NaN,
        "Other Income Expense": NaN,
        "Other Non Operating Income Expenses": NaN,
        "Special Income Charges": 67000.0,
        "Other Special Charges": 0.0,
        "Impairment Of Capital Assets": NaN,
        "Restructuring And Mergern Acquisition": -67000.0,
        "Gain On Sale Of Security": 141000.0,
        "Net Non Operating Interest Income Expense": NaN,
        "Interest Expense Non Operating": 0.0,
        "Interest Income Non Operating": NaN,
        "Operating Income": NaN,
        "Operating Expense": NaN,
        "Other Operating Expenses": NaN,
        "Research And Development": NaN,
        "Selling General And Administration": NaN,
        "General And Administrative Expense": NaN,
        "Other Gand A": NaN,
        "Salaries And Wages": NaN,
        "Total Revenue": NaN,
        "Operating Revenue": NaN
    },
    "2022-09-30": {
        "Tax Effect Of Unusual Items": NaN,
        "Tax Rate For Calcs": NaN,
        "Normalized EBITDA": NaN,
        "Total Unusual Items": 126000.0,
        "Total Unusual Items Excluding Goodwill": 126000.0,
        "Net Income From Continuing Operation Net Minority Interest": NaN,
        "Reconciled Depreciation": NaN,
        "EBITDA": NaN,
        "EBIT": NaN,
        "Net Interest Income": NaN,
        "Interest Expense": NaN,
        "Interest Income": NaN,
        "Normalized Income": NaN,
        "Net Income From Continuing And Discontinued Operation": NaN,
        "Total Expenses": NaN,
        "Total Operating Income As Reported": NaN,
        "Diluted Average Shares": NaN,
        "Basic Average Shares": NaN,
        "Diluted EPS": NaN,
        "Basic EPS": NaN,
        "Diluted NI Availto Com Stockholders": NaN,
        "Net Income Common Stockholders": NaN,
        "Net Income": NaN,
        "Net Income Including Noncontrolling Interests": NaN,
        "Net Income Continuous Operations": NaN,
        "Tax Provision": 0.0,
        "Pretax Income": NaN,
        "Other Income Expense": NaN,
        "Other Non Operating Income Expenses": NaN,
        "Special Income Charges": 152000.0,
        "Other Special Charges": NaN,
        "Impairment Of Capital Assets": 0.0,
        "Restructuring And Mergern Acquisition": -152000.0,
        "Gain On Sale Of Security": -26000.0,
        "Net Non Operating Interest Income Expense": NaN,
        "Interest Expense Non Operating": NaN,
        "Interest Income Non Operating": NaN,
        "Operating Income": NaN,
        "Operating Expense": NaN,
        "Other Operating Expenses": NaN,
        "Research And Development": NaN,
        "Selling General And Administration": NaN,
        "General And Administrative Expense": NaN,
        "Other Gand A": NaN,
        "Salaries And Wages": NaN,
        "Total Revenue": NaN,
        "Operating Revenue": NaN
    },
    "2022-06-30": {
        "Tax Effect Of Unusual Items": 0.0,
        "Tax Rate For Calcs": 0.0,
        "Normalized EBITDA": -13836000.0,
        "Total Unusual Items": -14435000.0,
        "Total Unusual Items Excluding Goodwill": -14435000.0,
        "Net Income From Continuing Operation Net Minority Interest": -28682000.0,
        "Reconciled Depreciation": 294000.0,
        "EBITDA": -28271000.0,
        "EBIT": -28565000.0,
        "Net Interest Income": -6000.0,
        "Interest Expense": 117000.0,
        "Interest Income": 111000.0,
        "Normalized Income": -14247000.0,
        "Net Income From Continuing And Discontinued Operation": -28682000.0,
        "Total Expenses": 15127000.0,
        "Total Operating Income As Reported": -26080000.0,
        "Diluted Average Shares": 32977807.0,
        "Basic Average Shares": 32977807.0,
        "Diluted EPS": -0.87,
        "Basic EPS": -0.87,
        "Diluted NI Availto Com Stockholders": -28682000.0,
        "Net Income Common Stockholders": -28682000.0,
        "Net Income": -28682000.0,
        "Net Income Including Noncontrolling Interests": -28682000.0,
        "Net Income Continuous Operations": -28682000.0,
        "Pretax Income": -28682000.0,
        "Other Income Expense": -14445000.0,
        "Other Non Operating Income Expenses": -10000.0,
        "Special Income Charges": -15430000.0,
        "Other Special Charges": 3581000.0,
        "Restructuring And Mergern Acquisition": 11849000.0,
        "Gain On Sale Of Security": 995000.0,
        "Net Non Operating Interest Income Expense": -6000.0,
        "Interest Expense Non Operating": 117000.0,
        "Interest Income Non Operating": 111000.0,
        "Operating Income": -14231000.0,
        "Operating Expense": 15127000.0,
        "Other Operating Expenses": -1097000.0,
        "Research And Development": 8173000.0,
        "Selling General And Administration": 8051000.0,
        "General And Administrative Expense": 8051000.0,
        "Other Gand A": 4199000.0,
        "Salaries And Wages": 3852000.0,
        "Total Revenue": 896000.0,
        "Operating Revenue": 896000.0
    },
    "2022-03-31": {
        "Diluted EPS": -1.01,
        "Total Revenue": 2,
        "Gross Profit": 2,
        "Operating Income": -30,
        "EBIT": -30,
        "Net Income": -33
    },
    "2021-12-31": {
        "Diluted EPS": -0.92,
        "Total Revenue": 3,
        "Gross Profit": 3,
        "Operating Income": -28,
        "EBIT": -27,
        "Net Income": -29
    },
    "2021-09-30": {
        "Diluted EPS": -0.7,
        "Total Revenue": 3,
        "Gross Profit": 3,
        "Operating Income": -23,
        "EBIT": -22,
        "Net Income": -23
    },
    "2021-06-30": {
        "Diluted EPS": -0.63,
        "Total Revenue": 5,
        "Gross Profit": 5,
        "Operating Income": -19,
        "EBIT": -18,
        "Net Income": -19
    },
    "2021-03-31": {
        "Diluted EPS": -0.66,
        "Total Revenue": 7,
        "Gross Profit": 7,
        "Operating Income": -19,
        "EBIT": -19,
        "Net Income": -19
    },
    "2020-12-31": {
        "Diluted EPS": -0.59,
        "Total Revenue": 2,
        "Gross Profit": 2,
        "Operating Income": -19,
        "EBIT": -19,
        "Net Income": -19
    },
    "2020-09-30": {
        "Diluted EPS": -0.86,
        "Total Revenue": 4,
        "Gross Profit": 4,
        "Operating Income": -19,
        "EBIT": -19,
        "Net Income": -19
    },
    "2020-06-30": {
        "Diluted EPS": -0.85,
        "Total Revenue": 2,
        "Gross Profit": 2,
        "Operating Income": -18,
        "EBIT": -18,
        "Net Income": -18
    },
    "2020-03-31": {
        "Diluted EPS": -1.22,
        "Total Revenue": 2,
        "Gross Profit": 2,
        "Operating Income": -23,
        "EBIT": -23,
        "Net Income": -23
    },
    "2019-12-31": {
        "Diluted EPS": -1.37,
        "Total Revenue": 4,
        "Gross Profit": 4,
        "Operating Income": -26,
        "EBIT": -26,
        "Net Income": -25
    },
    "2019-09-30": {
        "Diluted EPS": -0.95,
        "Total Revenue": 5,
        "Gross Profit": 5,
        "Operating Income": -18,
        "EBIT": -17,
        "Net Income": -18
    },
    "2019-06-30": {
        "Diluted EPS": -0.74,
        "Total Revenue": 2,
        "Gross Profit": 2,
        "Operating Income": -14,
        "EBIT": -13,
        "Net Income": -13
    },
    "2019-03-31": {
        "Diluted EPS": -0.29,
        "Total Revenue": 8,
        "Gross Profit": 8,
        "Operating Income": -6,
        "EBIT": -6,
        "Net Income": -5
    },
    "2018-12-31": {
        "Diluted EPS": -0.57,
        "Total Revenue": 2,
        "Gross Profit": 2,
        "Operating Income": -11,
        "EBIT": -11,
        "Net Income": -11
    },
    "2018-09-30": {
        "Diluted EPS": -0.6,
        "Total Revenue": 1,
        "Gross Profit": 1,
        "Operating Income": -11,
        "EBIT": -11,
        "Net Income": -10
    },
    "2018-06-30": {
        "Diluted EPS": -0.69,
        "Total Revenue": 0,
        "Gross Profit": 0,
        "Operating Income": -10,
        "EBIT": -10,
        "Net Income": -10
    },
    "2018-03-31": {
        "Diluted EPS": -0.74,
        "Total Revenue": 1,
        "Gross Profit": 1,
        "Operating Income": -11,
        "EBIT": -11,
        "Net Income": -11
    },
    "2017-12-31": {
        "Diluted EPS": 76.01,
        "Total Revenue": 1,
        "Gross Profit": 1,
        "Operating Income": -14,
        "EBIT": -14,
        "Net Income": -15
    },
    "2017-09-30": {
        "Diluted EPS": -36.02,
        "Total Revenue": 1,
        "Gross Profit": 1,
        "Operating Income": -10,
        "EBIT": -10,
        "Net Income": -12
    },
    "2017-06-30": {
        "Diluted EPS": -36.21,
        "Total Revenue": 0,
        "Gross Profit": 0,
        "Operating Income": -10,
        "EBIT": -10,
        "Net Income": -12
    },
    "2017-03-31": {
        "Diluted EPS": -21.6,
        "Total Revenue": 0,
        "Gross Profit": 0,
        "Operating Income": -8,
        "EBIT": -8,
        "Net Income": -7
    },
    "2016-12-31": {
        "Diluted EPS": 0.0,
        "Total Revenue": NaN,
        "Gross Profit": NaN,
        "Operating Income": NaN,
        "EBIT": NaN,
        "Net Income": NaN
    },
    "2016-09-30": {
        "Diluted EPS": -23.23,
        "Total Revenue": NaN,
        "Gross Profit": NaN,
        "Operating Income": -8,
        "EBIT": -8,
        "Net Income": -7
    },
    "2015-12-31": {
        "Diluted EPS": 0.0,
        "Total Revenue": NaN,
        "Gross Profit": NaN,
        "Operating Income": NaN,
        "EBIT": NaN,
        "Net Income": NaN
    },
    "2023-06-30": {
        "Tax Effect Of Unusual Items": NaN,
        "Tax Rate For Calcs": NaN,
        "Normalized EBITDA": NaN,
        "Total Unusual Items": 0.0,
        "Total Unusual Items Excluding Goodwill": 0.0,
        "Net Income From Continuing Operation Net Minority Interest": NaN,
        "Reconciled Depreciation": NaN,
        "EBITDA": NaN,
        "EBIT": NaN,
        "Net Interest Income": NaN,
        "Interest Expense": 0.0,
        "Interest Income": NaN,
        "Normalized Income": NaN,
        "Net Income From Continuing And Discontinued Operation": NaN,
        "Total Expenses": NaN,
        "Total Operating Income As Reported": NaN,
        "Diluted Average Shares": 52571813.0,
        "Basic Average Shares": 52571813.0,
        "Diluted EPS": -0.23,
        "Basic EPS": -0.23,
        "Diluted NI Availto Com Stockholders": NaN,
        "Net Income Common Stockholders": NaN,
        "Net Income": NaN,
        "Net Income Including Noncontrolling Interests": NaN,
        "Net Income Continuous Operations": NaN,
        "Tax Provision": NaN,
        "Pretax Income": NaN,
        "Other Income Expense": NaN,
        "Other Non Operating Income Expenses": NaN,
        "Special Income Charges": 0.0,
        "Impairment Of Capital Assets": NaN,
        "Restructuring And Mergern Acquisition": 0.0,
        "Net Non Operating Interest Income Expense": NaN,
        "Interest Expense Non Operating": 0.0,
        "Interest Income Non Operating": NaN,
        "Operating Income": NaN,
        "Operating Expense": NaN,
        "Other Operating Expenses": NaN,
        "Research And Development": NaN,
        "Selling General And Administration": NaN,
        "General And Administrative Expense": NaN,
        "Other Gand A": NaN,
        "Salaries And Wages": NaN,
        "Total Revenue": NaN,
        "Operating Revenue": NaN
    },
    "2023-09-30": {
        "Tax Effect Of Unusual Items": -1114260.0,
        "Tax Rate For Calcs": 0.21,
        "Normalized EBITDA": 8786000.0,
        "Total Unusual Items": -5306000.0,
        "Total Unusual Items Excluding Goodwill": -5306000.0,
        "Net Income From Continuing Operation Net Minority Interest": -3205000.0,
        "Reconciled Depreciation": 108000.0,
        "EBITDA": 3480000.0,
        "EBIT": 3372000.0,
        "Net Interest Income": 950000.0,
        "Interest Expense": 0.0,
        "Interest Income": 950000.0,
        "Normalized Income": 986740.0,
        "Net Income From Continuing And Discontinued Operation": -3205000.0,
        "Total Expenses": 20010000.0,
        "Total Operating Income As Reported": -1934000.0,
        "Diluted Average Shares": 52710280.0,
        "Basic Average Shares": 52710280.0,
        "Diluted EPS": -0.06,
        "Basic EPS": -0.06,
        "Diluted NI Availto Com Stockholders": -3205000.0,
        "Net Income Common Stockholders": -3205000.0,
        "Net Income": -3205000.0,
        "Net Income Including Noncontrolling Interests": -3205000.0,
        "Net Income Continuous Operations": -3205000.0,
        "Tax Provision": 2211000.0,
        "Pretax Income": -994000.0,
        "Other Income Expense": -5316000.0,
        "Other Non Operating Income Expenses": -10000.0,
        "Special Income Charges": -5306000.0,
        "Impairment Of Capital Assets": 5306000.0,
        "Restructuring And Mergern Acquisition": 0.0,
        "Net Non Operating Interest Income Expense": 950000.0,
        "Interest Expense Non Operating": 0.0,
        "Interest Income Non Operating": 950000.0,
        "Operating Income": 3372000.0,
        "Operating Expense": 20010000.0,
        "Other Operating Expenses": -2091000.0,
        "Research And Development": 16393000.0,
        "Selling General And Administration": 5708000.0,
        "General And Administrative Expense": 5708000.0,
        "Other Gand A": 2530000.0,
        "Salaries And Wages": 3178000.0,
        "Total Revenue": 23382000.0,
        "Operating Revenue": 23382000.0
    },
    "2023-12-31": {
        "Tax Effect Of Unusual Items": 0.0,
        "Tax Rate For Calcs": 0.007503,
        "Normalized EBITDA": 51616000.0,
        "Total Unusual Items": 0.0,
        "Total Unusual Items Excluding Goodwill": 0.0,
        "Net Income From Continuing Operation Net Minority Interest": 51191000.0,
        "Reconciled Depreciation": 38000.0,
        "EBITDA": 51616000.0,
        "EBIT": 51578000.0,
        "Net Interest Income": 1043000.0,
        "Interest Expense": 0.0,
        "Interest Income": 1043000.0,
        "Normalized Income": 51191000.0,
        "Net Income From Continuing And Discontinued Operation": 51191000.0,
        "Total Expenses": 21293000.0,
        "Total Operating Income As Reported": 50532000.0,
        "Diluted Average Shares": NaN,
        "Basic Average Shares": NaN,
        "Diluted EPS": NaN,
        "Basic EPS": NaN,
        "Diluted NI Availto Com Stockholders": 51191000.0,
        "Net Income Common Stockholders": 51191000.0,
        "Net Income": 51191000.0,
        "Net Income Including Noncontrolling Interests": 51191000.0,
        "Net Income Continuous Operations": 51191000.0,
        "Tax Provision": 387000.0,
        "Pretax Income": 51578000.0,
        "Other Income Expense": 3000.0,
        "Other Non Operating Income Expenses": 3000.0,
        "Special Income Charges": 0.0,
        "Impairment Of Capital Assets": 0.0,
        "Restructuring And Mergern Acquisition": 0.0,
        "Net Non Operating Interest Income Expense": 1043000.0,
        "Interest Expense Non Operating": 0.0,
        "Interest Income Non Operating": 1043000.0,
        "Operating Income": 50532000.0,
        "Operating Expense": 21293000.0,
        "Other Operating Expenses": -1697000.0,
        "Research And Development": 16557000.0,
        "Selling General And Administration": 6433000.0,
        "General And Administrative Expense": 6433000.0,
        "Other Gand A": 2799000.0,
        "Salaries And Wages": 3634000.0,
        "Total Revenue": 71825000.0,
        "Operating Revenue": 71825000.0
    },
    "2024-03-31": {
        "Tax Effect Of Unusual Items": 0.0,
        "Tax Rate For Calcs": 0.0,
        "Normalized EBITDA": -13982000.0,
        "Total Unusual Items": NaN,
        "Total Unusual Items Excluding Goodwill": NaN,
        "Net Income From Continuing Operation Net Minority Interest": -12669000.0,
        "Reconciled Depreciation": 0.0,
        "EBITDA": -13982000.0,
        "EBIT": -13982000.0,
        "Net Interest Income": 1327000.0,
        "Interest Expense": NaN,
        "Interest Income": 1327000.0,
        "Normalized Income": -12669000.0,
        "Net Income From Continuing And Discontinued Operation": -12669000.0,
        "Total Expenses": 18186000.0,
        "Total Operating Income As Reported": -13982000.0,
        "Diluted Average Shares": 53524037.0,
        "Basic Average Shares": 53524037.0,
        "Diluted EPS": -0.24,
        "Basic EPS": -0.24,
        "Diluted NI Availto Com Stockholders": -12669000.0,
        "Net Income Common Stockholders": -12669000.0,
        "Net Income": -12669000.0,
        "Net Income Including Noncontrolling Interests": -12669000.0,
        "Net Income Continuous Operations": -12669000.0,
        "Tax Provision": NaN,
        "Pretax Income": -12669000.0,
        "Other Income Expense": -14000.0,
        "Other Non Operating Income Expenses": -14000.0,
        "Special Income Charges": NaN,
        "Impairment Of Capital Assets": NaN,
        "Restructuring And Mergern Acquisition": NaN,
        "Net Non Operating Interest Income Expense": 1327000.0,
        "Interest Expense Non Operating": NaN,
        "Interest Income Non Operating": 1327000.0,
        "Operating Income": -13982000.0,
        "Operating Expense": 18186000.0,
        "Other Operating Expenses": -5063000.0,
        "Research And Development": 17332000.0,
        "Selling General And Administration": 5917000.0,
        "General And Administrative Expense": 5917000.0,
        "Other Gand A": 2588000.0,
        "Salaries And Wages": 3329000.0,
        "Total Revenue": 4204000.0,
        "Operating Revenue": 4204000.0
    },
    "2024-06-30": {
        "Tax Effect Of Unusual Items": 0.0,
        "Tax Rate For Calcs": 0.0,
        "Normalized EBITDA": -19059000.0,
        "Total Unusual Items": NaN,
        "Total Unusual Items Excluding Goodwill": NaN,
        "Net Income From Continuing Operation Net Minority Interest": -17862000.0,
        "Reconciled Depreciation": 2000.0,
        "EBITDA": -19059000.0,
        "EBIT": -19061000.0,
        "Net Interest Income": 1198000.0,
        "Interest Expense": NaN,
        "Interest Income": 1198000.0,
        "Normalized Income": -17862000.0,
        "Net Income From Continuing And Discontinued Operation": -17862000.0,
        "Total Expenses": 25078000.0,
        "Total Operating Income As Reported": -19061000.0,
        "Diluted Average Shares": 53957766.0,
        "Basic Average Shares": 53957766.0,
        "Diluted EPS": -0.33,
        "Basic EPS": -0.33,
        "Diluted NI Availto Com Stockholders": -17862000.0,
        "Net Income Common Stockholders": -17862000.0,
        "Net Income": -17862000.0,
        "Net Income Including Noncontrolling Interests": -17862000.0,
        "Net Income Continuous Operations": -17862000.0,
        "Tax Provision": NaN,
        "Pretax Income": -17862000.0,
        "Other Income Expense": 1000.0,
        "Other Non Operating Income Expenses": 1000.0,
        "Special Income Charges": NaN,
        "Impairment Of Capital Assets": NaN,
        "Restructuring And Mergern Acquisition": NaN,
        "Net Non Operating Interest Income Expense": 1198000.0,
        "Interest Expense Non Operating": NaN,
        "Interest Income Non Operating": 1198000.0,
        "Operating Income": -19061000.0,
        "Operating Expense": 25078000.0,
        "Other Operating Expenses": -4180000.0,
        "Research And Development": 23725000.0,
        "Selling General And Administration": 5533000.0,
        "General And Administrative Expense": 5533000.0,
        "Other Gand A": 2354000.0,
        "Salaries And Wages": 3179000.0,
        "Total Revenue": 6017000.0,
        "Operating Revenue": 6017000.0
    },
    "2024-09-30": {
        "Tax Effect Of Unusual Items": 0.0,
        "Tax Rate For Calcs": 0.016631,
        "Normalized EBITDA": -18593000.0,
        "Total Unusual Items": 0.0,
        "Total Unusual Items Excluding Goodwill": 0.0,
        "Net Income From Continuing Operation Net Minority Interest": -17147000.0,
        "Reconciled Depreciation": 0.0,
        "EBITDA": -18593000.0,
        "EBIT": -18593000.0,
        "Net Interest Income": 1182000.0,
        "Interest Expense": NaN,
        "Interest Income": 1182000.0,
        "Normalized Income": -17147000.0,
        "Net Income From Continuing And Discontinued Operation": -17147000.0,
        "Total Expenses": 26412000.0,
        "Total Operating Income As Reported": -18593000.0,
        "Diluted Average Shares": 54124862.0,
        "Basic Average Shares": 54124862.0,
        "Diluted EPS": -0.32,
        "Basic EPS": -0.32,
        "Diluted NI Availto Com Stockholders": -17147000.0,
        "Net Income Common Stockholders": -17147000.0,
        "Net Income": -17147000.0,
        "Net Income Including Noncontrolling Interests": -17147000.0,
        "Net Income Continuous Operations": -17147000.0,
        "Tax Provision": -290000.0,
        "Pretax Income": -17437000.0,
        "Other Income Expense": -26000.0,
        "Other Non Operating Income Expenses": -26000.0,
        "Special Income Charges": 0.0,
        "Impairment Of Capital Assets": 0.0,
        "Restructuring And Mergern Acquisition": NaN,
        "Net Non Operating Interest Income Expense": 1182000.0,
        "Interest Expense Non Operating": NaN,
        "Interest Income Non Operating": 1182000.0,
        "Operating Income": -18593000.0,
        "Operating Expense": 26412000.0,
        "Other Operating Expenses": -5650000.0,
        "Research And Development": 26864000.0,
        "Selling General And Administration": 5198000.0,
        "General And Administrative Expense": 5198000.0,
        "Other Gand A": 1925000.0,
        "Salaries And Wages": 3273000.0,
        "Total Revenue": 7819000.0,
        "Operating Revenue": 7819000.0
    }
}