{
    "2023-03-31": {
        "Tax Effect Of Unusual Items": NaN,
        "Tax Rate For Calcs": NaN,
        "Normalized EBITDA": NaN,
        "Total Unusual Items": NaN,
        "Total Unusual Items Excluding Goodwill": NaN,
        "Net Income From Continuing Operation Net Minority Interest": NaN,
        "Reconciled Depreciation": NaN,
        "Reconciled Cost Of Revenue": NaN,
        "EBITDA": NaN,
        "EBIT": NaN,
        "Net Interest Income": NaN,
        "Interest Expense": NaN,
        "Interest Income": 2351000.0,
        "Normalized Income": NaN,
        "Net Income From Continuing And Discontinued Operation": NaN,
        "Total Expenses": NaN,
        "Total Operating Income As Reported": NaN,
        "Diluted Average Shares": 18275958.0,
        "Basic Average Shares": 18275958.0,
        "Diluted EPS": -1.06123,
        "Basic EPS": -1.06,
        "Diluted NI Availto Com Stockholders": NaN,
        "Net Income Common Stockholders": NaN,
        "Net Income": NaN,
        "Minority Interests": NaN,
        "Net Income Including Noncontrolling Interests": NaN,
        "Net Income Discontinuous Operations": NaN,
        "Net Income Continuous Operations": NaN,
        "Pretax Income": NaN,
        "Other Income Expense": NaN,
        "Other Non Operating Income Expenses": NaN,
        "Special Income Charges": NaN,
        "Gain On Sale Of Ppe": NaN,
        "Other Special Charges": NaN,
        "Gain On Sale Of Security": NaN,
        "Net Non Operating Interest Income Expense": NaN,
        "Interest Expense Non Operating": NaN,
        "Interest Income Non Operating": 2351000.0,
        "Operating Income": NaN,
        "Operating Expense": NaN,
        "Selling General And Administration": NaN,
        "Gross Profit": NaN,
        "Cost Of Revenue": NaN,
        "Total Revenue": NaN,
        "Operating Revenue": NaN
    },
    "2022-12-31": {
        "Tax Effect Of Unusual Items": NaN,
        "Tax Rate For Calcs": NaN,
        "Normalized EBITDA": NaN,
        "Total Unusual Items": NaN,
        "Total Unusual Items Excluding Goodwill": NaN,
        "Net Income From Continuing Operation Net Minority Interest": NaN,
        "Reconciled Depreciation": NaN,
        "Reconciled Cost Of Revenue": NaN,
        "EBITDA": NaN,
        "EBIT": NaN,
        "Net Interest Income": NaN,
        "Interest Expense": NaN,
        "Interest Income": NaN,
        "Normalized Income": NaN,
        "Net Income From Continuing And Discontinued Operation": NaN,
        "Total Expenses": NaN,
        "Total Operating Income As Reported": NaN,
        "Diluted Average Shares": NaN,
        "Basic Average Shares": NaN,
        "Diluted EPS": NaN,
        "Basic EPS": NaN,
        "Diluted NI Availto Com Stockholders": NaN,
        "Net Income Common Stockholders": NaN,
        "Net Income": NaN,
        "Minority Interests": NaN,
        "Net Income Including Noncontrolling Interests": NaN,
        "Net Income Discontinuous Operations": NaN,
        "Net Income Continuous Operations": NaN,
        "Pretax Income": NaN,
        "Other Income Expense": NaN,
        "Other Non Operating Income Expenses": NaN,
        "Special Income Charges": NaN,
        "Gain On Sale Of Ppe": NaN,
        "Other Special Charges": 0.0,
        "Gain On Sale Of Security": NaN,
        "Net Non Operating Interest Income Expense": NaN,
        "Interest Expense Non Operating": NaN,
        "Interest Income Non Operating": NaN,
        "Operating Income": NaN,
        "Operating Expense": NaN,
        "Selling General And Administration": NaN,
        "Gross Profit": NaN,
        "Cost Of Revenue": NaN,
        "Total Revenue": NaN,
        "Operating Revenue": NaN
    },
    "2022-09-30": {
        "Tax Effect Of Unusual Items": NaN,
        "Tax Rate For Calcs": NaN,
        "Normalized EBITDA": NaN,
        "Total Unusual Items": NaN,
        "Total Unusual Items Excluding Goodwill": NaN,
        "Net Income From Continuing Operation Net Minority Interest": NaN,
        "Reconciled Depreciation": NaN,
        "Reconciled Cost Of Revenue": NaN,
        "EBITDA": NaN,
        "EBIT": NaN,
        "Net Interest Income": NaN,
        "Interest Expense": NaN,
        "Interest Income": NaN,
        "Normalized Income": NaN,
        "Net Income From Continuing And Discontinued Operation": NaN,
        "Total Expenses": NaN,
        "Total Operating Income As Reported": NaN,
        "Diluted Average Shares": NaN,
        "Basic Average Shares": NaN,
        "Diluted EPS": NaN,
        "Basic EPS": NaN,
        "Diluted NI Availto Com Stockholders": NaN,
        "Net Income Common Stockholders": NaN,
        "Net Income": NaN,
        "Minority Interests": NaN,
        "Net Income Including Noncontrolling Interests": NaN,
        "Net Income Discontinuous Operations": NaN,
        "Net Income Continuous Operations": NaN,
        "Pretax Income": NaN,
        "Other Income Expense": NaN,
        "Other Non Operating Income Expenses": NaN,
        "Special Income Charges": NaN,
        "Gain On Sale Of Ppe": NaN,
        "Other Special Charges": NaN,
        "Impairment Of Capital Assets": 0.0,
        "Gain On Sale Of Security": NaN,
        "Net Non Operating Interest Income Expense": NaN,
        "Interest Expense Non Operating": NaN,
        "Interest Income Non Operating": NaN,
        "Operating Income": NaN,
        "Operating Expense": NaN,
        "Research And Development": 2348000.0,
        "Selling General And Administration": NaN,
        "Gross Profit": NaN,
        "Cost Of Revenue": NaN,
        "Total Revenue": NaN,
        "Operating Revenue": NaN
    },
    "2022-06-30": {
        "Tax Effect Of Unusual Items": 0.0,
        "Tax Rate For Calcs": 0.0,
        "Normalized EBITDA": -13833000.0,
        "Total Unusual Items": 1790000.0,
        "Total Unusual Items Excluding Goodwill": 1790000.0,
        "Net Income From Continuing Operation Net Minority Interest": -12698000.0,
        "Reconciled Depreciation": 648000.0,
        "Reconciled Cost Of Revenue": 2445000.0,
        "EBITDA": -12043000.0,
        "EBIT": -12691000.0,
        "Net Interest Income": -7000.0,
        "Interest Expense": 7000.0,
        "Normalized Income": -14488000.0,
        "Net Income From Continuing And Discontinued Operation": -12698000.0,
        "Total Expenses": 17650000.0,
        "Total Operating Income As Reported": -14640000.0,
        "Diluted Average Shares": 142247590.0,
        "Basic Average Shares": 142247590.0,
        "Diluted EPS": -0.09,
        "Basic EPS": -0.09,
        "Diluted NI Availto Com Stockholders": -12698000.0,
        "Net Income Common Stockholders": -12698000.0,
        "Net Income": -12698000.0,
        "Minority Interests": NaN,
        "Net Income Including Noncontrolling Interests": -12698000.0,
        "Net Income Discontinuous Operations": NaN,
        "Net Income Continuous Operations": -12698000.0,
        "Pretax Income": -12698000.0,
        "Other Income Expense": 1949000.0,
        "Other Non Operating Income Expenses": 159000.0,
        "Special Income Charges": 7000.0,
        "Gain On Sale Of Ppe": 7000.0,
        "Other Special Charges": NaN,
        "Write Off": NaN,
        "Impairment Of Capital Assets": 0.0,
        "Gain On Sale Of Security": 1783000.0,
        "Net Non Operating Interest Income Expense": -7000.0,
        "Interest Expense Non Operating": 7000.0,
        "Operating Income": -14640000.0,
        "Operating Expense": 15205000.0,
        "Research And Development": 2404000.0,
        "Selling General And Administration": 12801000.0,
        "Gross Profit": 565000.0,
        "Cost Of Revenue": 2445000.0,
        "Total Revenue": 3010000.0,
        "Operating Revenue": 3010000.0
    },
    "2022-03-31": {
        "Diluted EPS": -0.11,
        "Total Revenue": NaN,
        "Gross Profit": NaN,
        "Operating Income": -8,
        "EBIT": -7,
        "Net Income": -16
    },
    "2021-12-31": {
        "Diluted EPS": -0.1,
        "Total Revenue": -8,
        "Gross Profit": -8,
        "Operating Income": 3,
        "EBIT": 3,
        "Net Income": -15
    },
    "2021-09-30": {
        "Diluted EPS": -0.05,
        "Total Revenue": 3,
        "Gross Profit": 1,
        "Operating Income": -15,
        "EBIT": -15,
        "Net Income": -8
    },
    "2021-06-30": {
        "Diluted EPS": -0.08,
        "Total Revenue": 4,
        "Gross Profit": 1,
        "Operating Income": -13,
        "EBIT": -12,
        "Net Income": -10
    },
    "2021-03-31": {
        "Diluted EPS": 0.42,
        "Total Revenue": 1,
        "Gross Profit": -1,
        "Operating Income": -10,
        "EBIT": -10,
        "Net Income": 62
    },
    "2020-12-31": {
        "Diluted EPS": -0.45,
        "Total Revenue": 11,
        "Gross Profit": 2,
        "Operating Income": -2,
        "EBIT": -2,
        "Net Income": -38
    },
    "2020-09-30": {
        "Diluted EPS": -0.03,
        "Total Revenue": 6,
        "Gross Profit": 1,
        "Operating Income": -6,
        "EBIT": -6,
        "Net Income": -2
    },
    "2020-06-30": {
        "Diluted EPS": -0.16,
        "Total Revenue": 2,
        "Gross Profit": 0,
        "Operating Income": -4,
        "EBIT": -3,
        "Net Income": -13
    },
    "2020-03-31": {
        "Diluted EPS": -0.08,
        "Total Revenue": 1,
        "Gross Profit": 0,
        "Operating Income": -4,
        "EBIT": -4,
        "Net Income": -6
    },
    "2019-12-31": {
        "Diluted EPS": -0.18,
        "Total Revenue": NaN,
        "Gross Profit": NaN,
        "Operating Income": -21,
        "EBIT": -21,
        "Net Income": -16
    },
    "2019-09-30": {
        "Diluted EPS": -0.01,
        "Total Revenue": NaN,
        "Gross Profit": NaN,
        "Operating Income": 0,
        "EBIT": 0,
        "Net Income": 1
    },
    "2019-06-30": {
        "Diluted EPS": 0.0,
        "Total Revenue": NaN,
        "Gross Profit": NaN,
        "Operating Income": 0,
        "EBIT": 0,
        "Net Income": 0
    },
    "2019-03-31": {
        "Diluted EPS": 0.0,
        "Total Revenue": NaN,
        "Gross Profit": NaN,
        "Operating Income": 0,
        "EBIT": 0,
        "Net Income": 0
    },
    "2023-06-30": {
        "Tax Effect Of Unusual Items": NaN,
        "Tax Rate For Calcs": NaN,
        "Normalized EBITDA": NaN,
        "Total Unusual Items": NaN,
        "Total Unusual Items Excluding Goodwill": NaN,
        "Net Income From Continuing Operation Net Minority Interest": NaN,
        "Reconciled Depreciation": NaN,
        "Reconciled Cost Of Revenue": NaN,
        "EBITDA": NaN,
        "EBIT": NaN,
        "Net Interest Income": NaN,
        "Interest Expense": NaN,
        "Interest Income": 3240000.0,
        "Normalized Income": NaN,
        "Net Income From Continuing And Discontinued Operation": NaN,
        "Total Expenses": NaN,
        "Total Operating Income As Reported": NaN,
        "Diluted Average Shares": 20200832.0,
        "Basic Average Shares": 18611757.0,
        "Diluted EPS": 0.15,
        "Basic EPS": 0.16,
        "Diluted NI Availto Com Stockholders": NaN,
        "Net Income Common Stockholders": NaN,
        "Net Income": NaN,
        "Minority Interests": NaN,
        "Net Income Including Noncontrolling Interests": NaN,
        "Net Income Discontinuous Operations": NaN,
        "Net Income Continuous Operations": NaN,
        "Pretax Income": NaN,
        "Other Income Expense": NaN,
        "Other Non Operating Income Expenses": NaN,
        "Special Income Charges": NaN,
        "Gain On Sale Of Ppe": NaN,
        "Other Special Charges": NaN,
        "Impairment Of Capital Assets": NaN,
        "Gain On Sale Of Security": NaN,
        "Net Non Operating Interest Income Expense": NaN,
        "Interest Expense Non Operating": NaN,
        "Interest Income Non Operating": 3240000.0,
        "Operating Income": NaN,
        "Operating Expense": NaN,
        "Selling General And Administration": NaN,
        "Gross Profit": NaN,
        "Cost Of Revenue": NaN,
        "Total Revenue": NaN,
        "Operating Revenue": NaN
    },
    "2023-09-30": {
        "Tax Effect Of Unusual Items": 0.0,
        "Tax Rate For Calcs": 0.0,
        "Normalized EBITDA": 15219000.0,
        "Total Unusual Items": -17435000.0,
        "Total Unusual Items Excluding Goodwill": -17435000.0,
        "Net Income From Continuing Operation Net Minority Interest": -19109000.0,
        "Reconciled Depreciation": 5555000.0,
        "Reconciled Cost Of Revenue": 9810000.0,
        "EBITDA": -2216000.0,
        "EBIT": -7771000.0,
        "Net Interest Income": -2937000.0,
        "Interest Expense": 11192000.0,
        "Interest Income": 8255000.0,
        "Normalized Income": -1674000.0,
        "Net Income From Continuing And Discontinued Operation": -19313000.0,
        "Total Expenses": 22201000.0,
        "Total Operating Income As Reported": -24517000.0,
        "Diluted Average Shares": 17351796.0,
        "Basic Average Shares": 17351796.0,
        "Diluted EPS": -1.11,
        "Basic EPS": -1.11,
        "Diluted NI Availto Com Stockholders": -19313000.0,
        "Net Income Common Stockholders": -19313000.0,
        "Net Income": -19313000.0,
        "Minority Interests": -146000.0,
        "Net Income Including Noncontrolling Interests": -19167000.0,
        "Net Income Discontinuous Operations": -204000.0,
        "Net Income Continuous Operations": -18963000.0,
        "Pretax Income": -18963000.0,
        "Other Income Expense": -17075000.0,
        "Other Non Operating Income Expenses": 360000.0,
        "Special Income Charges": -25566000.0,
        "Gain On Sale Of Ppe": 773000.0,
        "Other Special Charges": 26339000.0,
        "Impairment Of Capital Assets": 0.0,
        "Gain On Sale Of Security": 8131000.0,
        "Net Non Operating Interest Income Expense": -2937000.0,
        "Interest Expense Non Operating": 11192000.0,
        "Interest Income Non Operating": 8255000.0,
        "Operating Income": 1049000.0,
        "Operating Expense": 12391000.0,
        "Selling General And Administration": 12391000.0,
        "Gross Profit": 13440000.0,
        "Cost Of Revenue": 9810000.0,
        "Total Revenue": 23250000.0,
        "Operating Revenue": 23250000.0
    },
    "2023-12-31": {
        "Tax Effect Of Unusual Items": 0.0,
        "Tax Rate For Calcs": 0.0,
        "Normalized EBITDA": 16860000.0,
        "Total Unusual Items": -17085000.0,
        "Total Unusual Items Excluding Goodwill": -17085000.0,
        "Net Income From Continuing Operation Net Minority Interest": -30318000.0,
        "Reconciled Depreciation": 5141000.0,
        "Reconciled Cost Of Revenue": 11556000.0,
        "EBITDA": -225000.0,
        "EBIT": -5366000.0,
        "Net Interest Income": -5433000.0,
        "Interest Expense": 24967000.0,
        "Interest Income": NaN,
        "Normalized Income": -13233000.0,
        "Net Income From Continuing And Discontinued Operation": -30188000.0,
        "Total Expenses": 23585000.0,
        "Total Operating Income As Reported": -8511000.0,
        "Diluted Average Shares": NaN,
        "Basic Average Shares": NaN,
        "Diluted EPS": NaN,
        "Basic EPS": NaN,
        "Diluted NI Availto Com Stockholders": -30188000.0,
        "Net Income Common Stockholders": -30188000.0,
        "Net Income": -30188000.0,
        "Minority Interests": 15000.0,
        "Net Income Including Noncontrolling Interests": -30203000.0,
        "Net Income Discontinuous Operations": 130000.0,
        "Net Income Continuous Operations": -30333000.0,
        "Pretax Income": -30333000.0,
        "Other Income Expense": -17016000.0,
        "Other Non Operating Income Expenses": 69000.0,
        "Special Income Charges": -627000.0,
        "Gain On Sale Of Ppe": 499000.0,
        "Other Special Charges": 1126000.0,
        "Impairment Of Capital Assets": NaN,
        "Gain On Sale Of Security": -16458000.0,
        "Net Non Operating Interest Income Expense": -5433000.0,
        "Interest Expense Non Operating": 24967000.0,
        "Interest Income Non Operating": NaN,
        "Operating Income": -7884000.0,
        "Operating Expense": 12029000.0,
        "Selling General And Administration": 12029000.0,
        "Gross Profit": 4145000.0,
        "Cost Of Revenue": 11556000.0,
        "Total Revenue": 15701000.0,
        "Operating Revenue": 15701000.0
    },
    "2024-03-31": {
        "Tax Effect Of Unusual Items": 0.0,
        "Tax Rate For Calcs": 0.0,
        "Normalized EBITDA": 6856000.0,
        "Total Unusual Items": 6871000.0,
        "Total Unusual Items Excluding Goodwill": 6871000.0,
        "Net Income From Continuing Operation Net Minority Interest": -2453000.0,
        "Reconciled Depreciation": 5234000.0,
        "Reconciled Cost Of Revenue": 8868000.0,
        "EBITDA": 13727000.0,
        "EBIT": 8493000.0,
        "Net Interest Income": -5556000.0,
        "Interest Expense": 10942000.0,
        "Interest Income": 5386000.0,
        "Normalized Income": -9324000.0,
        "Net Income From Continuing And Discontinued Operation": -2454000.0,
        "Total Expenses": 22337000.0,
        "Total Operating Income As Reported": -3597000.0,
        "Diluted Average Shares": 19098246.0,
        "Basic Average Shares": 19098246.0,
        "Diluted EPS": -0.13,
        "Basic EPS": -0.13,
        "Diluted NI Availto Com Stockholders": -2454000.0,
        "Net Income Common Stockholders": -2454000.0,
        "Net Income": -2454000.0,
        "Minority Interests": -4000.0,
        "Net Income Including Noncontrolling Interests": -2450000.0,
        "Net Income Discontinuous Operations": -1000.0,
        "Net Income Continuous Operations": -2449000.0,
        "Pretax Income": -2449000.0,
        "Other Income Expense": 7157000.0,
        "Other Non Operating Income Expenses": 286000.0,
        "Special Income Charges": 453000.0,
        "Gain On Sale Of Ppe": 453000.0,
        "Other Special Charges": NaN,
        "Impairment Of Capital Assets": NaN,
        "Gain On Sale Of Security": 6418000.0,
        "Net Non Operating Interest Income Expense": -5556000.0,
        "Interest Expense Non Operating": 10942000.0,
        "Interest Income Non Operating": 5386000.0,
        "Operating Income": -4050000.0,
        "Operating Expense": 13469000.0,
        "Selling General And Administration": 13469000.0,
        "Gross Profit": 9419000.0,
        "Cost Of Revenue": 8868000.0,
        "Total Revenue": 18287000.0,
        "Operating Revenue": 18287000.0
    },
    "2024-06-30": {
        "Tax Effect Of Unusual Items": 0.0,
        "Tax Rate For Calcs": 0.0,
        "Normalized EBITDA": 6256000.0,
        "Total Unusual Items": -2229000.0,
        "Total Unusual Items Excluding Goodwill": -2229000.0,
        "Net Income From Continuing Operation Net Minority Interest": -8797000.0,
        "Reconciled Depreciation": 5228000.0,
        "Reconciled Cost Of Revenue": 10139000.0,
        "EBITDA": 4027000.0,
        "EBIT": -1201000.0,
        "Net Interest Income": -2334000.0,
        "Interest Expense": 7591000.0,
        "Interest Income": 5257000.0,
        "Normalized Income": -6568000.0,
        "Net Income From Continuing And Discontinued Operation": -8578000.0,
        "Total Expenses": 26840000.0,
        "Total Operating Income As Reported": -3360000.0,
        "Diluted Average Shares": 19271954.0,
        "Basic Average Shares": 19271954.0,
        "Diluted EPS": -0.45,
        "Basic EPS": -0.45,
        "Diluted NI Availto Com Stockholders": -8578000.0,
        "Net Income Common Stockholders": -8578000.0,
        "Net Income": -8578000.0,
        "Minority Interests": -5000.0,
        "Net Income Including Noncontrolling Interests": -8573000.0,
        "Net Income Discontinuous Operations": 219000.0,
        "Net Income Continuous Operations": -8792000.0,
        "Pretax Income": -8792000.0,
        "Other Income Expense": -2099000.0,
        "Other Non Operating Income Expenses": 130000.0,
        "Special Income Charges": 999000.0,
        "Gain On Sale Of Ppe": 999000.0,
        "Other Special Charges": NaN,
        "Impairment Of Capital Assets": NaN,
        "Gain On Sale Of Security": -3228000.0,
        "Net Non Operating Interest Income Expense": -2334000.0,
        "Interest Expense Non Operating": 7591000.0,
        "Interest Income Non Operating": 5257000.0,
        "Operating Income": -4359000.0,
        "Operating Expense": 16701000.0,
        "Selling General And Administration": 16701000.0,
        "Gross Profit": 12342000.0,
        "Cost Of Revenue": 10139000.0,
        "Total Revenue": 22481000.0,
        "Operating Revenue": 22481000.0
    },
    "2024-09-30": {
        "Tax Effect Of Unusual Items": 0.0,
        "Tax Rate For Calcs": 0.0,
        "Normalized EBITDA": 9735000.0,
        "Total Unusual Items": -46685000.0,
        "Total Unusual Items Excluding Goodwill": -46685000.0,
        "Net Income From Continuing Operation Net Minority Interest": -53525000.0,
        "Reconciled Depreciation": 5233000.0,
        "Reconciled Cost Of Revenue": 9657000.0,
        "EBITDA": -36950000.0,
        "EBIT": -42183000.0,
        "Net Interest Income": -5102000.0,
        "Interest Expense": 11367000.0,
        "Interest Income": 6265000.0,
        "Normalized Income": -6840000.0,
        "Net Income From Continuing And Discontinued Operation": -53529000.0,
        "Total Expenses": 23178000.0,
        "Total Operating Income As Reported": -37159000.0,
        "Diluted Average Shares": 18566015.0,
        "Basic Average Shares": 18566015.0,
        "Diluted EPS": -2.88,
        "Basic EPS": -2.88,
        "Diluted NI Availto Com Stockholders": -53529000.0,
        "Net Income Common Stockholders": -53529000.0,
        "Net Income": -53529000.0,
        "Minority Interests": 25000.0,
        "Net Income Including Noncontrolling Interests": -53554000.0,
        "Net Income Discontinuous Operations": -4000.0,
        "Net Income Continuous Operations": -53550000.0,
        "Pretax Income": -53550000.0,
        "Other Income Expense": -46648000.0,
        "Other Non Operating Income Expenses": 37000.0,
        "Special Income Charges": -35359000.0,
        "Gain On Sale Of Ppe": 603000.0,
        "Other Special Charges": 7205000.0,
        "Impairment Of Capital Assets": 28757000.0,
        "Gain On Sale Of Security": -11326000.0,
        "Net Non Operating Interest Income Expense": -5102000.0,
        "Interest Expense Non Operating": 11367000.0,
        "Interest Income Non Operating": 6265000.0,
        "Operating Income": -1800000.0,
        "Operating Expense": 13521000.0,
        "Selling General And Administration": 13521000.0,
        "Gross Profit": 11721000.0,
        "Cost Of Revenue": 9657000.0,
        "Total Revenue": 21378000.0,
        "Operating Revenue": 21378000.0
    }
}