{
    "2023-03-31": {
        "Tax Effect Of Unusual Items": NaN,
        "Tax Rate For Calcs": NaN,
        "Normalized EBITDA": NaN,
        "Total Unusual Items": NaN,
        "Total Unusual Items Excluding Goodwill": NaN,
        "Net Income From Continuing Operation Net Minority Interest": NaN,
        "Reconciled Depreciation": NaN,
        "Reconciled Cost Of Revenue": NaN,
        "EBITDA": NaN,
        "EBIT": NaN,
        "Net Interest Income": NaN,
        "Interest Expense": NaN,
        "Interest Income": NaN,
        "Normalized Income": NaN,
        "Net Income From Continuing And Discontinued Operation": NaN,
        "Total Expenses": NaN,
        "Diluted Average Shares": 1124912000.0,
        "Basic Average Shares": 1110195000.0,
        "Diluted EPS": 0.02,
        "Basic EPS": 0.02,
        "Diluted NI Availto Com Stockholders": NaN,
        "Net Income Common Stockholders": NaN,
        "Net Income": NaN,
        "Minority Interests": NaN,
        "Net Income Including Noncontrolling Interests": NaN,
        "Net Income Discontinuous Operations": NaN,
        "Net Income Continuous Operations": NaN,
        "Tax Provision": NaN,
        "Pretax Income": NaN,
        "Other Income Expense": NaN,
        "Special Income Charges": NaN,
        "Gain On Sale Of Business": NaN,
        "Write Off": NaN,
        "Impairment Of Capital Assets": NaN,
        "Earnings From Equity Interest": NaN,
        "Gain On Sale Of Security": NaN,
        "Net Non Operating Interest Income Expense": NaN,
        "Interest Expense Non Operating": NaN,
        "Interest Income Non Operating": NaN,
        "Operating Income": NaN,
        "Operating Expense": NaN,
        "Other Operating Expenses": NaN,
        "Depreciation Amortization Depletion Income Statement": NaN,
        "Depreciation And Amortization In Income Statement": NaN,
        "Selling General And Administration": NaN,
        "General And Administrative Expense": NaN,
        "Salaries And Wages": NaN,
        "Gross Profit": NaN,
        "Cost Of Revenue": NaN,
        "Total Revenue": NaN,
        "Operating Revenue": NaN
    },
    "2022-12-31": {
        "Tax Effect Of Unusual Items": NaN,
        "Tax Rate For Calcs": NaN,
        "Normalized EBITDA": NaN,
        "Total Unusual Items": NaN,
        "Total Unusual Items Excluding Goodwill": NaN,
        "Net Income From Continuing Operation Net Minority Interest": NaN,
        "Reconciled Depreciation": NaN,
        "Reconciled Cost Of Revenue": NaN,
        "EBITDA": NaN,
        "EBIT": NaN,
        "Net Interest Income": NaN,
        "Interest Expense": NaN,
        "Interest Income": NaN,
        "Normalized Income": NaN,
        "Net Income From Continuing And Discontinued Operation": NaN,
        "Total Expenses": NaN,
        "Diluted Average Shares": 297215714.0,
        "Basic Average Shares": 297215714.0,
        "Diluted EPS": -0.110173,
        "Basic EPS": -0.110173,
        "Diluted NI Availto Com Stockholders": NaN,
        "Net Income Common Stockholders": NaN,
        "Net Income": NaN,
        "Minority Interests": NaN,
        "Net Income Including Noncontrolling Interests": NaN,
        "Net Income Discontinuous Operations": NaN,
        "Net Income Continuous Operations": NaN,
        "Tax Provision": NaN,
        "Pretax Income": NaN,
        "Other Income Expense": NaN,
        "Special Income Charges": NaN,
        "Gain On Sale Of Business": NaN,
        "Write Off": NaN,
        "Impairment Of Capital Assets": NaN,
        "Earnings From Equity Interest": NaN,
        "Gain On Sale Of Security": NaN,
        "Net Non Operating Interest Income Expense": NaN,
        "Interest Expense Non Operating": NaN,
        "Interest Income Non Operating": NaN,
        "Operating Income": NaN,
        "Operating Expense": NaN,
        "Other Operating Expenses": NaN,
        "Depreciation Amortization Depletion Income Statement": NaN,
        "Depreciation And Amortization In Income Statement": NaN,
        "Selling General And Administration": NaN,
        "General And Administrative Expense": NaN,
        "Salaries And Wages": NaN,
        "Gross Profit": NaN,
        "Cost Of Revenue": NaN,
        "Total Revenue": NaN,
        "Operating Revenue": NaN
    },
    "2022-09-30": {
        "Tax Effect Of Unusual Items": NaN,
        "Tax Rate For Calcs": NaN,
        "Normalized EBITDA": NaN,
        "Total Unusual Items": NaN,
        "Total Unusual Items Excluding Goodwill": NaN,
        "Net Income From Continuing Operation Net Minority Interest": NaN,
        "Reconciled Depreciation": NaN,
        "Reconciled Cost Of Revenue": NaN,
        "EBITDA": NaN,
        "EBIT": NaN,
        "Net Interest Income": NaN,
        "Interest Expense": NaN,
        "Interest Income": NaN,
        "Normalized Income": NaN,
        "Net Income From Continuing And Discontinued Operation": NaN,
        "Total Expenses": NaN,
        "Diluted Average Shares": NaN,
        "Basic Average Shares": NaN,
        "Diluted EPS": NaN,
        "Basic EPS": NaN,
        "Diluted NI Availto Com Stockholders": NaN,
        "Net Income Common Stockholders": NaN,
        "Net Income": NaN,
        "Minority Interests": NaN,
        "Net Income Including Noncontrolling Interests": NaN,
        "Net Income Discontinuous Operations": 0.0,
        "Net Income Continuous Operations": NaN,
        "Tax Provision": NaN,
        "Pretax Income": NaN,
        "Other Income Expense": NaN,
        "Special Income Charges": NaN,
        "Gain On Sale Of Business": 0.0,
        "Write Off": NaN,
        "Impairment Of Capital Assets": 0.0,
        "Earnings From Equity Interest": NaN,
        "Gain On Sale Of Security": NaN,
        "Net Non Operating Interest Income Expense": NaN,
        "Interest Expense Non Operating": NaN,
        "Interest Income Non Operating": NaN,
        "Operating Income": NaN,
        "Operating Expense": NaN,
        "Other Operating Expenses": NaN,
        "Depreciation Amortization Depletion Income Statement": NaN,
        "Depreciation And Amortization In Income Statement": NaN,
        "Selling General And Administration": NaN,
        "General And Administrative Expense": NaN,
        "Salaries And Wages": NaN,
        "Gross Profit": NaN,
        "Cost Of Revenue": NaN,
        "Total Revenue": NaN,
        "Operating Revenue": NaN
    },
    "2022-06-30": {
        "Tax Effect Of Unusual Items": 7525600.0,
        "Tax Rate For Calcs": 0.4,
        "Normalized EBITDA": 61443000.0,
        "Total Unusual Items": 18814000.0,
        "Total Unusual Items Excluding Goodwill": 18814000.0,
        "Net Income From Continuing Operation Net Minority Interest": 22790000.0,
        "Reconciled Depreciation": 49102000.0,
        "Reconciled Cost Of Revenue": 38472000.0,
        "EBITDA": 80257000.0,
        "EBIT": 31155000.0,
        "Net Interest Income": -8574000.0,
        "Interest Expense": 9212000.0,
        "Interest Income": 638000.0,
        "Normalized Income": 11501600.0,
        "Net Income From Continuing And Discontinued Operation": 22790000.0,
        "Total Expenses": 173188000.0,
        "Diluted Average Shares": 217625000.0,
        "Basic Average Shares": 206989000.0,
        "Diluted EPS": 0.07,
        "Basic EPS": 0.08,
        "Diluted NI Availto Com Stockholders": 22790000.0,
        "Net Income Common Stockholders": 22790000.0,
        "Net Income": 22790000.0,
        "Minority Interests": -26000.0,
        "Net Income Including Noncontrolling Interests": 22816000.0,
        "Net Income Discontinuous Operations": NaN,
        "Net Income Continuous Operations": 22816000.0,
        "Tax Provision": -873000.0,
        "Pretax Income": 21943000.0,
        "Other Income Expense": 26516000.0,
        "Special Income Charges": 378000.0,
        "Gain On Sale Of Business": NaN,
        "Write Off": -378000.0,
        "Earnings From Equity Interest": 7702000.0,
        "Gain On Sale Of Security": 18436000.0,
        "Net Non Operating Interest Income Expense": -8574000.0,
        "Interest Expense Non Operating": 9212000.0,
        "Interest Income Non Operating": 638000.0,
        "Operating Income": 4001000.0,
        "Operating Expense": 134716000.0,
        "Other Operating Expenses": 21172000.0,
        "Depreciation Amortization Depletion Income Statement": 49102000.0,
        "Depreciation And Amortization In Income Statement": 49102000.0,
        "Selling General And Administration": 64442000.0,
        "General And Administrative Expense": 64442000.0,
        "Salaries And Wages": 64442000.0,
        "Gross Profit": 138717000.0,
        "Cost Of Revenue": 38472000.0,
        "Total Revenue": 177189000.0,
        "Operating Revenue": 177189000.0
    },
    "2022-03-31": {
        "Diluted EPS": 0.0,
        "Total Revenue": 188,
        "Gross Profit": 147,
        "Operating Income": 12,
        "EBIT": 71,
        "Net Income": 9
    },
    "2021-09-30": {
        "Diluted EPS": 0.0,
        "Total Revenue": 161,
        "Gross Profit": 127,
        "Operating Income": 8,
        "EBIT": 39,
        "Net Income": -10
    },
    "2021-06-30": {
        "Diluted EPS": 34.58,
        "Total Revenue": 173,
        "Gross Profit": 134,
        "Operating Income": 23,
        "EBIT": 23,
        "Net Income": 18
    },
    "2020-12-31": {
        "Diluted EPS": 0.0,
        "Total Revenue": NaN,
        "Gross Profit": NaN,
        "Operating Income": NaN,
        "EBIT": NaN,
        "Net Income": NaN
    },
    "2023-06-30": {
        "Tax Effect Of Unusual Items": -1021955.0,
        "Tax Rate For Calcs": 0.085,
        "Normalized EBITDA": 66879000.0,
        "Total Unusual Items": -12023000.0,
        "Total Unusual Items Excluding Goodwill": -12023000.0,
        "Net Income From Continuing Operation Net Minority Interest": 45000.0,
        "Reconciled Depreciation": 46144000.0,
        "Reconciled Cost Of Revenue": 44597000.0,
        "EBITDA": 54856000.0,
        "EBIT": 8712000.0,
        "Net Interest Income": -5360000.0,
        "Interest Expense": 7077000.0,
        "Interest Income": 1717000.0,
        "Normalized Income": 11046045.0,
        "Net Income From Continuing And Discontinued Operation": 88000.0,
        "Total Expenses": 196072000.0,
        "Diluted Average Shares": 1123181000.0,
        "Basic Average Shares": 1110656000.0,
        "Diluted EPS": 7.8e-05,
        "Basic EPS": 7.9e-05,
        "Diluted NI Availto Com Stockholders": 88000.0,
        "Net Income Common Stockholders": 88000.0,
        "Net Income": 88000.0,
        "Minority Interests": 12000.0,
        "Net Income Including Noncontrolling Interests": 76000.0,
        "Net Income Discontinuous Operations": 43000.0,
        "Net Income Continuous Operations": 33000.0,
        "Tax Provision": 1602000.0,
        "Pretax Income": 1635000.0,
        "Other Income Expense": -13367000.0,
        "Special Income Charges": -10841000.0,
        "Gain On Sale Of Business": -8018000.0,
        "Write Off": 2823000.0,
        "Impairment Of Capital Assets": NaN,
        "Earnings From Equity Interest": -1344000.0,
        "Gain On Sale Of Security": -1182000.0,
        "Net Non Operating Interest Income Expense": -5360000.0,
        "Interest Expense Non Operating": 7077000.0,
        "Interest Income Non Operating": 1717000.0,
        "Operating Income": 20362000.0,
        "Operating Expense": 151475000.0,
        "Other Operating Expenses": 20934000.0,
        "Depreciation Amortization Depletion Income Statement": 46144000.0,
        "Depreciation And Amortization In Income Statement": 46144000.0,
        "Selling General And Administration": 84397000.0,
        "General And Administrative Expense": 84397000.0,
        "Salaries And Wages": 84397000.0,
        "Gross Profit": 171837000.0,
        "Cost Of Revenue": 44597000.0,
        "Total Revenue": 216434000.0,
        "Operating Revenue": 216434000.0
    },
    "2023-09-30": {
        "Tax Effect Of Unusual Items": -1265905.0,
        "Tax Rate For Calcs": 0.085,
        "Normalized EBITDA": 75166000.0,
        "Total Unusual Items": -14893000.0,
        "Total Unusual Items Excluding Goodwill": -14893000.0,
        "Net Income From Continuing Operation Net Minority Interest": 4830000.0,
        "Reconciled Depreciation": 44155000.0,
        "Reconciled Cost Of Revenue": 30874000.0,
        "EBITDA": 60273000.0,
        "EBIT": 16118000.0,
        "Net Interest Income": -2375000.0,
        "Interest Expense": 5554000.0,
        "Interest Income": 3179000.0,
        "Normalized Income": 18457095.0,
        "Net Income From Continuing And Discontinued Operation": 4335000.0,
        "Total Expenses": 173205000.0,
        "Diluted Average Shares": 1124505000.0,
        "Basic Average Shares": 1111271000.0,
        "Diluted EPS": 0.01,
        "Basic EPS": 0.02,
        "Diluted NI Availto Com Stockholders": 4335000.0,
        "Net Income Common Stockholders": 4335000.0,
        "Net Income": 4335000.0,
        "Minority Interests": 215000.0,
        "Net Income Including Noncontrolling Interests": 4120000.0,
        "Net Income Discontinuous Operations": -495000.0,
        "Net Income Continuous Operations": 4615000.0,
        "Tax Provision": 5949000.0,
        "Pretax Income": 10564000.0,
        "Other Income Expense": -14893000.0,
        "Special Income Charges": -16080000.0,
        "Gain On Sale Of Business": 0.0,
        "Write Off": 626000.0,
        "Impairment Of Capital Assets": 15454000.0,
        "Earnings From Equity Interest": 0.0,
        "Gain On Sale Of Security": 1187000.0,
        "Net Non Operating Interest Income Expense": -2375000.0,
        "Interest Expense Non Operating": 5554000.0,
        "Interest Income Non Operating": 3179000.0,
        "Operating Income": 27832000.0,
        "Operating Expense": 136360000.0,
        "Other Operating Expenses": 22817000.0,
        "Depreciation Amortization Depletion Income Statement": 38184000.0,
        "Depreciation And Amortization In Income Statement": 38184000.0,
        "Selling General And Administration": 75359000.0,
        "General And Administrative Expense": 75359000.0,
        "Salaries And Wages": 75359000.0,
        "Gross Profit": 164192000.0,
        "Cost Of Revenue": 36845000.0,
        "Total Revenue": 201037000.0,
        "Operating Revenue": 201037000.0
    },
    "2023-12-31": {
        "Tax Effect Of Unusual Items": 1072255.182952,
        "Tax Rate For Calcs": 0.042413,
        "Normalized EBITDA": 81127000.0,
        "Total Unusual Items": 25281000.0,
        "Total Unusual Items Excluding Goodwill": 25281000.0,
        "Net Income From Continuing Operation Net Minority Interest": 23709000.0,
        "Reconciled Depreciation": 68415000.0,
        "Reconciled Cost Of Revenue": 58995000.0,
        "EBITDA": 106408000.0,
        "EBIT": 37993000.0,
        "Net Interest Income": -12992000.0,
        "Interest Expense": 13779000.0,
        "Interest Income": -2098000.0,
        "Normalized Income": -499744.817048,
        "Net Income From Continuing And Discontinued Operation": 23409000.0,
        "Total Expenses": 240661000.0,
        "Diluted Average Shares": NaN,
        "Basic Average Shares": NaN,
        "Diluted EPS": NaN,
        "Basic EPS": NaN,
        "Diluted NI Availto Com Stockholders": 23409000.0,
        "Net Income Common Stockholders": 23409000.0,
        "Net Income": 23409000.0,
        "Minority Interests": 522000.0,
        "Net Income Including Noncontrolling Interests": 22887000.0,
        "Net Income Discontinuous Operations": -300000.0,
        "Net Income Continuous Operations": 23187000.0,
        "Tax Provision": 1027000.0,
        "Pretax Income": 24214000.0,
        "Other Income Expense": 25281000.0,
        "Special Income Charges": -1638000.0,
        "Gain On Sale Of Business": -5586000.0,
        "Write Off": 1652000.0,
        "Impairment Of Capital Assets": -5600000.0,
        "Earnings From Equity Interest": 0.0,
        "Gain On Sale Of Security": 26919000.0,
        "Net Non Operating Interest Income Expense": -12992000.0,
        "Interest Expense Non Operating": 13779000.0,
        "Interest Income Non Operating": -2098000.0,
        "Operating Income": 11925000.0,
        "Operating Expense": 181666000.0,
        "Other Operating Expenses": -23777000.0,
        "Depreciation Amortization Depletion Income Statement": 68415000.0,
        "Depreciation And Amortization In Income Statement": 68415000.0,
        "Selling General And Administration": 137028000.0,
        "General And Administrative Expense": 129198000.0,
        "Salaries And Wages": 88808000.0,
        "Gross Profit": 193591000.0,
        "Cost Of Revenue": 58995000.0,
        "Total Revenue": 252586000.0,
        "Operating Revenue": 252586000.0
    },
    "2024-03-31": {
        "Tax Effect Of Unusual Items": -1385160.0,
        "Tax Rate For Calcs": 0.085,
        "Normalized EBITDA": 112212000.0,
        "Total Unusual Items": -16296000.0,
        "Total Unusual Items Excluding Goodwill": -16296000.0,
        "Net Income From Continuing Operation Net Minority Interest": -574000.0,
        "Reconciled Depreciation": 76856000.0,
        "Reconciled Cost Of Revenue": 54692000.0,
        "EBITDA": 95916000.0,
        "EBIT": 19060000.0,
        "Net Interest Income": -16737000.0,
        "Interest Expense": 18749000.0,
        "Interest Income": 2012000.0,
        "Normalized Income": 14336840.0,
        "Net Income From Continuing And Discontinued Operation": -574000.0,
        "Total Expenses": 232550000.0,
        "Diluted Average Shares": 1127277000.0,
        "Basic Average Shares": 1113542000.0,
        "Diluted EPS": -0.000515,
        "Basic EPS": -0.000515,
        "Diluted NI Availto Com Stockholders": -574000.0,
        "Net Income Common Stockholders": -574000.0,
        "Net Income": -574000.0,
        "Minority Interests": 75000.0,
        "Net Income Including Noncontrolling Interests": -649000.0,
        "Net Income Discontinuous Operations": NaN,
        "Net Income Continuous Operations": -649000.0,
        "Tax Provision": 960000.0,
        "Pretax Income": 311000.0,
        "Other Income Expense": -16296000.0,
        "Special Income Charges": -1830000.0,
        "Gain On Sale Of Business": NaN,
        "Write Off": 1830000.0,
        "Impairment Of Capital Assets": NaN,
        "Earnings From Equity Interest": 0.0,
        "Gain On Sale Of Security": -14466000.0,
        "Net Non Operating Interest Income Expense": -16737000.0,
        "Interest Expense Non Operating": 18749000.0,
        "Interest Income Non Operating": 2012000.0,
        "Operating Income": 33344000.0,
        "Operating Expense": 177858000.0,
        "Other Operating Expenses": 21435000.0,
        "Depreciation Amortization Depletion Income Statement": 76856000.0,
        "Depreciation And Amortization In Income Statement": 76856000.0,
        "Selling General And Administration": 79567000.0,
        "General And Administrative Expense": 79567000.0,
        "Salaries And Wages": 79567000.0,
        "Gross Profit": 211202000.0,
        "Cost Of Revenue": 54692000.0,
        "Total Revenue": 265894000.0,
        "Operating Revenue": 265894000.0
    },
    "2024-06-30": {
        "Tax Effect Of Unusual Items": -838610.0,
        "Tax Rate For Calcs": 0.085,
        "Normalized EBITDA": 108488000.0,
        "Total Unusual Items": -9866000.0,
        "Total Unusual Items Excluding Goodwill": -9866000.0,
        "Net Income From Continuing Operation Net Minority Interest": -1449000.0,
        "Reconciled Depreciation": 79647000.0,
        "Reconciled Cost Of Revenue": 60173000.0,
        "EBITDA": 98622000.0,
        "EBIT": 18975000.0,
        "Net Interest Income": -17331000.0,
        "Interest Expense": 19268000.0,
        "Interest Income": 1937000.0,
        "Normalized Income": 7578390.0,
        "Net Income From Continuing And Discontinued Operation": -1449000.0,
        "Total Expenses": 251516000.0,
        "Diluted Average Shares": 1131750000.0,
        "Basic Average Shares": 1114436000.0,
        "Diluted EPS": -0.0013,
        "Basic EPS": -0.0013,
        "Diluted NI Availto Com Stockholders": -1449000.0,
        "Net Income Common Stockholders": -1449000.0,
        "Net Income": -1449000.0,
        "Minority Interests": 87000.0,
        "Net Income Including Noncontrolling Interests": -1536000.0,
        "Net Income Discontinuous Operations": 0.0,
        "Net Income Continuous Operations": -1536000.0,
        "Tax Provision": 1243000.0,
        "Pretax Income": -293000.0,
        "Other Income Expense": -9866000.0,
        "Special Income Charges": -2040000.0,
        "Gain On Sale Of Business": 0.0,
        "Write Off": 2040000.0,
        "Impairment Of Capital Assets": NaN,
        "Earnings From Equity Interest": 0.0,
        "Gain On Sale Of Security": -7826000.0,
        "Net Non Operating Interest Income Expense": -17331000.0,
        "Interest Expense Non Operating": 19268000.0,
        "Interest Income Non Operating": 1937000.0,
        "Operating Income": 26904000.0,
        "Operating Expense": 191343000.0,
        "Other Operating Expenses": 22562000.0,
        "Depreciation Amortization Depletion Income Statement": 79647000.0,
        "Depreciation And Amortization In Income Statement": 79647000.0,
        "Selling General And Administration": 89134000.0,
        "General And Administrative Expense": 89134000.0,
        "Salaries And Wages": 89134000.0,
        "Gross Profit": 218247000.0,
        "Cost Of Revenue": 60173000.0,
        "Total Revenue": 278420000.0,
        "Operating Revenue": 278420000.0
    }
}