{
    "2023-03-31": {
        "Tax Effect Of Unusual Items": 14428893.905192,
        "Tax Rate For Calcs": 0.282919,
        "Normalized EBITDA": 2183000000.0,
        "Total Unusual Items": 51000000.0,
        "Total Unusual Items Excluding Goodwill": 51000000.0,
        "Net Income From Continuing Operation Net Minority Interest": 980000000.0,
        "Reconciled Depreciation": 539000000.0,
        "Reconciled Cost Of Revenue": 4199000000.0,
        "EBITDA": 2234000000.0,
        "EBIT": 1695000000.0,
        "Net Interest Income": -324000000.0,
        "Interest Expense": 366000000.0,
        "Interest Income": 42000000.0,
        "Normalized Income": 943428893.905192,
        "Net Income From Continuing And Discontinued Operation": 980000000.0,
        "Total Expenses": 4930000000.0,
        "Diluted Average Shares": 632248000.0,
        "Basic Average Shares": 629838000.0,
        "Diluted EPS": 1.535,
        "Basic EPS": 1.54,
        "Diluted NI Availto Com Stockholders": 969000000.0,
        "Net Income Common Stockholders": 969000000.0,
        "Preferred Stock Dividends": 11000000.0,
        "Net Income": 980000000.0,
        "Minority Interests": -192000000.0,
        "Net Income Including Noncontrolling Interests": 1172000000.0,
        "Net Income Continuous Operations": 1172000000.0,
        "Earnings From Equity Interest Net Of Tax": 219000000.0,
        "Tax Provision": 376000000.0,
        "Pretax Income": 1329000000.0,
        "Other Income Expense": 23000000.0,
        "Other Non Operating Income Expenses": -28000000.0,
        "Special Income Charges": 33000000.0,
        "Other Special Charges": -33000000.0,
        "Gain On Sale Of Security": 18000000.0,
        "Net Non Operating Interest Income Expense": -324000000.0,
        "Interest Expense Non Operating": 366000000.0,
        "Interest Income Non Operating": 42000000.0,
        "Operating Income": 1630000000.0,
        "Operating Expense": 731000000.0,
        "Other Operating Expenses": 192000000.0,
        "Other Taxes": NaN,
        "Depreciation Amortization Depletion Income Statement": 539000000.0,
        "Depreciation And Amortization In Income Statement": 539000000.0,
        "Gross Profit": 2361000000.0,
        "Cost Of Revenue": 4199000000.0,
        "Total Revenue": 6560000000.0,
        "Operating Revenue": 6560000000.0
    },
    "2022-12-31": {
        "Tax Effect Of Unusual Items": 12600000.0,
        "Tax Rate For Calcs": 0.21,
        "Normalized EBITDA": 866000000.0,
        "Total Unusual Items": 60000000.0,
        "Total Unusual Items Excluding Goodwill": 60000000.0,
        "Net Income From Continuing Operation Net Minority Interest": 449000000.0,
        "Reconciled Depreciation": 519000000.0,
        "Reconciled Cost Of Revenue": 2412000000.0,
        "EBITDA": 926000000.0,
        "EBIT": 407000000.0,
        "Net Interest Income": -227000000.0,
        "Interest Expense": 258000000.0,
        "Interest Income": 31000000.0,
        "Normalized Income": 401600000.0,
        "Net Income From Continuing And Discontinued Operation": 449000000.0,
        "Total Expenses": 3092000000.0,
        "Diluted Average Shares": 632296000.0,
        "Basic Average Shares": 629476000.0,
        "Diluted EPS": 0.695,
        "Basic EPS": 0.695,
        "Diluted NI Availto Com Stockholders": 438000000.0,
        "Net Income Common Stockholders": 438000000.0,
        "Preferred Stock Dividends": 11000000.0,
        "Net Income": 449000000.0,
        "Minority Interests": 41000000.0,
        "Net Income Including Noncontrolling Interests": 408000000.0,
        "Net Income Continuous Operations": 408000000.0,
        "Earnings From Equity Interest Net Of Tax": 380000000.0,
        "Tax Provision": 121000000.0,
        "Pretax Income": 149000000.0,
        "Other Income Expense": 13000000.0,
        "Other Non Operating Income Expenses": -47000000.0,
        "Special Income Charges": 39000000.0,
        "Other Special Charges": -39000000.0,
        "Gain On Sale Of Security": 21000000.0,
        "Net Non Operating Interest Income Expense": -227000000.0,
        "Interest Expense Non Operating": 258000000.0,
        "Interest Income Non Operating": 31000000.0,
        "Operating Income": 363000000.0,
        "Operating Expense": 680000000.0,
        "Other Operating Expenses": 161000000.0,
        "Other Taxes": NaN,
        "Depreciation Amortization Depletion Income Statement": 519000000.0,
        "Depreciation And Amortization In Income Statement": 519000000.0,
        "Gross Profit": 1043000000.0,
        "Cost Of Revenue": 2412000000.0,
        "Total Revenue": 3455000000.0,
        "Operating Revenue": 3455000000.0
    },
    "2022-09-30": {
        "Tax Effect Of Unusual Items": -6930000.0,
        "Tax Rate For Calcs": 0.07,
        "Normalized EBITDA": 1052000000.0,
        "Total Unusual Items": -99000000.0,
        "Total Unusual Items Excluding Goodwill": -99000000.0,
        "Net Income From Continuing Operation Net Minority Interest": 496000000.0,
        "Reconciled Depreciation": 506000000.0,
        "Reconciled Cost Of Revenue": 2358000000.0,
        "EBITDA": 953000000.0,
        "EBIT": 447000000.0,
        "Net Interest Income": -257000000.0,
        "Interest Expense": 282000000.0,
        "Interest Income": 25000000.0,
        "Normalized Income": 588070000.0,
        "Net Income From Continuing And Discontinued Operation": 496000000.0,
        "Total Expenses": 3026000000.0,
        "Diluted Average Shares": 632175000.0,
        "Basic Average Shares": 629447000.0,
        "Diluted EPS": 0.77,
        "Basic EPS": 0.77,
        "Diluted NI Availto Com Stockholders": 485000000.0,
        "Net Income Common Stockholders": 485000000.0,
        "Preferred Stock Dividends": 11000000.0,
        "Net Income": 496000000.0,
        "Minority Interests": -65000000.0,
        "Net Income Including Noncontrolling Interests": 561000000.0,
        "Net Income Continuous Operations": 561000000.0,
        "Earnings From Equity Interest Net Of Tax": 417000000.0,
        "Tax Provision": 21000000.0,
        "Pretax Income": 165000000.0,
        "Other Income Expense": -169000000.0,
        "Other Non Operating Income Expenses": -70000000.0,
        "Special Income Charges": -87000000.0,
        "Gain On Sale Of Ppe": NaN,
        "Other Special Charges": 87000000.0,
        "Gain On Sale Of Security": -12000000.0,
        "Net Non Operating Interest Income Expense": -257000000.0,
        "Interest Expense Non Operating": 282000000.0,
        "Interest Income Non Operating": 25000000.0,
        "Operating Income": 591000000.0,
        "Operating Expense": 668000000.0,
        "Other Operating Expenses": 162000000.0,
        "Other Taxes": NaN,
        "Depreciation Amortization Depletion Income Statement": 506000000.0,
        "Depreciation And Amortization In Income Statement": 506000000.0,
        "Gross Profit": 1259000000.0,
        "Cost Of Revenue": 2358000000.0,
        "Total Revenue": 3617000000.0,
        "Operating Revenue": 3617000000.0
    },
    "2022-06-30": {
        "Tax Effect Of Unusual Items": -10769230.769231,
        "Tax Rate For Calcs": 0.21978,
        "Normalized EBITDA": 1185000000.0,
        "Total Unusual Items": -49000000.0,
        "Total Unusual Items Excluding Goodwill": -49000000.0,
        "Net Income From Continuing Operation Net Minority Interest": 571000000.0,
        "Reconciled Depreciation": 501000000.0,
        "Reconciled Cost Of Revenue": 2230000000.0,
        "EBITDA": 1136000000.0,
        "EBIT": 635000000.0,
        "Net Interest Income": -252000000.0,
        "Interest Expense": 271000000.0,
        "Interest Income": 19000000.0,
        "Normalized Income": 609230769.230769,
        "Net Income From Continuing And Discontinued Operation": 571000000.0,
        "Total Expenses": 2881000000.0,
        "Diluted Average Shares": 631734000.0,
        "Basic Average Shares": 629690000.0,
        "Diluted EPS": 0.885,
        "Basic EPS": 0.89,
        "Diluted NI Availto Com Stockholders": 559000000.0,
        "Net Income Common Stockholders": 559000000.0,
        "Preferred Stock Dividends": 12000000.0,
        "Net Income": 571000000.0,
        "Minority Interests": -88000000.0,
        "Net Income Including Noncontrolling Interests": 659000000.0,
        "Net Income Continuous Operations": 659000000.0,
        "Earnings From Equity Interest Net Of Tax": 375000000.0,
        "Tax Provision": 80000000.0,
        "Pretax Income": 364000000.0,
        "Other Income Expense": -50000000.0,
        "Other Non Operating Income Expenses": -1000000.0,
        "Special Income Charges": -11000000.0,
        "Gain On Sale Of Ppe": NaN,
        "Other Special Charges": 11000000.0,
        "Gain On Sale Of Security": -38000000.0,
        "Net Non Operating Interest Income Expense": -252000000.0,
        "Interest Expense Non Operating": 271000000.0,
        "Interest Income Non Operating": 19000000.0,
        "Operating Income": 666000000.0,
        "Operating Expense": 651000000.0,
        "Other Operating Expenses": 150000000.0,
        "Other Taxes": NaN,
        "Depreciation Amortization Depletion Income Statement": 501000000.0,
        "Depreciation And Amortization In Income Statement": 501000000.0,
        "Gross Profit": 1317000000.0,
        "Cost Of Revenue": 2230000000.0,
        "Total Revenue": 3547000000.0,
        "Operating Revenue": 3547000000.0
    },
    "2023-06-30": {
        "Tax Effect Of Unusual Items": 14722753.34608,
        "Tax Rate For Calcs": 0.334608,
        "Normalized EBITDA": 1345000000.0,
        "Total Unusual Items": 44000000.0,
        "Total Unusual Items Excluding Goodwill": 44000000.0,
        "Net Income From Continuing Operation Net Minority Interest": 615000000.0,
        "Reconciled Depreciation": 549000000.0,
        "Reconciled Cost Of Revenue": 1846000000.0,
        "EBITDA": 1389000000.0,
        "EBIT": 840000000.0,
        "Net Interest Income": -281000000.0,
        "Interest Expense": 317000000.0,
        "Interest Income": 36000000.0,
        "Normalized Income": 585722753.34608,
        "Net Income From Continuing And Discontinued Operation": 615000000.0,
        "Total Expenses": 2543000000.0,
        "Diluted Average Shares": 632120000.0,
        "Basic Average Shares": 630014000.0,
        "Diluted EPS": 0.955,
        "Basic EPS": 0.955,
        "Diluted NI Availto Com Stockholders": 603000000.0,
        "Net Income Common Stockholders": 603000000.0,
        "Preferred Stock Dividends": 12000000.0,
        "Net Income": 615000000.0,
        "Minority Interests": -121000000.0,
        "Net Income Including Noncontrolling Interests": 736000000.0,
        "Net Income Continuous Operations": 736000000.0,
        "Earnings From Equity Interest Net Of Tax": 388000000.0,
        "Tax Provision": 175000000.0,
        "Pretax Income": 523000000.0,
        "Other Income Expense": 12000000.0,
        "Other Non Operating Income Expenses": -32000000.0,
        "Special Income Charges": 37000000.0,
        "Other Special Charges": -37000000.0,
        "Gain On Sale Of Security": 7000000.0,
        "Net Non Operating Interest Income Expense": -281000000.0,
        "Interest Expense Non Operating": 317000000.0,
        "Interest Income Non Operating": 36000000.0,
        "Operating Income": 792000000.0,
        "Operating Expense": 697000000.0,
        "Other Operating Expenses": 148000000.0,
        "Other Taxes": NaN,
        "Depreciation Amortization Depletion Income Statement": 549000000.0,
        "Depreciation And Amortization In Income Statement": 549000000.0,
        "Gross Profit": 1489000000.0,
        "Cost Of Revenue": 1846000000.0,
        "Total Revenue": 3335000000.0,
        "Operating Revenue": 3335000000.0
    },
    "2022-03-31": {
        "Diluted EPS": 1.93,
        "Total Revenue": NaN,
        "Gross Profit": NaN,
        "Operating Income": 845,
        "EBIT": NaN,
        "Net Income": 612
    },
    "2021-12-31": {
        "Diluted EPS": 1.8,
        "Total Revenue": NaN,
        "Gross Profit": NaN,
        "Operating Income": 896,
        "EBIT": NaN,
        "Net Income": 604
    },
    "2021-09-30": {
        "Diluted EPS": -2.03,
        "Total Revenue": NaN,
        "Gross Profit": NaN,
        "Operating Income": NaN,
        "EBIT": -596,
        "Net Income": -648
    },
    "2021-06-30": {
        "Diluted EPS": 1.37,
        "Total Revenue": NaN,
        "Gross Profit": NaN,
        "Operating Income": 452,
        "EBIT": 915,
        "Net Income": 424
    },
    "2021-03-31": {
        "Diluted EPS": 2.87,
        "Total Revenue": NaN,
        "Gross Profit": NaN,
        "Operating Income": 973,
        "EBIT": NaN,
        "Net Income": 874
    },
    "2020-12-31": {
        "Diluted EPS": 1.53,
        "Total Revenue": NaN,
        "Gross Profit": NaN,
        "Operating Income": 559,
        "EBIT": 983,
        "Net Income": 414
    },
    "2020-09-30": {
        "Diluted EPS": 1.21,
        "Total Revenue": NaN,
        "Gross Profit": NaN,
        "Operating Income": 409,
        "EBIT": 827,
        "Net Income": 351
    },
    "2020-06-30": {
        "Diluted EPS": 7.61,
        "Total Revenue": NaN,
        "Gross Profit": NaN,
        "Operating Income": 653,
        "EBIT": NaN,
        "Net Income": NaN
    },
    "2020-03-31": {
        "Diluted EPS": 2.53,
        "Total Revenue": NaN,
        "Gross Profit": NaN,
        "Operating Income": 904,
        "EBIT": NaN,
        "Net Income": 760
    },
    "2019-12-31": {
        "Diluted EPS": 1.6,
        "Total Revenue": NaN,
        "Gross Profit": NaN,
        "Operating Income": 606,
        "EBIT": NaN,
        "Net Income": 447
    },
    "2019-09-30": {
        "Diluted EPS": 2.84,
        "Total Revenue": NaN,
        "Gross Profit": NaN,
        "Operating Income": 758,
        "EBIT": NaN,
        "Net Income": 813
    },
    "2019-06-30": {
        "Diluted EPS": 1.26,
        "Total Revenue": NaN,
        "Gross Profit": NaN,
        "Operating Income": 523,
        "EBIT": 912,
        "Net Income": 354
    },
    "2019-03-31": {
        "Diluted EPS": 1.59,
        "Total Revenue": NaN,
        "Gross Profit": NaN,
        "Operating Income": 740,
        "EBIT": NaN,
        "Net Income": 441
    },
    "2018-12-31": {
        "Diluted EPS": 3.21,
        "Total Revenue": NaN,
        "Gross Profit": NaN,
        "Operating Income": 728,
        "EBIT": NaN,
        "Net Income": 864
    },
    "2018-09-30": {
        "Diluted EPS": 0.99,
        "Total Revenue": NaN,
        "Gross Profit": NaN,
        "Operating Income": 337,
        "EBIT": 703,
        "Net Income": 274
    },
    "2018-06-30": {
        "Diluted EPS": -2.11,
        "Total Revenue": NaN,
        "Gross Profit": NaN,
        "Operating Income": 383,
        "EBIT": 760,
        "Net Income": -561
    },
    "2018-03-31": {
        "Diluted EPS": 1.33,
        "Total Revenue": NaN,
        "Gross Profit": NaN,
        "Operating Income": 618,
        "EBIT": 990,
        "Net Income": 347
    },
    "2017-12-31": {
        "Diluted EPS": -1.99,
        "Total Revenue": NaN,
        "Gross Profit": NaN,
        "Operating Income": 151,
        "EBIT": 481,
        "Net Income": -501
    },
    "2017-09-30": {
        "Diluted EPS": 0.22,
        "Total Revenue": NaN,
        "Gross Profit": NaN,
        "Operating Income": 470,
        "EBIT": 848,
        "Net Income": 57
    },
    "2017-06-30": {
        "Diluted EPS": 1.03,
        "Total Revenue": NaN,
        "Gross Profit": NaN,
        "Operating Income": 511,
        "EBIT": 879,
        "Net Income": 259
    },
    "2017-03-31": {
        "Diluted EPS": 1.75,
        "Total Revenue": NaN,
        "Gross Profit": NaN,
        "Operating Income": 915,
        "EBIT": NaN,
        "Net Income": 441
    },
    "2016-12-31": {
        "Diluted EPS": 1.54,
        "Total Revenue": NaN,
        "Gross Profit": NaN,
        "Operating Income": 724,
        "EBIT": NaN,
        "Net Income": 379
    },
    "2016-09-30": {
        "Diluted EPS": 2.46,
        "Total Revenue": NaN,
        "Gross Profit": NaN,
        "Operating Income": 452,
        "EBIT": 780,
        "Net Income": 622
    },
    "2016-06-30": {
        "Diluted EPS": 0.06,
        "Total Revenue": NaN,
        "Gross Profit": NaN,
        "Operating Income": 8,
        "EBIT": 322,
        "Net Income": 16
    },
    "2016-03-31": {
        "Diluted EPS": 1.4,
        "Total Revenue": NaN,
        "Gross Profit": NaN,
        "Operating Income": 565,
        "EBIT": 893,
        "Net Income": 353
    },
    "2015-12-31": {
        "Diluted EPS": 1.47,
        "Total Revenue": NaN,
        "Gross Profit": NaN,
        "Operating Income": 447,
        "EBIT": 772,
        "Net Income": 369
    },
    "2015-09-30": {
        "Diluted EPS": 0.99,
        "Total Revenue": NaN,
        "Gross Profit": NaN,
        "Operating Income": 362,
        "EBIT": 677,
        "Net Income": 248
    },
    "2015-06-30": {
        "Diluted EPS": 1.17,
        "Total Revenue": NaN,
        "Gross Profit": NaN,
        "Operating Income": 461,
        "EBIT": 768,
        "Net Income": 295
    },
    "2015-03-31": {
        "Diluted EPS": 1.74,
        "Total Revenue": NaN,
        "Gross Profit": NaN,
        "Operating Income": 675,
        "EBIT": 978,
        "Net Income": 437
    },
    "2014-12-31": {
        "Diluted EPS": 1.17,
        "Total Revenue": NaN,
        "Gross Profit": NaN,
        "Operating Income": 453,
        "EBIT": 743,
        "Net Income": 297
    },
    "2014-09-30": {
        "Diluted EPS": 1.39,
        "Total Revenue": NaN,
        "Gross Profit": NaN,
        "Operating Income": 515,
        "EBIT": 807,
        "Net Income": 348
    },
    "2014-06-30": {
        "Diluted EPS": 1.08,
        "Total Revenue": NaN,
        "Gross Profit": NaN,
        "Operating Income": 435,
        "EBIT": 723,
        "Net Income": 269
    },
    "2014-03-31": {
        "Diluted EPS": 0.99,
        "Total Revenue": NaN,
        "Gross Profit": NaN,
        "Operating Income": 435,
        "EBIT": 721,
        "Net Income": 247
    },
    "2013-12-31": {
        "Diluted EPS": 1.12,
        "Total Revenue": NaN,
        "Gross Profit": NaN,
        "Operating Income": 531,
        "EBIT": 816,
        "Net Income": 282
    },
    "2013-09-30": {
        "Diluted EPS": 1.19,
        "Total Revenue": NaN,
        "Gross Profit": NaN,
        "Operating Income": 506,
        "EBIT": 792,
        "Net Income": 296
    },
    "2013-06-30": {
        "Diluted EPS": 0.98,
        "Total Revenue": NaN,
        "Gross Profit": NaN,
        "Operating Income": 398,
        "EBIT": 645,
        "Net Income": 245
    },
    "2013-03-31": {
        "Diluted EPS": 0.72,
        "Total Revenue": NaN,
        "Gross Profit": NaN,
        "Operating Income": 363,
        "EBIT": 658,
        "Net Income": 178
    },
    "2012-12-31": {
        "Diluted EPS": 1.17,
        "Total Revenue": NaN,
        "Gross Profit": NaN,
        "Operating Income": 356,
        "EBIT": 643,
        "Net Income": 293
    },
    "2012-09-30": {
        "Diluted EPS": 1.09,
        "Total Revenue": NaN,
        "Gross Profit": NaN,
        "Operating Income": 500,
        "EBIT": 780,
        "Net Income": 268
    },
    "2012-06-30": {
        "Diluted EPS": 0.25,
        "Total Revenue": NaN,
        "Gross Profit": NaN,
        "Operating Income": 325,
        "EBIT": 591,
        "Net Income": 62
    },
    "2012-03-31": {
        "Diluted EPS": 0.97,
        "Total Revenue": NaN,
        "Gross Profit": NaN,
        "Operating Income": 378,
        "EBIT": 635,
        "Net Income": 236
    },
    "2011-12-31": {
        "Diluted EPS": 1.17,
        "Total Revenue": NaN,
        "Gross Profit": NaN,
        "Operating Income": 465,
        "EBIT": 712,
        "Net Income": 285
    },
    "2011-09-30": {
        "Diluted EPS": 1.2,
        "Total Revenue": NaN,
        "Gross Profit": NaN,
        "Operating Income": 500,
        "EBIT": 751,
        "Net Income": 289
    },
    "2011-06-30": {
        "Diluted EPS": 2.09,
        "Total Revenue": NaN,
        "Gross Profit": NaN,
        "Operating Income": 377,
        "EBIT": 625,
        "Net Income": 503
    },
    "2011-03-31": {
        "Diluted EPS": 1.05,
        "Total Revenue": NaN,
        "Gross Profit": NaN,
        "Operating Income": 404,
        "EBIT": 634,
        "Net Income": 254
    },
    "2010-12-31": {
        "Diluted EPS": 1.02,
        "Total Revenue": NaN,
        "Gross Profit": NaN,
        "Operating Income": 390,
        "EBIT": 613,
        "Net Income": 250
    },
    "2010-09-30": {
        "Diluted EPS": 0.53,
        "Total Revenue": NaN,
        "Gross Profit": NaN,
        "Operating Income": 412,
        "EBIT": 630,
        "Net Income": 131
    },
    "2010-06-30": {
        "Diluted EPS": 0.89,
        "Total Revenue": NaN,
        "Gross Profit": NaN,
        "Operating Income": 336,
        "EBIT": 551,
        "Net Income": 222
    },
    "2010-03-31": {
        "Diluted EPS": 0.42,
        "Total Revenue": NaN,
        "Gross Profit": NaN,
        "Operating Income": 221,
        "EBIT": 431,
        "Net Income": 106
    },
    "2009-12-31": {
        "Diluted EPS": 1.16,
        "Total Revenue": NaN,
        "Gross Profit": NaN,
        "Operating Income": 357,
        "EBIT": 564,
        "Net Income": 288
    },
    "2009-09-30": {
        "Diluted EPS": 1.27,
        "Total Revenue": NaN,
        "Gross Profit": NaN,
        "Operating Income": 354,
        "EBIT": 550,
        "Net Income": 317
    },
    "2009-06-30": {
        "Diluted EPS": 0.8,
        "Total Revenue": NaN,
        "Gross Profit": NaN,
        "Operating Income": 264,
        "EBIT": 453,
        "Net Income": 198
    },
    "2009-03-31": {
        "Diluted EPS": 1.29,
        "Total Revenue": NaN,
        "Gross Profit": NaN,
        "Operating Income": 331,
        "EBIT": 514,
        "Net Income": 316
    },
    "2023-09-30": {
        "Tax Effect Of Unusual Items": 2940000.0,
        "Tax Rate For Calcs": 0.21,
        "Normalized EBITDA": 1184000000.0,
        "Total Unusual Items": 14000000.0,
        "Total Unusual Items Excluding Goodwill": 14000000.0,
        "Net Income From Continuing Operation Net Minority Interest": 732000000.0,
        "Reconciled Depreciation": 563000000.0,
        "Reconciled Cost Of Revenue": 1989000000.0,
        "EBITDA": 1198000000.0,
        "EBIT": 635000000.0,
        "Net Interest Income": -274000000.0,
        "Interest Expense": 312000000.0,
        "Interest Income": 38000000.0,
        "Normalized Income": 720940000.0,
        "Net Income From Continuing And Discontinued Operation": 732000000.0,
        "Total Expenses": 2721000000.0,
        "Diluted Average Shares": 632324000.0,
        "Basic Average Shares": 630036000.0,
        "Diluted EPS": 1.14,
        "Basic EPS": 1.14,
        "Diluted NI Availto Com Stockholders": 721000000.0,
        "Net Income Common Stockholders": 721000000.0,
        "Preferred Stock Dividends": 11000000.0,
        "Net Income": 732000000.0,
        "Minority Interests": -122000000.0,
        "Net Income Including Noncontrolling Interests": 854000000.0,
        "Net Income Continuous Operations": 854000000.0,
        "Earnings From Equity Interest Net Of Tax": 479000000.0,
        "Tax Provision": -52000000.0,
        "Pretax Income": 323000000.0,
        "Other Income Expense": -16000000.0,
        "Other Non Operating Income Expenses": -30000000.0,
        "Special Income Charges": 35000000.0,
        "Other Special Charges": -35000000.0,
        "Gain On Sale Of Security": -21000000.0,
        "Net Non Operating Interest Income Expense": -274000000.0,
        "Interest Expense Non Operating": 312000000.0,
        "Interest Income Non Operating": 38000000.0,
        "Operating Income": 613000000.0,
        "Operating Expense": 732000000.0,
        "Other Operating Expenses": NaN,
        "Other Taxes": 169000000.0,
        "Depreciation Amortization Depletion Income Statement": 563000000.0,
        "Depreciation And Amortization In Income Statement": 563000000.0,
        "Gross Profit": 1345000000.0,
        "Cost Of Revenue": 1989000000.0,
        "Total Revenue": 3334000000.0,
        "Operating Revenue": 3334000000.0
    },
    "2023-12-31": {
        "Tax Effect Of Unusual Items": 13860000.0,
        "Tax Rate For Calcs": 0.21,
        "Normalized EBITDA": 1276000000.0,
        "Total Unusual Items": 66000000.0,
        "Total Unusual Items Excluding Goodwill": 66000000.0,
        "Net Income From Continuing Operation Net Minority Interest": 748000000.0,
        "Reconciled Depreciation": 576000000.0,
        "Reconciled Cost Of Revenue": 2067000000.0,
        "EBITDA": 1342000000.0,
        "EBIT": 766000000.0,
        "Net Interest Income": -262000000.0,
        "Interest Expense": 314000000.0,
        "Interest Income": 52000000.0,
        "Normalized Income": 695860000.0,
        "Net Income From Continuing And Discontinued Operation": 748000000.0,
        "Total Expenses": 2811000000.0,
        "Diluted Average Shares": NaN,
        "Basic Average Shares": NaN,
        "Diluted EPS": NaN,
        "Basic EPS": NaN,
        "Diluted NI Availto Com Stockholders": 737000000.0,
        "Net Income Common Stockholders": 737000000.0,
        "Preferred Stock Dividends": 11000000.0,
        "Net Income": 748000000.0,
        "Minority Interests": -108000000.0,
        "Net Income Including Noncontrolling Interests": 856000000.0,
        "Net Income Continuous Operations": 856000000.0,
        "Earnings From Equity Interest Net Of Tax": 395000000.0,
        "Tax Provision": -9000000.0,
        "Pretax Income": 452000000.0,
        "Other Income Expense": 34000000.0,
        "Other Non Operating Income Expenses": -32000000.0,
        "Special Income Charges": 36000000.0,
        "Other Special Charges": -35000000.0,
        "Gain On Sale Of Security": 30000000.0,
        "Net Non Operating Interest Income Expense": -262000000.0,
        "Interest Expense Non Operating": 314000000.0,
        "Interest Income Non Operating": 52000000.0,
        "Operating Income": 680000000.0,
        "Operating Expense": 744000000.0,
        "Other Operating Expenses": NaN,
        "Other Taxes": 168000000.0,
        "Depreciation Amortization Depletion Income Statement": 576000000.0,
        "Depreciation And Amortization In Income Statement": 576000000.0,
        "Gross Profit": 1424000000.0,
        "Cost Of Revenue": 2067000000.0,
        "Total Revenue": 3491000000.0,
        "Operating Revenue": 3491000000.0
    }
}