{
    "2023-03-31": {
        "Tax Effect Of Unusual Items": 0.0,
        "Tax Rate For Calcs": 0.297,
        "Normalized EBITDA": -2818000.0,
        "Total Unusual Items": 0.0,
        "Total Unusual Items Excluding Goodwill": 0.0,
        "Net Income From Continuing Operation Net Minority Interest": -1894000.0,
        "Reconciled Depreciation": 121000.0,
        "Reconciled Cost Of Revenue": 1792000.0,
        "EBITDA": -2818000.0,
        "EBIT": -2939000.0,
        "Net Interest Income": 243000.0,
        "Interest Expense": NaN,
        "Interest Income": 243000.0,
        "Normalized Income": -1894000.0,
        "Net Income From Continuing And Discontinued Operation": -1894000.0,
        "Total Expenses": 6353000.0,
        "Total Operating Income As Reported": -2939000.0,
        "Diluted Average Shares": 16245343.0,
        "Basic Average Shares": 16245343.0,
        "Diluted EPS": -0.12,
        "Basic EPS": -0.12,
        "Diluted NI Availto Com Stockholders": -1894000.0,
        "Net Income Common Stockholders": -1894000.0,
        "Net Income": -1894000.0,
        "Net Income Including Noncontrolling Interests": -1894000.0,
        "Net Income Continuous Operations": -1894000.0,
        "Tax Provision": -802000.0,
        "Pretax Income": -2696000.0,
        "Other Income Expense": NaN,
        "Special Income Charges": 0.0,
        "Gain On Sale Of Ppe": 0.0,
        "Net Non Operating Interest Income Expense": 243000.0,
        "Interest Expense Non Operating": NaN,
        "Interest Income Non Operating": 243000.0,
        "Operating Income": -2939000.0,
        "Operating Expense": 4561000.0,
        "Research And Development": 1098000.0,
        "Selling General And Administration": 3463000.0,
        "Selling And Marketing Expense": 2099000.0,
        "General And Administrative Expense": 1364000.0,
        "Other Gand A": 1364000.0,
        "Gross Profit": 1622000.0,
        "Cost Of Revenue": 1792000.0,
        "Total Revenue": 3414000.0,
        "Operating Revenue": 3414000.0
    },
    "2022-12-31": {
        "Tax Effect Of Unusual Items": NaN,
        "Tax Rate For Calcs": NaN,
        "Normalized EBITDA": NaN,
        "Total Unusual Items": 0.0,
        "Total Unusual Items Excluding Goodwill": 0.0,
        "Net Income From Continuing Operation Net Minority Interest": NaN,
        "Reconciled Depreciation": NaN,
        "Reconciled Cost Of Revenue": NaN,
        "EBITDA": NaN,
        "EBIT": NaN,
        "Net Interest Income": NaN,
        "Interest Expense": 0.0,
        "Interest Income": NaN,
        "Normalized Income": NaN,
        "Net Income From Continuing And Discontinued Operation": NaN,
        "Total Expenses": NaN,
        "Total Operating Income As Reported": NaN,
        "Diluted Average Shares": NaN,
        "Basic Average Shares": NaN,
        "Diluted EPS": NaN,
        "Basic EPS": NaN,
        "Diluted NI Availto Com Stockholders": NaN,
        "Net Income Common Stockholders": NaN,
        "Net Income": NaN,
        "Net Income Including Noncontrolling Interests": NaN,
        "Net Income Continuous Operations": NaN,
        "Tax Provision": NaN,
        "Pretax Income": NaN,
        "Other Income Expense": 0.0,
        "Special Income Charges": 0.0,
        "Gain On Sale Of Ppe": 0.0,
        "Net Non Operating Interest Income Expense": NaN,
        "Interest Expense Non Operating": 0.0,
        "Interest Income Non Operating": NaN,
        "Operating Income": NaN,
        "Operating Expense": NaN,
        "Research And Development": NaN,
        "Selling General And Administration": NaN,
        "Selling And Marketing Expense": NaN,
        "General And Administrative Expense": NaN,
        "Other Gand A": NaN,
        "Gross Profit": NaN,
        "Cost Of Revenue": NaN,
        "Total Revenue": NaN,
        "Operating Revenue": NaN
    },
    "2022-09-30": {
        "Tax Effect Of Unusual Items": NaN,
        "Tax Rate For Calcs": NaN,
        "Normalized EBITDA": NaN,
        "Total Unusual Items": NaN,
        "Total Unusual Items Excluding Goodwill": NaN,
        "Net Income From Continuing Operation Net Minority Interest": NaN,
        "Reconciled Depreciation": NaN,
        "Reconciled Cost Of Revenue": NaN,
        "EBITDA": NaN,
        "EBIT": NaN,
        "Net Interest Income": NaN,
        "Interest Expense": 1000.0,
        "Interest Income": NaN,
        "Normalized Income": NaN,
        "Net Income From Continuing And Discontinued Operation": NaN,
        "Total Expenses": NaN,
        "Total Operating Income As Reported": NaN,
        "Diluted Average Shares": NaN,
        "Basic Average Shares": NaN,
        "Diluted EPS": NaN,
        "Basic EPS": NaN,
        "Diluted NI Availto Com Stockholders": NaN,
        "Net Income Common Stockholders": NaN,
        "Net Income": NaN,
        "Net Income Including Noncontrolling Interests": NaN,
        "Net Income Continuous Operations": NaN,
        "Tax Provision": NaN,
        "Pretax Income": NaN,
        "Other Income Expense": NaN,
        "Special Income Charges": NaN,
        "Gain On Sale Of Ppe": NaN,
        "Net Non Operating Interest Income Expense": NaN,
        "Interest Expense Non Operating": 1000.0,
        "Interest Income Non Operating": NaN,
        "Operating Income": NaN,
        "Operating Expense": NaN,
        "Research And Development": NaN,
        "Selling General And Administration": NaN,
        "Selling And Marketing Expense": NaN,
        "General And Administrative Expense": NaN,
        "Other Gand A": NaN,
        "Gross Profit": NaN,
        "Cost Of Revenue": NaN,
        "Total Revenue": NaN,
        "Operating Revenue": NaN
    },
    "2022-06-30": {
        "Tax Effect Of Unusual Items": 0.0,
        "Tax Rate For Calcs": 0.232912,
        "Normalized EBITDA": 4595000.0,
        "Total Unusual Items": 0.0,
        "Total Unusual Items Excluding Goodwill": 0.0,
        "Net Income From Continuing Operation Net Minority Interest": 3524000.0,
        "Reconciled Depreciation": 74000.0,
        "Reconciled Cost Of Revenue": 3824000.0,
        "EBITDA": 4595000.0,
        "EBIT": 4595000.0,
        "Net Interest Income": 24000.0,
        "Interest Expense": 1000.0,
        "Interest Income": 25000.0,
        "Normalized Income": 3524000.0,
        "Net Income From Continuing And Discontinued Operation": 3524000.0,
        "Total Expenses": 7510000.0,
        "Total Operating Income As Reported": 4570000.0,
        "Diluted Average Shares": 16631478.0,
        "Basic Average Shares": 16495043.0,
        "Diluted EPS": 0.21,
        "Basic EPS": 0.21,
        "Diluted NI Availto Com Stockholders": 3524000.0,
        "Net Income Common Stockholders": 3524000.0,
        "Net Income": 3524000.0,
        "Net Income Including Noncontrolling Interests": 3524000.0,
        "Net Income Continuous Operations": 3524000.0,
        "Tax Provision": 1070000.0,
        "Pretax Income": 4594000.0,
        "Other Income Expense": NaN,
        "Special Income Charges": 0.0,
        "Gain On Sale Of Ppe": 0.0,
        "Net Non Operating Interest Income Expense": 24000.0,
        "Interest Expense Non Operating": 1000.0,
        "Interest Income Non Operating": 25000.0,
        "Operating Income": 4570000.0,
        "Operating Expense": 3686000.0,
        "Research And Development": 827000.0,
        "Selling General And Administration": 2859000.0,
        "Selling And Marketing Expense": 1728000.0,
        "General And Administrative Expense": 1131000.0,
        "Other Gand A": 1131000.0,
        "Gross Profit": 8256000.0,
        "Cost Of Revenue": 3824000.0,
        "Total Revenue": 12080000.0,
        "Operating Revenue": 12080000.0
    },
    "2022-03-31": {
        "Diluted EPS": 0.97,
        "Total Revenue": 10,
        "Gross Profit": 7,
        "Operating Income": 4,
        "EBIT": 4,
        "Net Income": 16
    },
    "2021-12-31": {
        "Diluted EPS": 0.33,
        "Total Revenue": 13,
        "Gross Profit": 9,
        "Operating Income": 5,
        "EBIT": 5,
        "Net Income": 5
    },
    "2021-09-30": {
        "Diluted EPS": 0.01,
        "Total Revenue": 6,
        "Gross Profit": 3,
        "Operating Income": 0,
        "EBIT": 0,
        "Net Income": 0
    },
    "2021-06-30": {
        "Diluted EPS": -0.02,
        "Total Revenue": 5,
        "Gross Profit": 3,
        "Operating Income": 0,
        "EBIT": 0,
        "Net Income": 0
    },
    "2021-03-31": {
        "Diluted EPS": -0.07,
        "Total Revenue": 3,
        "Gross Profit": 2,
        "Operating Income": -1,
        "EBIT": -1,
        "Net Income": -1
    },
    "2020-12-31": {
        "Diluted EPS": 0.06,
        "Total Revenue": 5,
        "Gross Profit": 3,
        "Operating Income": 0,
        "EBIT": 0,
        "Net Income": 1
    },
    "2020-09-30": {
        "Diluted EPS": -0.1,
        "Total Revenue": 2,
        "Gross Profit": 1,
        "Operating Income": -2,
        "EBIT": -2,
        "Net Income": -2
    },
    "2020-06-30": {
        "Diluted EPS": -0.16,
        "Total Revenue": 1,
        "Gross Profit": 1,
        "Operating Income": -3,
        "EBIT": -2,
        "Net Income": -3
    },
    "2020-03-31": {
        "Diluted EPS": -0.22,
        "Total Revenue": 2,
        "Gross Profit": 1,
        "Operating Income": -4,
        "EBIT": -3,
        "Net Income": -4
    },
    "2019-12-31": {
        "Diluted EPS": 0.06,
        "Total Revenue": 9,
        "Gross Profit": 5,
        "Operating Income": 1,
        "EBIT": 1,
        "Net Income": 1
    },
    "2019-09-30": {
        "Diluted EPS": -0.04,
        "Total Revenue": 6,
        "Gross Profit": 4,
        "Operating Income": -1,
        "EBIT": -1,
        "Net Income": -1
    },
    "2019-06-30": {
        "Diluted EPS": 0.01,
        "Total Revenue": 7,
        "Gross Profit": 5,
        "Operating Income": 0,
        "EBIT": 0,
        "Net Income": 0
    },
    "2019-03-31": {
        "Diluted EPS": -0.13,
        "Total Revenue": 5,
        "Gross Profit": 3,
        "Operating Income": -2,
        "EBIT": -2,
        "Net Income": -2
    },
    "2018-12-31": {
        "Diluted EPS": 0.01,
        "Total Revenue": 8,
        "Gross Profit": 5,
        "Operating Income": 0,
        "EBIT": 0,
        "Net Income": 0
    },
    "2018-09-30": {
        "Diluted EPS": -0.03,
        "Total Revenue": 6,
        "Gross Profit": 4,
        "Operating Income": 0,
        "EBIT": 0,
        "Net Income": 0
    },
    "2018-06-30": {
        "Diluted EPS": -0.04,
        "Total Revenue": 6,
        "Gross Profit": 4,
        "Operating Income": 0,
        "EBIT": 0,
        "Net Income": -1
    },
    "2018-03-31": {
        "Diluted EPS": -0.08,
        "Total Revenue": 6,
        "Gross Profit": 4,
        "Operating Income": -1,
        "EBIT": -1,
        "Net Income": -1
    },
    "2017-12-31": {
        "Diluted EPS": -0.03,
        "Total Revenue": 6,
        "Gross Profit": 4,
        "Operating Income": 0,
        "EBIT": 0,
        "Net Income": 0
    },
    "2017-09-30": {
        "Diluted EPS": -0.07,
        "Total Revenue": 5,
        "Gross Profit": 3,
        "Operating Income": -1,
        "EBIT": -1,
        "Net Income": -1
    },
    "2017-06-30": {
        "Diluted EPS": -0.06,
        "Total Revenue": 5,
        "Gross Profit": 3,
        "Operating Income": -1,
        "EBIT": -1,
        "Net Income": -1
    },
    "2017-03-31": {
        "Diluted EPS": -0.12,
        "Total Revenue": 4,
        "Gross Profit": 3,
        "Operating Income": -2,
        "EBIT": -1,
        "Net Income": -2
    },
    "2016-12-31": {
        "Diluted EPS": 0.0,
        "Total Revenue": 5,
        "Gross Profit": 3,
        "Operating Income": 0,
        "EBIT": 0,
        "Net Income": 0
    },
    "2016-09-30": {
        "Diluted EPS": 0.0,
        "Total Revenue": 3,
        "Gross Profit": 2,
        "Operating Income": 0,
        "EBIT": 0,
        "Net Income": 0
    },
    "2016-06-30": {
        "Diluted EPS": -0.03,
        "Total Revenue": 4,
        "Gross Profit": 2,
        "Operating Income": 0,
        "EBIT": 0,
        "Net Income": 0
    },
    "2016-03-31": {
        "Diluted EPS": 0.0,
        "Total Revenue": 3,
        "Gross Profit": 2,
        "Operating Income": 0,
        "EBIT": 0,
        "Net Income": 0
    },
    "2015-12-31": {
        "Diluted EPS": 14.99,
        "Total Revenue": 4,
        "Gross Profit": 2,
        "Operating Income": 0,
        "EBIT": 0,
        "Net Income": 0
    },
    "2015-09-30": {
        "Diluted EPS": -0.02,
        "Total Revenue": 2,
        "Gross Profit": 1,
        "Operating Income": 0,
        "EBIT": 0,
        "Net Income": 0
    },
    "2015-06-30": {
        "Diluted EPS": -0.02,
        "Total Revenue": 2,
        "Gross Profit": 2,
        "Operating Income": 0,
        "EBIT": 0,
        "Net Income": 0
    },
    "2015-03-31": {
        "Diluted EPS": -15.03,
        "Total Revenue": 2,
        "Gross Profit": 1,
        "Operating Income": 0,
        "EBIT": 0,
        "Net Income": -1
    },
    "2014-12-31": {
        "Diluted EPS": 0.0,
        "Total Revenue": NaN,
        "Gross Profit": NaN,
        "Operating Income": NaN,
        "EBIT": NaN,
        "Net Income": NaN
    },
    "2013-12-31": {
        "Diluted EPS": 0.0,
        "Total Revenue": NaN,
        "Gross Profit": NaN,
        "Operating Income": NaN,
        "EBIT": NaN,
        "Net Income": NaN
    },
    "2023-06-30": {
        "Tax Effect Of Unusual Items": 0.0,
        "Tax Rate For Calcs": 0.21,
        "Normalized EBITDA": -847000.0,
        "Total Unusual Items": 0.0,
        "Total Unusual Items Excluding Goodwill": 0.0,
        "Net Income From Continuing Operation Net Minority Interest": -380000.0,
        "Reconciled Depreciation": 35000.0,
        "Reconciled Cost Of Revenue": 1908000.0,
        "EBITDA": -847000.0,
        "EBIT": -882000.0,
        "Net Interest Income": 245000.0,
        "Interest Expense": 0.0,
        "Interest Income": 245000.0,
        "Normalized Income": -380000.0,
        "Net Income From Continuing And Discontinued Operation": -380000.0,
        "Total Expenses": 5654000.0,
        "Total Operating Income As Reported": -1127000.0,
        "Diluted Average Shares": 16249766.0,
        "Basic Average Shares": 16249766.0,
        "Diluted EPS": -0.02,
        "Basic EPS": -0.02,
        "Diluted NI Availto Com Stockholders": -380000.0,
        "Net Income Common Stockholders": -380000.0,
        "Net Income": -380000.0,
        "Net Income Including Noncontrolling Interests": -380000.0,
        "Net Income Continuous Operations": -380000.0,
        "Tax Provision": -502000.0,
        "Pretax Income": -882000.0,
        "Other Income Expense": NaN,
        "Special Income Charges": 0.0,
        "Gain On Sale Of Ppe": 0.0,
        "Net Non Operating Interest Income Expense": 245000.0,
        "Interest Expense Non Operating": 0.0,
        "Interest Income Non Operating": 245000.0,
        "Operating Income": -1127000.0,
        "Operating Expense": 3746000.0,
        "Research And Development": 822000.0,
        "Selling General And Administration": 2924000.0,
        "Selling And Marketing Expense": 1595000.0,
        "General And Administrative Expense": 1329000.0,
        "Other Gand A": 1329000.0,
        "Gross Profit": 2619000.0,
        "Cost Of Revenue": 1908000.0,
        "Total Revenue": 4527000.0,
        "Operating Revenue": 4527000.0
    },
    "2023-09-30": {
        "Tax Effect Of Unusual Items": 3318.0,
        "Tax Rate For Calcs": 0.079,
        "Normalized EBITDA": -1419000.0,
        "Total Unusual Items": 42000.0,
        "Total Unusual Items Excluding Goodwill": 42000.0,
        "Net Income From Continuing Operation Net Minority Interest": -1451000.0,
        "Reconciled Depreciation": 199000.0,
        "Reconciled Cost Of Revenue": 1909000.0,
        "EBITDA": -1377000.0,
        "EBIT": -1576000.0,
        "Net Interest Income": 277000.0,
        "Interest Expense": 0.0,
        "Interest Income": 277000.0,
        "Normalized Income": -1489682.0,
        "Net Income From Continuing And Discontinued Operation": -1451000.0,
        "Total Expenses": 5793000.0,
        "Total Operating Income As Reported": -1895000.0,
        "Diluted Average Shares": 16270403.0,
        "Basic Average Shares": 16270403.0,
        "Diluted EPS": -0.09,
        "Basic EPS": -0.09,
        "Diluted NI Availto Com Stockholders": -1451000.0,
        "Net Income Common Stockholders": -1451000.0,
        "Net Income": -1451000.0,
        "Net Income Including Noncontrolling Interests": -1451000.0,
        "Net Income Continuous Operations": -1451000.0,
        "Tax Provision": -125000.0,
        "Pretax Income": -1576000.0,
        "Other Income Expense": 42000.0,
        "Special Income Charges": 42000.0,
        "Gain On Sale Of Ppe": 42000.0,
        "Net Non Operating Interest Income Expense": 277000.0,
        "Interest Expense Non Operating": 0.0,
        "Interest Income Non Operating": 277000.0,
        "Operating Income": -1895000.0,
        "Operating Expense": 3884000.0,
        "Research And Development": 1083000.0,
        "Selling General And Administration": 2801000.0,
        "Selling And Marketing Expense": 1290000.0,
        "General And Administrative Expense": 1511000.0,
        "Other Gand A": 1511000.0,
        "Gross Profit": 1989000.0,
        "Cost Of Revenue": 1909000.0,
        "Total Revenue": 3898000.0,
        "Operating Revenue": 3898000.0
    },
    "2023-12-31": {
        "Tax Effect Of Unusual Items": 0.0,
        "Tax Rate For Calcs": 0.274763,
        "Normalized EBITDA": 4877000.0,
        "Total Unusual Items": 0.0,
        "Total Unusual Items Excluding Goodwill": 0.0,
        "Net Income From Continuing Operation Net Minority Interest": 4210000.0,
        "Reconciled Depreciation": 106000.0,
        "Reconciled Cost Of Revenue": 4736000.0,
        "EBITDA": 4877000.0,
        "EBIT": 4771000.0,
        "Net Interest Income": 228000.0,
        "Interest Expense": NaN,
        "Interest Income": 228000.0,
        "Normalized Income": 4210000.0,
        "Net Income From Continuing And Discontinued Operation": 4210000.0,
        "Total Expenses": 6990000.0,
        "Total Operating Income As Reported": 5577000.0,
        "Diluted Average Shares": 16271097.0,
        "Basic Average Shares": 16271097.0,
        "Diluted EPS": 0.26,
        "Basic EPS": 0.26,
        "Diluted NI Availto Com Stockholders": 4210000.0,
        "Net Income Common Stockholders": 4210000.0,
        "Net Income": 4210000.0,
        "Net Income Including Noncontrolling Interests": 4210000.0,
        "Net Income Continuous Operations": 4210000.0,
        "Tax Provision": 1595000.0,
        "Pretax Income": 5805000.0,
        "Other Income Expense": 0.0,
        "Special Income Charges": 0.0,
        "Gain On Sale Of Ppe": 0.0,
        "Net Non Operating Interest Income Expense": 228000.0,
        "Interest Expense Non Operating": NaN,
        "Interest Income Non Operating": 228000.0,
        "Operating Income": 5577000.0,
        "Operating Expense": 2254000.0,
        "Research And Development": 677000.0,
        "Selling General And Administration": 1577000.0,
        "Selling And Marketing Expense": 625000.0,
        "General And Administrative Expense": 952000.0,
        "Other Gand A": 952000.0,
        "Gross Profit": 7831000.0,
        "Cost Of Revenue": 4736000.0,
        "Total Revenue": 12567000.0,
        "Operating Revenue": 12567000.0
    },
    "2024-03-31": {
        "Tax Effect Of Unusual Items": 0.0,
        "Tax Rate For Calcs": 0.267,
        "Normalized EBITDA": 3005000.0,
        "Total Unusual Items": NaN,
        "Total Unusual Items Excluding Goodwill": NaN,
        "Net Income From Continuing Operation Net Minority Interest": 2274000.0,
        "Reconciled Depreciation": 118000.0,
        "Reconciled Cost Of Revenue": 4001000.0,
        "EBITDA": 3005000.0,
        "EBIT": 2887000.0,
        "Net Interest Income": 214000.0,
        "Interest Expense": NaN,
        "Interest Income": 214000.0,
        "Normalized Income": 2274000.0,
        "Net Income From Continuing And Discontinued Operation": 2274000.0,
        "Total Expenses": 7776000.0,
        "Total Operating Income As Reported": 2887000.0,
        "Diluted Average Shares": 16318047.0,
        "Basic Average Shares": 16294970.0,
        "Diluted EPS": 0.14,
        "Basic EPS": 0.14,
        "Diluted NI Availto Com Stockholders": 2274000.0,
        "Net Income Common Stockholders": 2274000.0,
        "Net Income": 2274000.0,
        "Net Income Including Noncontrolling Interests": 2274000.0,
        "Net Income Continuous Operations": 2274000.0,
        "Tax Provision": 827000.0,
        "Pretax Income": 3101000.0,
        "Other Income Expense": NaN,
        "Special Income Charges": NaN,
        "Gain On Sale Of Ppe": NaN,
        "Net Non Operating Interest Income Expense": 214000.0,
        "Interest Expense Non Operating": NaN,
        "Interest Income Non Operating": 214000.0,
        "Operating Income": 2887000.0,
        "Operating Expense": 3775000.0,
        "Research And Development": 926000.0,
        "Selling General And Administration": 2849000.0,
        "Selling And Marketing Expense": 1270000.0,
        "General And Administrative Expense": 1579000.0,
        "Other Gand A": 1579000.0,
        "Gross Profit": 6662000.0,
        "Cost Of Revenue": 4001000.0,
        "Total Revenue": 10663000.0,
        "Operating Revenue": 10663000.0
    }
}