{
    "2023-06-30": {
        "Tax Effect Of Unusual Items": -9424291.458889,
        "Tax Rate For Calcs": 0.288081,
        "Normalized EBITDA": 226978000.0,
        "Total Unusual Items": -32714000.0,
        "Total Unusual Items Excluding Goodwill": -32714000.0,
        "Net Income From Continuing Operation Net Minority Interest": 49111000.0,
        "Reconciled Depreciation": 87175000.0,
        "Reconciled Cost Of Revenue": 699496000.0,
        "EBITDA": 194264000.0,
        "EBIT": 107089000.0,
        "Net Interest Income": -38477000.0,
        "Interest Expense": 38105000.0,
        "Interest Income": NaN,
        "Normalized Income": 72400708.541111,
        "Net Income From Continuing And Discontinued Operation": 49111000.0,
        "Total Expenses": 922840000.0,
        "Total Operating Income As Reported": 118013000.0,
        "Diluted Average Shares": 153064000.0,
        "Basic Average Shares": 152700000.0,
        "Diluted EPS": 0.32,
        "Basic EPS": 0.32,
        "Diluted NI Availto Com Stockholders": 49111000.0,
        "Net Income Common Stockholders": 49111000.0,
        "Net Income": 49111000.0,
        "Net Income Including Noncontrolling Interests": 49111000.0,
        "Net Income Continuous Operations": 49111000.0,
        "Tax Provision": 19873000.0,
        "Pretax Income": 68984000.0,
        "Other Income Expense": -31811000.0,
        "Other Non Operating Income Expenses": 903000.0,
        "Special Income Charges": -21259000.0,
        "Gain On Sale Of Business": 0.0,
        "Restructuring And Mergern Acquisition": 21259000.0,
        "Gain On Sale Of Security": -11455000.0,
        "Net Non Operating Interest Income Expense": -38477000.0,
        "Total Other Finance Cost": 372000.0,
        "Interest Expense Non Operating": 38105000.0,
        "Interest Income Non Operating": NaN,
        "Operating Income": 139272000.0,
        "Operating Expense": 190732000.0,
        "Depreciation Amortization Depletion Income Statement": 54563000.0,
        "Depreciation And Amortization In Income Statement": 54563000.0,
        "Amortization": 54563000.0,
        "Amortization Of Intangibles Income Statement": 54563000.0,
        "Research And Development": 44857000.0,
        "Selling General And Administration": 91312000.0,
        "Gross Profit": 330004000.0,
        "Cost Of Revenue": 732108000.0,
        "Total Revenue": 1062112000.0,
        "Operating Revenue": 1062112000.0
    },
    "2023-03-31": {
        "Tax Effect Of Unusual Items": -1114751.277884,
        "Tax Rate For Calcs": 0.215411,
        "Normalized EBITDA": 235831000.0,
        "Total Unusual Items": -5175000.0,
        "Total Unusual Items Excluding Goodwill": -5175000.0,
        "Net Income From Continuing Operation Net Minority Interest": 86417000.0,
        "Reconciled Depreciation": 71722000.0,
        "Reconciled Cost Of Revenue": 639523000.0,
        "EBITDA": 230656000.0,
        "EBIT": 158934000.0,
        "Net Interest Income": -40576000.0,
        "Interest Expense": 48791000.0,
        "Interest Income": 8700000.0,
        "Normalized Income": 90477248.722116,
        "Net Income From Continuing And Discontinued Operation": 86417000.0,
        "Total Expenses": 843334000.0,
        "Total Operating Income As Reported": 148842000.0,
        "Diluted Average Shares": 153324000.0,
        "Basic Average Shares": 152518000.0,
        "Diluted EPS": 0.56,
        "Basic EPS": 0.57,
        "Diluted NI Availto Com Stockholders": 86417000.0,
        "Net Income Common Stockholders": 86417000.0,
        "Net Income": 86417000.0,
        "Net Income Including Noncontrolling Interests": 86417000.0,
        "Net Income Continuous Operations": 86417000.0,
        "Tax Provision": 23726000.0,
        "Pretax Income": 110143000.0,
        "Other Income Expense": -4122000.0,
        "Other Non Operating Income Expenses": 1053000.0,
        "Special Income Charges": -5999000.0,
        "Gain On Sale Of Business": 5877000.0,
        "Restructuring And Mergern Acquisition": 11876000.0,
        "Gain On Sale Of Security": 824000.0,
        "Net Non Operating Interest Income Expense": -40576000.0,
        "Total Other Finance Cost": 485000.0,
        "Interest Expense Non Operating": 48791000.0,
        "Interest Income Non Operating": 8700000.0,
        "Operating Income": 154841000.0,
        "Operating Expense": 172863000.0,
        "Depreciation Amortization Depletion Income Statement": 40774000.0,
        "Depreciation And Amortization In Income Statement": 40774000.0,
        "Amortization": 40774000.0,
        "Amortization Of Intangibles Income Statement": 40774000.0,
        "Research And Development": 45939000.0,
        "Selling General And Administration": 86150000.0,
        "Gross Profit": 327704000.0,
        "Cost Of Revenue": 670471000.0,
        "Total Revenue": 998175000.0,
        "Operating Revenue": 998175000.0
    },
    "2022-12-31": {
        "Tax Effect Of Unusual Items": 145325.928175,
        "Tax Rate For Calcs": 0.095798,
        "Normalized EBITDA": 239221000.0,
        "Total Unusual Items": 1517000.0,
        "Total Unusual Items Excluding Goodwill": 1517000.0,
        "Net Income From Continuing Operation Net Minority Interest": 113150000.0,
        "Reconciled Depreciation": 71924000.0,
        "Reconciled Cost Of Revenue": 641208000.0,
        "EBITDA": 240738000.0,
        "EBIT": 168814000.0,
        "Net Interest Income": -43676000.0,
        "Interest Expense": 43676000.0,
        "Normalized Income": 111778325.928175,
        "Net Income From Continuing And Discontinued Operation": 113150000.0,
        "Total Expenses": 848200000.0,
        "Total Operating Income As Reported": 152365000.0,
        "Diluted Average Shares": 153140000.0,
        "Basic Average Shares": 152639000.0,
        "Diluted EPS": 0.74,
        "Basic EPS": 0.74,
        "Diluted NI Availto Com Stockholders": 113150000.0,
        "Net Income Common Stockholders": 113150000.0,
        "Net Income": 113150000.0,
        "Net Income Including Noncontrolling Interests": 113150000.0,
        "Net Income Continuous Operations": 113150000.0,
        "Tax Provision": 11988000.0,
        "Pretax Income": 125138000.0,
        "Other Income Expense": 2338000.0,
        "Other Non Operating Income Expenses": 821000.0,
        "Special Income Charges": -14111000.0,
        "Gain On Sale Of Business": 0.0,
        "Other Special Charges": -9575000.0,
        "Restructuring And Mergern Acquisition": 18658000.0,
        "Gain On Sale Of Security": 15628000.0,
        "Net Non Operating Interest Income Expense": -43676000.0,
        "Total Other Finance Cost": 0.0,
        "Interest Expense Non Operating": 43676000.0,
        "Operating Income": 166476000.0,
        "Operating Expense": 174370000.0,
        "Depreciation Amortization Depletion Income Statement": 39302000.0,
        "Depreciation And Amortization In Income Statement": 39302000.0,
        "Amortization": 39302000.0,
        "Amortization Of Intangibles Income Statement": 39302000.0,
        "Research And Development": 47446000.0,
        "Selling General And Administration": 87622000.0,
        "Gross Profit": 340846000.0,
        "Cost Of Revenue": 673830000.0,
        "Total Revenue": 1014676000.0,
        "Operating Revenue": 1014676000.0
    },
    "2022-09-30": {
        "Tax Effect Of Unusual Items": 26717800.341772,
        "Tax Rate For Calcs": 0.248674,
        "Normalized EBITDA": 196082000.0,
        "Total Unusual Items": 107441000.0,
        "Total Unusual Items Excluding Goodwill": 107441000.0,
        "Net Income From Continuing Operation Net Minority Interest": 140253000.0,
        "Reconciled Depreciation": 71993000.0,
        "Reconciled Cost Of Revenue": 662855000.0,
        "EBITDA": 303523000.0,
        "EBIT": 231530000.0,
        "Net Interest Income": -44856000.0,
        "Interest Expense": 44856000.0,
        "Normalized Income": 59529800.341772,
        "Net Income From Continuing And Discontinued Operation": 140253000.0,
        "Total Expenses": 872808000.0,
        "Total Operating Income As Reported": 252901000.0,
        "Diluted Average Shares": 154943000.0,
        "Basic Average Shares": 154474000.0,
        "Diluted EPS": 0.91,
        "Basic EPS": 0.91,
        "Diluted NI Availto Com Stockholders": 140253000.0,
        "Net Income Common Stockholders": 140253000.0,
        "Net Income": 140253000.0,
        "Net Income Including Noncontrolling Interests": 140253000.0,
        "Net Income Continuous Operations": 140253000.0,
        "Tax Provision": 46421000.0,
        "Pretax Income": 186674000.0,
        "Other Income Expense": 86070000.0,
        "Other Non Operating Income Expenses": -21371000.0,
        "Special Income Charges": 107441000.0,
        "Gain On Sale Of Business": 135112000.0,
        "Other Special Charges": 11882000.0,
        "Restructuring And Mergern Acquisition": -107441000.0,
        "Gain On Sale Of Security": -16213000.0,
        "Net Non Operating Interest Income Expense": -44856000.0,
        "Total Other Finance Cost": 5468000.0,
        "Interest Expense Non Operating": 44856000.0,
        "Operating Income": 145460000.0,
        "Operating Expense": 178273000.0,
        "Depreciation Amortization Depletion Income Statement": 40313000.0,
        "Depreciation And Amortization In Income Statement": 40313000.0,
        "Amortization": 40313000.0,
        "Amortization Of Intangibles Income Statement": 40313000.0,
        "Research And Development": 47947000.0,
        "Selling General And Administration": 90013000.0,
        "Gross Profit": 323733000.0,
        "Cost Of Revenue": 694535000.0,
        "Total Revenue": 1018268000.0,
        "Operating Revenue": 1018268000.0
    },
    "2022-06-30": {
        "Tax Effect Of Unusual Items": -4706402.362334,
        "Tax Rate For Calcs": 0.364922,
        "Normalized EBITDA": 149405000.0,
        "Total Unusual Items": -12897000.0,
        "Total Unusual Items Excluding Goodwill": -12897000.0,
        "Net Income From Continuing Operation Net Minority Interest": 34841000.0,
        "Reconciled Depreciation": 36805000.0,
        "Reconciled Cost Of Revenue": 686603000.0,
        "EBITDA": 136508000.0,
        "EBIT": 99703000.0,
        "Net Interest Income": -44842000.0,
        "Interest Expense": 44842000.0,
        "Normalized Income": 43031597.637666,
        "Net Income From Continuing And Discontinued Operation": 34841000.0,
        "Total Expenses": 868708000.0,
        "Total Operating Income As Reported": 138943000.0,
        "Diluted Average Shares": 156994000.0,
        "Basic Average Shares": 156477000.0,
        "Diluted EPS": 0.22,
        "Basic EPS": 0.22,
        "Diluted NI Availto Com Stockholders": 34841000.0,
        "Net Income Common Stockholders": 34841000.0,
        "Net Income": 34841000.0,
        "Net Income Including Noncontrolling Interests": 34841000.0,
        "Net Income Continuous Operations": 34841000.0,
        "Tax Provision": 20020000.0,
        "Pretax Income": 54861000.0,
        "Other Income Expense": -52137000.0,
        "Other Non Operating Income Expenses": -39240000.0,
        "Special Income Charges": -12897000.0,
        "Gain On Sale Of Business": NaN,
        "Other Special Charges": NaN,
        "Restructuring And Mergern Acquisition": 12897000.0,
        "Gain On Sale Of Security": -41000000.0,
        "Net Non Operating Interest Income Expense": -44842000.0,
        "Total Other Finance Cost": NaN,
        "Interest Expense Non Operating": 44842000.0,
        "Operating Income": 151840000.0,
        "Operating Expense": 182105000.0,
        "Depreciation Amortization Depletion Income Statement": 36805000.0,
        "Depreciation And Amortization In Income Statement": 36805000.0,
        "Amortization": 36805000.0,
        "Amortization Of Intangibles Income Statement": 36805000.0,
        "Research And Development": 47971000.0,
        "Selling General And Administration": 97329000.0,
        "Gross Profit": 333945000.0,
        "Cost Of Revenue": 686603000.0,
        "Total Revenue": 1020548000.0,
        "Operating Revenue": 1020548000.0
    },
    "2023-09-30": {
        "Tax Effect Of Unusual Items": -7231457.734694,
        "Tax Rate For Calcs": 0.221498,
        "Normalized EBITDA": 223512000.0,
        "Total Unusual Items": -32648000.0,
        "Total Unusual Items Excluding Goodwill": -32648000.0,
        "Net Income From Continuing Operation Net Minority Interest": 62801000.0,
        "Reconciled Depreciation": 73287000.0,
        "Reconciled Cost Of Revenue": 654642000.0,
        "EBITDA": 190864000.0,
        "EBIT": 117577000.0,
        "Net Interest Income": -36908000.0,
        "Interest Expense": 36908000.0,
        "Interest Income": NaN,
        "Normalized Income": 88217542.265306,
        "Net Income From Continuing And Discontinued Operation": 62801000.0,
        "Total Expenses": 859038000.0,
        "Total Operating Income As Reported": 116260000.0,
        "Diluted Average Shares": 152379000.0,
        "Basic Average Shares": 152046000.0,
        "Diluted EPS": 0.41,
        "Basic EPS": 0.41,
        "Diluted NI Availto Com Stockholders": 62801000.0,
        "Net Income Common Stockholders": 62801000.0,
        "Net Income": 62801000.0,
        "Net Income Including Noncontrolling Interests": 62801000.0,
        "Net Income Continuous Operations": 62801000.0,
        "Tax Provision": 17868000.0,
        "Pretax Income": 80669000.0,
        "Other Income Expense": -24687000.0,
        "Other Non Operating Income Expenses": 7961000.0,
        "Special Income Charges": -26004000.0,
        "Gain On Sale Of Business": 0.0,
        "Restructuring And Mergern Acquisition": 26004000.0,
        "Gain On Sale Of Security": -6644000.0,
        "Net Non Operating Interest Income Expense": -36908000.0,
        "Total Other Finance Cost": NaN,
        "Interest Expense Non Operating": 36908000.0,
        "Interest Income Non Operating": NaN,
        "Operating Income": 142264000.0,
        "Operating Expense": 171079000.0,
        "Depreciation Amortization Depletion Income Statement": 39970000.0,
        "Depreciation And Amortization In Income Statement": 39970000.0,
        "Amortization": 39970000.0,
        "Amortization Of Intangibles Income Statement": 39970000.0,
        "Research And Development": 45448000.0,
        "Selling General And Administration": 85661000.0,
        "Gross Profit": 313343000.0,
        "Cost Of Revenue": 687959000.0,
        "Total Revenue": 1001302000.0,
        "Operating Revenue": 1001302000.0
    },
    "2023-12-31": {
        "Tax Effect Of Unusual Items": -53356115.278111,
        "Tax Rate For Calcs": 0.164147,
        "Normalized EBITDA": 224958000.0,
        "Total Unusual Items": -325051000.0,
        "Total Unusual Items Excluding Goodwill": -325051000.0,
        "Net Income From Continuing Operation Net Minority Interest": -202238000.0,
        "Reconciled Depreciation": 74781000.0,
        "Reconciled Cost Of Revenue": 666059000.0,
        "EBITDA": -100093000.0,
        "EBIT": -174874000.0,
        "Net Interest Income": -40312000.0,
        "Interest Expense": 67080000.0,
        "Interest Income": NaN,
        "Normalized Income": 69456884.721889,
        "Net Income From Continuing And Discontinued Operation": -202238000.0,
        "Total Expenses": 870995000.0,
        "Total Operating Income As Reported": -201439000.0,
        "Diluted Average Shares": 151090000.0,
        "Basic Average Shares": 151090000.0,
        "Diluted EPS": -1.34,
        "Basic EPS": -1.34,
        "Diluted NI Availto Com Stockholders": -202238000.0,
        "Net Income Common Stockholders": -202238000.0,
        "Net Income": -202238000.0,
        "Net Income Including Noncontrolling Interests": -202238000.0,
        "Net Income Continuous Operations": -202238000.0,
        "Tax Provision": -39716000.0,
        "Pretax Income": -241954000.0,
        "Other Income Expense": -323141000.0,
        "Other Non Operating Income Expenses": 1910000.0,
        "Special Income Charges": -322938000.0,
        "Gain On Sale Of Business": 0.0,
        "Restructuring And Mergern Acquisition": 1238000.0,
        "Gain On Sale Of Security": -2113000.0,
        "Net Non Operating Interest Income Expense": -40312000.0,
        "Total Other Finance Cost": 4556000.0,
        "Interest Expense Non Operating": 67080000.0,
        "Interest Income Non Operating": NaN,
        "Operating Income": 121499000.0,
        "Operating Expense": 168708000.0,
        "Depreciation Amortization Depletion Income Statement": 38553000.0,
        "Depreciation And Amortization In Income Statement": 38553000.0,
        "Amortization": 38553000.0,
        "Amortization Of Intangibles Income Statement": 38553000.0,
        "Research And Development": 42623000.0,
        "Selling General And Administration": 87532000.0,
        "Gross Profit": 290207000.0,
        "Cost Of Revenue": 702287000.0,
        "Total Revenue": 992494000.0,
        "Operating Revenue": 992494000.0
    },
    "2024-03-31": {
        "Tax Effect Of Unusual Items": -2577472.893063,
        "Tax Rate For Calcs": 0.228926,
        "Normalized EBITDA": 220283000.0,
        "Total Unusual Items": -11259000.0,
        "Total Unusual Items Excluding Goodwill": -11259000.0,
        "Net Income From Continuing Operation Net Minority Interest": 76021000.0,
        "Reconciled Depreciation": 72038000.0,
        "Reconciled Cost Of Revenue": 655737000.0,
        "EBITDA": 209024000.0,
        "EBIT": 136986000.0,
        "Net Interest Income": -34657000.0,
        "Interest Expense": 38395000.0,
        "Interest Income": 3738000.0,
        "Normalized Income": 84702527.106937,
        "Net Income From Continuing And Discontinued Operation": 76021000.0,
        "Total Expenses": 861135000.0,
        "Total Operating Income As Reported": 144792000.0,
        "Diluted Average Shares": 150921000.0,
        "Basic Average Shares": 150480000.0,
        "Diluted EPS": 0.5,
        "Basic EPS": 0.51,
        "Diluted NI Availto Com Stockholders": 76021000.0,
        "Net Income Common Stockholders": 76021000.0,
        "Net Income": 76021000.0,
        "Net Income Including Noncontrolling Interests": 76021000.0,
        "Net Income Continuous Operations": 76021000.0,
        "Tax Provision": 22570000.0,
        "Pretax Income": 98591000.0,
        "Other Income Expense": -12326000.0,
        "Other Non Operating Income Expenses": -1067000.0,
        "Special Income Charges": -782000.0,
        "Gain On Sale Of Business": 0.0,
        "Restructuring And Mergern Acquisition": 782000.0,
        "Gain On Sale Of Security": -10477000.0,
        "Net Non Operating Interest Income Expense": -34657000.0,
        "Total Other Finance Cost": NaN,
        "Interest Expense Non Operating": 38395000.0,
        "Interest Income Non Operating": 3738000.0,
        "Operating Income": 145574000.0,
        "Operating Expense": 171875000.0,
        "Depreciation Amortization Depletion Income Statement": 38515000.0,
        "Depreciation And Amortization In Income Statement": 38515000.0,
        "Amortization": 38515000.0,
        "Amortization Of Intangibles Income Statement": 38515000.0,
        "Research And Development": 45314000.0,
        "Selling General And Administration": 88046000.0,
        "Gross Profit": 317449000.0,
        "Cost Of Revenue": 689260000.0,
        "Total Revenue": 1006709000.0,
        "Operating Revenue": 1006709000.0
    }
}