{
    "2023-06-30": {
        "Tax Effect Of Unusual Items": 0.0,
        "Tax Rate For Calcs": 0.24,
        "Normalized EBITDA": 1206053000.0,
        "Net Income From Continuing Operation Net Minority Interest": 812107000.0,
        "Reconciled Depreciation": 110970000.0,
        "Reconciled Cost Of Revenue": 3674726000.0,
        "EBITDA": 1206053000.0,
        "EBIT": 1095083000.0,
        "Net Interest Income": -20767000.0,
        "Interest Expense": 20767000.0,
        "Normalized Income": 812107000.0,
        "Net Income From Continuing And Discontinued Operation": 812107000.0,
        "Total Expenses": 3926905000.0,
        "Total Operating Income As Reported": 1063735000.0,
        "Diluted Average Shares": 168865000.0,
        "Basic Average Shares": 168009000.0,
        "Diluted EPS": 4.81,
        "Basic EPS": 4.83,
        "Diluted NI Availto Com Stockholders": 812107000.0,
        "Average Dilution Earnings": 0.0,
        "Net Income Common Stockholders": 812107000.0,
        "Net Income": 812107000.0,
        "Minority Interests": -4070000.0,
        "Net Income Including Noncontrolling Interests": 816177000.0,
        "Net Income Continuous Operations": 816177000.0,
        "Tax Provision": 258139000.0,
        "Pretax Income": 1074316000.0,
        "Other Income Expense": -59642000.0,
        "Other Non Operating Income Expenses": 31348000.0,
        "Earnings From Equity Interest": -90990000.0,
        "Net Non Operating Interest Income Expense": -20767000.0,
        "Interest Expense Non Operating": 20767000.0,
        "Operating Income": 1154725000.0,
        "Operating Expense": 152133000.0,
        "Depreciation Amortization Depletion Income Statement": 10924000.0,
        "Depreciation And Amortization In Income Statement": 10924000.0,
        "Amortization": 10924000.0,
        "Amortization Of Intangibles Income Statement": 10924000.0,
        "Selling General And Administration": 141209000.0,
        "General And Administrative Expense": 141209000.0,
        "Other Gand A": 141209000.0,
        "Salaries And Wages": 90990000.0,
        "Gross Profit": 1306858000.0,
        "Cost Of Revenue": 3774772000.0,
        "Total Revenue": 5081630000.0,
        "Operating Revenue": 5081630000.0
    },
    "2023-03-31": {
        "Tax Effect Of Unusual Items": 0.0,
        "Tax Rate For Calcs": 0.24,
        "Normalized EBITDA": 977990000.0,
        "Net Income From Continuing Operation Net Minority Interest": 637310000.0,
        "Reconciled Depreciation": 107694000.0,
        "Reconciled Cost Of Revenue": 3736268000.0,
        "EBITDA": 977990000.0,
        "EBIT": 870296000.0,
        "Net Interest Income": -22507000.0,
        "Interest Expense": 22507000.0,
        "Normalized Income": 637310000.0,
        "Net Income From Continuing And Discontinued Operation": 637310000.0,
        "Total Expenses": 3988271000.0,
        "Total Operating Income As Reported": 835360000.0,
        "Diluted Average Shares": 172479000.0,
        "Basic Average Shares": 171597000.0,
        "Diluted EPS": 3.7,
        "Basic EPS": 3.71,
        "Diluted NI Availto Com Stockholders": 637310000.0,
        "Average Dilution Earnings": NaN,
        "Net Income Common Stockholders": 637310000.0,
        "Net Income": 637310000.0,
        "Minority Interests": -7023000.0,
        "Net Income Including Noncontrolling Interests": 644333000.0,
        "Net Income Continuous Operations": 644333000.0,
        "Tax Provision": 203456000.0,
        "Pretax Income": 847789000.0,
        "Other Income Expense": -34639000.0,
        "Other Non Operating Income Expenses": 34936000.0,
        "Earnings From Equity Interest": -69575000.0,
        "Net Non Operating Interest Income Expense": -22507000.0,
        "Interest Expense Non Operating": 22507000.0,
        "Operating Income": 904935000.0,
        "Operating Expense": 151187000.0,
        "Depreciation Amortization Depletion Income Statement": 6878000.0,
        "Depreciation And Amortization In Income Statement": 6878000.0,
        "Amortization": 6878000.0,
        "Amortization Of Intangibles Income Statement": 6878000.0,
        "Selling General And Administration": 144309000.0,
        "General And Administrative Expense": 144309000.0,
        "Other Gand A": 144309000.0,
        "Salaries And Wages": 69575000.0,
        "Gross Profit": 1056122000.0,
        "Cost Of Revenue": 3837084000.0,
        "Total Revenue": 4893206000.0,
        "Operating Revenue": 4893206000.0
    },
    "2022-12-31": {
        "Tax Effect Of Unusual Items": 0.0,
        "Tax Rate For Calcs": 0.157478,
        "Normalized EBITDA": 884546000.0,
        "Net Income From Continuing Operation Net Minority Interest": 634864000.0,
        "Reconciled Depreciation": 102241000.0,
        "Reconciled Cost Of Revenue": 3743178000.0,
        "EBITDA": 884546000.0,
        "EBIT": 782305000.0,
        "Net Interest Income": -23855000.0,
        "Interest Expense": 23855000.0,
        "Normalized Income": 634864000.0,
        "Net Income From Continuing And Discontinued Operation": 634864000.0,
        "Total Expenses": 3988021000.0,
        "Total Operating Income As Reported": 759048000.0,
        "Diluted Average Shares": 175892000.0,
        "Basic Average Shares": 174706000.0,
        "Diluted EPS": 3.61,
        "Basic EPS": 3.63,
        "Diluted NI Availto Com Stockholders": 634864000.0,
        "Average Dilution Earnings": NaN,
        "Net Income Common Stockholders": 634864000.0,
        "Net Income": 634864000.0,
        "Minority Interests": -4147000.0,
        "Net Income Including Noncontrolling Interests": 639011000.0,
        "Net Income Continuous Operations": 639011000.0,
        "Tax Provision": 119439000.0,
        "Pretax Income": 758450000.0,
        "Other Income Expense": -55961000.0,
        "Other Non Operating Income Expenses": 23257000.0,
        "Earnings From Equity Interest": -79218000.0,
        "Net Non Operating Interest Income Expense": -23855000.0,
        "Interest Expense Non Operating": 23855000.0,
        "Operating Income": 838266000.0,
        "Operating Expense": 149281000.0,
        "Depreciation Amortization Depletion Income Statement": 6679000.0,
        "Depreciation And Amortization In Income Statement": 6679000.0,
        "Amortization": 6679000.0,
        "Amortization Of Intangibles Income Statement": 6679000.0,
        "Selling General And Administration": 142602000.0,
        "General And Administrative Expense": 142602000.0,
        "Other Gand A": 142602000.0,
        "Salaries And Wages": 79218000.0,
        "Gross Profit": 987547000.0,
        "Cost Of Revenue": 3838740000.0,
        "Total Revenue": 4826287000.0,
        "Operating Revenue": 4826287000.0
    },
    "2022-09-30": {
        "Tax Effect Of Unusual Items": 0.0,
        "Tax Rate For Calcs": 0.23997,
        "Normalized EBITDA": 1332533000.0,
        "Net Income From Continuing Operation Net Minority Interest": 914325000.0,
        "Reconciled Depreciation": 98714000.0,
        "Reconciled Cost Of Revenue": 4095400000.0,
        "EBITDA": 1332533000.0,
        "EBIT": 1233819000.0,
        "Net Interest Income": -25347000.0,
        "Interest Expense": 25347000.0,
        "Normalized Income": 914325000.0,
        "Net Income From Continuing And Discontinued Operation": 914325000.0,
        "Total Expenses": 4326741000.0,
        "Total Operating Income As Reported": 1219844000.0,
        "Diluted Average Shares": 181613000.0,
        "Basic Average Shares": 180264000.0,
        "Diluted EPS": 5.03,
        "Basic EPS": 5.07,
        "Diluted NI Availto Com Stockholders": 914325000.0,
        "Average Dilution Earnings": 0.0,
        "Net Income Common Stockholders": 914325000.0,
        "Net Income": 914325000.0,
        "Minority Interests": -4150000.0,
        "Net Income Including Noncontrolling Interests": 918475000.0,
        "Net Income Continuous Operations": 918475000.0,
        "Tax Provision": 289997000.0,
        "Pretax Income": 1208472000.0,
        "Other Income Expense": -91147000.0,
        "Other Non Operating Income Expenses": 13975000.0,
        "Earnings From Equity Interest": -105122000.0,
        "Net Non Operating Interest Income Expense": -25347000.0,
        "Interest Expense Non Operating": 25347000.0,
        "Operating Income": 1324966000.0,
        "Operating Expense": 139463000.0,
        "Depreciation Amortization Depletion Income Statement": 6836000.0,
        "Depreciation And Amortization In Income Statement": 6836000.0,
        "Amortization": 6836000.0,
        "Amortization Of Intangibles Income Statement": 6836000.0,
        "Selling General And Administration": 132627000.0,
        "General And Administrative Expense": 132627000.0,
        "Other Gand A": 132627000.0,
        "Salaries And Wages": 105122000.0,
        "Gross Profit": 1464429000.0,
        "Cost Of Revenue": 4187278000.0,
        "Total Revenue": 5651707000.0,
        "Operating Revenue": 5333164000.0
    },
    "2022-06-30": {
        "Tax Effect Of Unusual Items": 0.0,
        "Tax Rate For Calcs": 0.239139,
        "Normalized EBITDA": 1717785000.0,
        "Net Income From Continuing Operation Net Minority Interest": 1209554000.0,
        "Reconciled Depreciation": 95701000.0,
        "Reconciled Cost Of Revenue": 4240995000.0,
        "EBITDA": 1717785000.0,
        "EBIT": 1622084000.0,
        "Net Interest Income": -25667000.0,
        "Interest Expense": 25667000.0,
        "Normalized Income": 1209554000.0,
        "Net Income From Continuing And Discontinued Operation": 1209554000.0,
        "Total Expenses": 4594815000.0,
        "Total Operating Income As Reported": 1618063000.0,
        "Diluted Average Shares": 187740000.0,
        "Basic Average Shares": 186442000.0,
        "Diluted EPS": 6.44,
        "Basic EPS": 6.49,
        "Diluted NI Availto Com Stockholders": 1209554000.0,
        "Average Dilution Earnings": 0.0,
        "Net Income Common Stockholders": 1209554000.0,
        "Net Income": 1209554000.0,
        "Minority Interests": -5098000.0,
        "Net Income Including Noncontrolling Interests": 1214652000.0,
        "Net Income Continuous Operations": 1214652000.0,
        "Tax Provision": 381765000.0,
        "Pretax Income": 1596417000.0,
        "Other Income Expense": 4021000.0,
        "Other Non Operating Income Expenses": 4021000.0,
        "Net Non Operating Interest Income Expense": -25667000.0,
        "Interest Expense Non Operating": 25667000.0,
        "Operating Income": 1618063000.0,
        "Operating Expense": 265279000.0,
        "Depreciation Amortization Depletion Income Statement": 7160000.0,
        "Depreciation And Amortization In Income Statement": 7160000.0,
        "Amortization": 7160000.0,
        "Amortization Of Intangibles Income Statement": 7160000.0,
        "Selling General And Administration": 258119000.0,
        "General And Administrative Expense": 258119000.0,
        "Other Gand A": 118377000.0,
        "Salaries And Wages": 139742000.0,
        "Gross Profit": 1883342000.0,
        "Cost Of Revenue": 4329536000.0,
        "Total Revenue": 6212878000.0,
        "Operating Revenue": 5877510000.0
    },
    "2022-03-31": {
        "Diluted EPS": 5.71,
        "Total Revenue": NaN,
        "Gross Profit": NaN,
        "Operating Income": NaN,
        "EBIT": NaN,
        "Net Income": NaN
    },
    "2021-12-31": {
        "Diluted EPS": 5.36,
        "Total Revenue": NaN,
        "Gross Profit": NaN,
        "Operating Income": NaN,
        "EBIT": NaN,
        "Net Income": NaN
    },
    "2021-09-30": {
        "Diluted EPS": 4.85,
        "Total Revenue": NaN,
        "Gross Profit": NaN,
        "Operating Income": NaN,
        "EBIT": NaN,
        "Net Income": 991
    },
    "2021-06-30": {
        "Diluted EPS": 3.32,
        "Total Revenue": NaN,
        "Gross Profit": NaN,
        "Operating Income": 956,
        "EBIT": NaN,
        "Net Income": 702
    },
    "2021-03-31": {
        "Diluted EPS": 2.03,
        "Total Revenue": NaN,
        "Gross Profit": 800,
        "Operating Income": 594,
        "EBIT": 681,
        "Net Income": 431
    },
    "2020-12-31": {
        "Diluted EPS": 0.88,
        "Total Revenue": NaN,
        "Gross Profit": 442,
        "Operating Income": 259,
        "EBIT": 344,
        "Net Income": 188
    },
    "2020-09-30": {
        "Diluted EPS": 0.47,
        "Total Revenue": NaN,
        "Gross Profit": 293,
        "Operating Income": 156,
        "EBIT": 238,
        "Net Income": 100
    },
    "2020-06-30": {
        "Diluted EPS": 0.36,
        "Total Revenue": NaN,
        "Gross Profit": 284,
        "Operating Income": 159,
        "EBIT": 238,
        "Net Income": 75
    },
    "2020-03-31": {
        "Diluted EPS": 0.88,
        "Total Revenue": NaN,
        "Gross Profit": 415,
        "Operating Income": 274,
        "EBIT": 354,
        "Net Income": 187
    },
    "2019-12-31": {
        "Diluted EPS": 0.57,
        "Total Revenue": NaN,
        "Gross Profit": 316,
        "Operating Income": 182,
        "EBIT": 262,
        "Net Income": 121
    },
    "2019-09-30": {
        "Diluted EPS": 0.69,
        "Total Revenue": NaN,
        "Gross Profit": 360,
        "Operating Income": 228,
        "EBIT": 308,
        "Net Income": 151
    },
    "2019-06-30": {
        "Diluted EPS": 0.87,
        "Total Revenue": NaN,
        "Gross Profit": 421,
        "Operating Income": 285,
        "EBIT": 366,
        "Net Income": 194
    },
    "2019-03-31": {
        "Diluted EPS": 0.91,
        "Total Revenue": NaN,
        "Gross Profit": 434,
        "Operating Income": 292,
        "EBIT": 372,
        "Net Income": 204
    },
    "2018-12-31": {
        "Diluted EPS": 1.17,
        "Total Revenue": NaN,
        "Gross Profit": 521,
        "Operating Income": 366,
        "EBIT": 446,
        "Net Income": 270
    },
    "2018-09-30": {
        "Diluted EPS": 1.69,
        "Total Revenue": NaN,
        "Gross Profit": 686,
        "Operating Income": 532,
        "EBIT": 613,
        "Net Income": 398
    },
    "2018-06-30": {
        "Diluted EPS": 1.53,
        "Total Revenue": NaN,
        "Gross Profit": 652,
        "Operating Income": 502,
        "EBIT": 581,
        "Net Income": 362
    },
    "2018-03-31": {
        "Diluted EPS": 0.96,
        "Total Revenue": NaN,
        "Gross Profit": 463,
        "Operating Income": 323,
        "EBIT": 400,
        "Net Income": 228
    },
    "2017-12-31": {
        "Diluted EPS": 1.26,
        "Total Revenue": NaN,
        "Gross Profit": 321,
        "Operating Income": 196,
        "EBIT": 271,
        "Net Income": 305
    },
    "2017-09-30": {
        "Diluted EPS": 0.64,
        "Total Revenue": NaN,
        "Gross Profit": 397,
        "Operating Income": 271,
        "EBIT": 346,
        "Net Income": 153
    },
    "2017-06-30": {
        "Diluted EPS": 0.64,
        "Total Revenue": NaN,
        "Gross Profit": 393,
        "Operating Income": 265,
        "EBIT": 339,
        "Net Income": 154
    },
    "2017-03-31": {
        "Diluted EPS": 0.82,
        "Total Revenue": NaN,
        "Gross Profit": 472,
        "Operating Income": 335,
        "EBIT": 410,
        "Net Income": 201
    },
    "2016-12-31": {
        "Diluted EPS": 0.08,
        "Total Revenue": NaN,
        "Gross Profit": 310,
        "Operating Income": 56,
        "EBIT": 129,
        "Net Income": 20
    },
    "2016-09-30": {
        "Diluted EPS": 0.64,
        "Total Revenue": NaN,
        "Gross Profit": 409,
        "Operating Income": 284,
        "EBIT": 358,
        "Net Income": 157
    },
    "2016-06-30": {
        "Diluted EPS": 0.58,
        "Total Revenue": NaN,
        "Gross Profit": 380,
        "Operating Income": 256,
        "EBIT": 331,
        "Net Income": 142
    },
    "2016-03-31": {
        "Diluted EPS": 0.26,
        "Total Revenue": NaN,
        "Gross Profit": 236,
        "Operating Income": 132,
        "EBIT": 206,
        "Net Income": 63
    },
    "2015-12-31": {
        "Diluted EPS": -1.05,
        "Total Revenue": NaN,
        "Gross Profit": 144,
        "Operating Income": -381,
        "EBIT": -308,
        "Net Income": -253
    },
    "2015-09-30": {
        "Diluted EPS": 0.25,
        "Total Revenue": NaN,
        "Gross Profit": 229,
        "Operating Income": 131,
        "EBIT": 205,
        "Net Income": 61
    },
    "2015-06-30": {
        "Diluted EPS": 0.13,
        "Total Revenue": NaN,
        "Gross Profit": 172,
        "Operating Income": 78,
        "EBIT": 152,
        "Net Income": 32
    },
    "2015-03-31": {
        "Diluted EPS": 0.13,
        "Total Revenue": NaN,
        "Gross Profit": 187,
        "Operating Income": 100,
        "EBIT": 173,
        "Net Income": 31
    },
    "2014-12-31": {
        "Diluted EPS": -0.19,
        "Total Revenue": NaN,
        "Gross Profit": 292,
        "Operating Income": -81,
        "EBIT": 0,
        "Net Income": -45
    },
    "2014-09-30": {
        "Diluted EPS": 0.38,
        "Total Revenue": NaN,
        "Gross Profit": 289,
        "Operating Income": 189,
        "EBIT": 255,
        "Net Income": 91
    },
    "2014-06-30": {
        "Diluted EPS": 0.31,
        "Total Revenue": NaN,
        "Gross Profit": 223,
        "Operating Income": 132,
        "EBIT": 190,
        "Net Income": 72
    },
    "2014-03-31": {
        "Diluted EPS": 0.17,
        "Total Revenue": NaN,
        "Gross Profit": 163,
        "Operating Income": 81,
        "EBIT": 139,
        "Net Income": 39
    },
    "2013-12-31": {
        "Diluted EPS": 0.24,
        "Total Revenue": NaN,
        "Gross Profit": 198,
        "Operating Income": 108,
        "EBIT": 167,
        "Net Income": 55
    },
    "2013-09-30": {
        "Diluted EPS": 0.25,
        "Total Revenue": NaN,
        "Gross Profit": 197,
        "Operating Income": 113,
        "EBIT": 171,
        "Net Income": 57
    },
    "2013-06-30": {
        "Diluted EPS": 0.13,
        "Total Revenue": NaN,
        "Gross Profit": 148,
        "Operating Income": 69,
        "EBIT": 126,
        "Net Income": 29
    },
    "2013-03-31": {
        "Diluted EPS": 0.21,
        "Total Revenue": NaN,
        "Gross Profit": 176,
        "Operating Income": 96,
        "EBIT": 153,
        "Net Income": 48
    },
    "2012-12-31": {
        "Diluted EPS": 0.27,
        "Total Revenue": NaN,
        "Gross Profit": 180,
        "Operating Income": 95,
        "EBIT": 150,
        "Net Income": 61
    },
    "2012-09-30": {
        "Diluted EPS": 0.06,
        "Total Revenue": NaN,
        "Gross Profit": 156,
        "Operating Income": 73,
        "EBIT": 132,
        "Net Income": 13
    },
    "2012-06-30": {
        "Diluted EPS": 0.2,
        "Total Revenue": NaN,
        "Gross Profit": 182,
        "Operating Income": 104,
        "EBIT": 159,
        "Net Income": 44
    },
    "2012-03-31": {
        "Diluted EPS": 0.2,
        "Total Revenue": NaN,
        "Gross Profit": 201,
        "Operating Income": 120,
        "EBIT": 175,
        "Net Income": 46
    },
    "2011-12-31": {
        "Diluted EPS": 0.14,
        "Total Revenue": NaN,
        "Gross Profit": 160,
        "Operating Income": 82,
        "EBIT": 138,
        "Net Income": 30
    },
    "2011-09-30": {
        "Diluted EPS": 0.19,
        "Total Revenue": NaN,
        "Gross Profit": 199,
        "Operating Income": 109,
        "EBIT": 165,
        "Net Income": 43
    },
    "2011-06-30": {
        "Diluted EPS": 0.43,
        "Total Revenue": NaN,
        "Gross Profit": 276,
        "Operating Income": 188,
        "EBIT": 244,
        "Net Income": 99
    },
    "2011-03-31": {
        "Diluted EPS": 0.46,
        "Total Revenue": NaN,
        "Gross Profit": 296,
        "Operating Income": 205,
        "EBIT": 260,
        "Net Income": 106
    },
    "2010-12-31": {
        "Diluted EPS": 0.04,
        "Total Revenue": NaN,
        "Gross Profit": 134,
        "Operating Income": 47,
        "EBIT": 103,
        "Net Income": 8
    },
    "2010-09-30": {
        "Diluted EPS": 0.09,
        "Total Revenue": NaN,
        "Gross Profit": 140,
        "Operating Income": 69,
        "EBIT": 126,
        "Net Income": 19
    },
    "2010-06-30": {
        "Diluted EPS": 0.22,
        "Total Revenue": NaN,
        "Gross Profit": 192,
        "Operating Income": 117,
        "EBIT": 172,
        "Net Income": 49
    },
    "2010-03-31": {
        "Diluted EPS": 0.29,
        "Total Revenue": NaN,
        "Gross Profit": 210,
        "Operating Income": 132,
        "EBIT": 189,
        "Net Income": 65
    },
    "2009-12-31": {
        "Diluted EPS": 0.22,
        "Total Revenue": NaN,
        "Gross Profit": 154,
        "Operating Income": 78,
        "EBIT": 133,
        "Net Income": 27
    },
    "2009-09-30": {
        "Diluted EPS": 0.3,
        "Total Revenue": NaN,
        "Gross Profit": 217,
        "Operating Income": 148,
        "EBIT": 200,
        "Net Income": 69
    },
    "2009-06-30": {
        "Diluted EPS": -0.08,
        "Total Revenue": 792,
        "Gross Profit": 69,
        "Operating Income": 6,
        "EBIT": 64,
        "Net Income": -16
    },
    "2009-03-31": {
        "Diluted EPS": -0.48,
        "Total Revenue": 815,
        "Gross Profit": -41,
        "Operating Income": -114,
        "EBIT": -57,
        "Net Income": -88
    },
    "2023-09-30": {
        "Tax Effect Of Unusual Items": 0.0,
        "Tax Rate For Calcs": 0.232,
        "Normalized EBITDA": 880432000.0,
        "Net Income From Continuing Operation Net Minority Interest": 577195000.0,
        "Reconciled Depreciation": 107418000.0,
        "Reconciled Cost Of Revenue": 3535780000.0,
        "EBITDA": 880432000.0,
        "EBIT": 773014000.0,
        "Net Interest Income": -18415000.0,
        "Interest Expense": 18415000.0,
        "Normalized Income": 577195000.0,
        "Net Income From Continuing And Discontinued Operation": 577195000.0,
        "Total Expenses": 3789094000.0,
        "Total Operating Income As Reported": 733550000.0,
        "Diluted Average Shares": 166105000.0,
        "Basic Average Shares": 165170000.0,
        "Diluted EPS": 3.47,
        "Basic EPS": 3.49,
        "Diluted NI Availto Com Stockholders": 577195000.0,
        "Average Dilution Earnings": NaN,
        "Net Income Common Stockholders": 577195000.0,
        "Net Income": 577195000.0,
        "Minority Interests": -2587000.0,
        "Net Income Including Noncontrolling Interests": 579782000.0,
        "Net Income Continuous Operations": 579782000.0,
        "Tax Provision": 174817000.0,
        "Pretax Income": 754599000.0,
        "Other Income Expense": -24949000.0,
        "Other Non Operating Income Expenses": 39464000.0,
        "Earnings From Equity Interest": -64413000.0,
        "Net Non Operating Interest Income Expense": -18415000.0,
        "Interest Expense Non Operating": 18415000.0,
        "Operating Income": 797963000.0,
        "Operating Expense": 154056000.0,
        "Depreciation Amortization Depletion Income Statement": 8160000.0,
        "Depreciation And Amortization In Income Statement": 8160000.0,
        "Amortization": 8160000.0,
        "Amortization Of Intangibles Income Statement": 8160000.0,
        "Selling General And Administration": 145896000.0,
        "General And Administrative Expense": 145896000.0,
        "Other Gand A": 145896000.0,
        "Salaries And Wages": NaN,
        "Gross Profit": 952019000.0,
        "Cost Of Revenue": 3635038000.0,
        "Total Revenue": 4587057000.0,
        "Operating Revenue": 4587057000.0
    },
    "2023-12-31": {
        "Tax Effect Of Unusual Items": 0.0,
        "Tax Rate For Calcs": 0.212451,
        "Normalized EBITDA": 668756000.0,
        "Net Income From Continuing Operation Net Minority Interest": 424270000.0,
        "Reconciled Depreciation": 111722000.0,
        "Reconciled Cost Of Revenue": 3398903000.0,
        "EBITDA": 668756000.0,
        "EBIT": 557034000.0,
        "Net Interest Income": -14795000.0,
        "Interest Expense": 14795000.0,
        "Normalized Income": 424270000.0,
        "Net Income From Continuing And Discontinued Operation": 424270000.0,
        "Total Expenses": 3667832000.0,
        "Total Operating Income As Reported": 518536000.0,
        "Diluted Average Shares": 162276000.0,
        "Basic Average Shares": 161434000.0,
        "Diluted EPS": 2.61,
        "Basic EPS": 2.63,
        "Diluted NI Availto Com Stockholders": 424270000.0,
        "Average Dilution Earnings": NaN,
        "Net Income Common Stockholders": 424270000.0,
        "Net Income": 424270000.0,
        "Minority Interests": -2770000.0,
        "Net Income Including Noncontrolling Interests": 427040000.0,
        "Net Income Continuous Operations": 427040000.0,
        "Tax Provision": 115199000.0,
        "Pretax Income": 542239000.0,
        "Other Income Expense": -8557000.0,
        "Other Non Operating Income Expenses": 38498000.0,
        "Earnings From Equity Interest": -47055000.0,
        "Net Non Operating Interest Income Expense": -14795000.0,
        "Interest Expense Non Operating": 14795000.0,
        "Operating Income": 565591000.0,
        "Operating Expense": 165293000.0,
        "Depreciation Amortization Depletion Income Statement": 8086000.0,
        "Depreciation And Amortization In Income Statement": 8086000.0,
        "Amortization": 8086000.0,
        "Amortization Of Intangibles Income Statement": 8086000.0,
        "Selling General And Administration": 157207000.0,
        "General And Administrative Expense": NaN,
        "Other Gand A": NaN,
        "Salaries And Wages": NaN,
        "Gross Profit": 730884000.0,
        "Cost Of Revenue": 3502539000.0,
        "Total Revenue": 4233423000.0,
        "Operating Revenue": 4233423000.0
    }
}