{
    "2023-06-30": {
        "Tax Effect Of Unusual Items": NaN,
        "Tax Rate For Calcs": NaN,
        "Normalized EBITDA": NaN,
        "Total Unusual Items": -29000000.0,
        "Total Unusual Items Excluding Goodwill": -29000000.0,
        "Net Income From Continuing Operation Net Minority Interest": NaN,
        "Reconciled Depreciation": NaN,
        "Reconciled Cost Of Revenue": NaN,
        "EBITDA": NaN,
        "EBIT": NaN,
        "Net Interest Income": NaN,
        "Interest Expense": 18000000.0,
        "Interest Income": NaN,
        "Normalized Income": NaN,
        "Net Income From Continuing And Discontinued Operation": NaN,
        "Total Expenses": NaN,
        "Total Operating Income As Reported": NaN,
        "Diluted Average Shares": NaN,
        "Basic Average Shares": NaN,
        "Diluted EPS": NaN,
        "Basic EPS": NaN,
        "Diluted NI Availto Com Stockholders": NaN,
        "Net Income Common Stockholders": NaN,
        "Net Income": NaN,
        "Minority Interests": NaN,
        "Net Income Including Noncontrolling Interests": NaN,
        "Net Income Continuous Operations": NaN,
        "Tax Provision": NaN,
        "Pretax Income": NaN,
        "Other Income Expense": NaN,
        "Other Non Operating Income Expenses": NaN,
        "Special Income Charges": -32000000.0,
        "Gain On Sale Of Ppe": 4000000.0,
        "Gain On Sale Of Business": NaN,
        "Other Special Charges": 2000000.0,
        "Restructuring And Mergern Acquisition": 34000000.0,
        "Gain On Sale Of Security": 3000000.0,
        "Net Non Operating Interest Income Expense": NaN,
        "Total Other Finance Cost": NaN,
        "Interest Expense Non Operating": 18000000.0,
        "Interest Income Non Operating": NaN,
        "Operating Income": NaN,
        "Operating Expense": NaN,
        "Other Operating Expenses": -27000000.0,
        "Research And Development": NaN,
        "Selling General And Administration": NaN,
        "General And Administrative Expense": 419000000.0,
        "Other Gand A": 414000000.0,
        "Salaries And Wages": 5000000.0,
        "Gross Profit": NaN,
        "Cost Of Revenue": NaN,
        "Total Revenue": NaN,
        "Operating Revenue": NaN
    },
    "2023-03-31": {
        "Tax Effect Of Unusual Items": NaN,
        "Tax Rate For Calcs": NaN,
        "Normalized EBITDA": NaN,
        "Total Unusual Items": NaN,
        "Total Unusual Items Excluding Goodwill": NaN,
        "Net Income From Continuing Operation Net Minority Interest": NaN,
        "Reconciled Depreciation": NaN,
        "Reconciled Cost Of Revenue": NaN,
        "EBITDA": NaN,
        "EBIT": NaN,
        "Net Interest Income": NaN,
        "Interest Expense": NaN,
        "Interest Income": NaN,
        "Normalized Income": NaN,
        "Net Income From Continuing And Discontinued Operation": NaN,
        "Total Expenses": NaN,
        "Total Operating Income As Reported": NaN,
        "Diluted Average Shares": NaN,
        "Basic Average Shares": NaN,
        "Diluted EPS": NaN,
        "Basic EPS": NaN,
        "Diluted NI Availto Com Stockholders": NaN,
        "Net Income Common Stockholders": NaN,
        "Net Income": NaN,
        "Minority Interests": NaN,
        "Net Income Including Noncontrolling Interests": NaN,
        "Net Income Continuous Operations": NaN,
        "Tax Provision": NaN,
        "Pretax Income": NaN,
        "Other Income Expense": NaN,
        "Other Non Operating Income Expenses": NaN,
        "Special Income Charges": NaN,
        "Gain On Sale Of Ppe": NaN,
        "Gain On Sale Of Business": 1000000.0,
        "Other Special Charges": NaN,
        "Restructuring And Mergern Acquisition": NaN,
        "Gain On Sale Of Security": NaN,
        "Net Non Operating Interest Income Expense": NaN,
        "Total Other Finance Cost": NaN,
        "Interest Expense Non Operating": NaN,
        "Interest Income Non Operating": NaN,
        "Operating Income": NaN,
        "Operating Expense": NaN,
        "Other Operating Expenses": 9000000.0,
        "Research And Development": NaN,
        "Selling General And Administration": NaN,
        "General And Administrative Expense": 400000000.0,
        "Other Gand A": 395000000.0,
        "Salaries And Wages": 5000000.0,
        "Gross Profit": NaN,
        "Cost Of Revenue": NaN,
        "Total Revenue": NaN,
        "Operating Revenue": NaN
    },
    "2022-12-31": {
        "Tax Effect Of Unusual Items": NaN,
        "Tax Rate For Calcs": NaN,
        "Normalized EBITDA": NaN,
        "Total Unusual Items": NaN,
        "Total Unusual Items Excluding Goodwill": NaN,
        "Net Income From Continuing Operation Net Minority Interest": NaN,
        "Reconciled Depreciation": NaN,
        "Reconciled Cost Of Revenue": NaN,
        "EBITDA": NaN,
        "EBIT": NaN,
        "Net Interest Income": NaN,
        "Interest Expense": NaN,
        "Interest Income": NaN,
        "Normalized Income": NaN,
        "Net Income From Continuing And Discontinued Operation": NaN,
        "Total Expenses": NaN,
        "Total Operating Income As Reported": NaN,
        "Diluted Average Shares": NaN,
        "Basic Average Shares": NaN,
        "Diluted EPS": NaN,
        "Basic EPS": NaN,
        "Diluted NI Availto Com Stockholders": NaN,
        "Net Income Common Stockholders": NaN,
        "Net Income": NaN,
        "Minority Interests": NaN,
        "Net Income Including Noncontrolling Interests": NaN,
        "Net Income Continuous Operations": NaN,
        "Tax Provision": NaN,
        "Pretax Income": NaN,
        "Other Income Expense": NaN,
        "Other Non Operating Income Expenses": NaN,
        "Special Income Charges": NaN,
        "Gain On Sale Of Ppe": NaN,
        "Gain On Sale Of Business": NaN,
        "Other Special Charges": NaN,
        "Write Off": 0.0,
        "Restructuring And Mergern Acquisition": NaN,
        "Gain On Sale Of Security": NaN,
        "Net Non Operating Interest Income Expense": NaN,
        "Total Other Finance Cost": NaN,
        "Interest Expense Non Operating": NaN,
        "Interest Income Non Operating": NaN,
        "Operating Income": NaN,
        "Operating Expense": NaN,
        "Other Operating Expenses": NaN,
        "Research And Development": NaN,
        "Selling General And Administration": NaN,
        "General And Administrative Expense": NaN,
        "Other Gand A": NaN,
        "Salaries And Wages": NaN,
        "Gross Profit": NaN,
        "Cost Of Revenue": NaN,
        "Total Revenue": NaN,
        "Operating Revenue": NaN
    },
    "2022-09-30": {
        "Tax Effect Of Unusual Items": NaN,
        "Tax Rate For Calcs": NaN,
        "Normalized EBITDA": NaN,
        "Total Unusual Items": NaN,
        "Total Unusual Items Excluding Goodwill": NaN,
        "Net Income From Continuing Operation Net Minority Interest": NaN,
        "Reconciled Depreciation": NaN,
        "Reconciled Cost Of Revenue": NaN,
        "EBITDA": NaN,
        "EBIT": NaN,
        "Net Interest Income": NaN,
        "Interest Expense": NaN,
        "Interest Income": NaN,
        "Normalized Income": NaN,
        "Net Income From Continuing And Discontinued Operation": NaN,
        "Total Expenses": NaN,
        "Total Operating Income As Reported": NaN,
        "Diluted Average Shares": NaN,
        "Basic Average Shares": NaN,
        "Diluted EPS": NaN,
        "Basic EPS": NaN,
        "Diluted NI Availto Com Stockholders": NaN,
        "Net Income Common Stockholders": NaN,
        "Net Income": NaN,
        "Minority Interests": NaN,
        "Net Income Including Noncontrolling Interests": NaN,
        "Net Income Continuous Operations": NaN,
        "Tax Provision": NaN,
        "Pretax Income": NaN,
        "Other Income Expense": NaN,
        "Other Non Operating Income Expenses": NaN,
        "Special Income Charges": NaN,
        "Gain On Sale Of Ppe": NaN,
        "Gain On Sale Of Business": 0.0,
        "Other Special Charges": NaN,
        "Write Off": 0.0,
        "Restructuring And Mergern Acquisition": NaN,
        "Gain On Sale Of Security": NaN,
        "Net Non Operating Interest Income Expense": NaN,
        "Total Other Finance Cost": -16000000.0,
        "Interest Expense Non Operating": NaN,
        "Interest Income Non Operating": NaN,
        "Operating Income": NaN,
        "Operating Expense": NaN,
        "Other Operating Expenses": -28000000.0,
        "Research And Development": NaN,
        "Selling General And Administration": NaN,
        "General And Administrative Expense": 352000000.0,
        "Other Gand A": 352000000.0,
        "Salaries And Wages": NaN,
        "Gross Profit": NaN,
        "Cost Of Revenue": NaN,
        "Total Revenue": NaN,
        "Operating Revenue": NaN
    },
    "2022-06-30": {
        "Tax Effect Of Unusual Items": 275793.650794,
        "Tax Rate For Calcs": 0.137897,
        "Normalized EBITDA": 1299000000.0,
        "Total Unusual Items": 2000000.0,
        "Total Unusual Items Excluding Goodwill": 2000000.0,
        "Net Income From Continuing Operation Net Minority Interest": 867000000.0,
        "Reconciled Depreciation": 290000000.0,
        "Reconciled Cost Of Revenue": 2018000000.0,
        "EBITDA": 1301000000.0,
        "EBIT": 1011000000.0,
        "Net Interest Income": 6000000.0,
        "Interest Expense": 3000000.0,
        "Interest Income": 9000000.0,
        "Normalized Income": 865275793.650794,
        "Net Income From Continuing And Discontinued Operation": 867000000.0,
        "Total Expenses": 2834000000.0,
        "Total Operating Income As Reported": 1004000000.0,
        "Diluted Average Shares": 944482138.0,
        "Basic Average Shares": 905073119.0,
        "Diluted EPS": 0.92,
        "Basic EPS": 0.96,
        "Diluted NI Availto Com Stockholders": 867000000.0,
        "Net Income Common Stockholders": 867000000.0,
        "Net Income": 867000000.0,
        "Minority Interests": -2000000.0,
        "Net Income Including Noncontrolling Interests": 869000000.0,
        "Net Income Continuous Operations": 869000000.0,
        "Tax Provision": 139000000.0,
        "Pretax Income": 1008000000.0,
        "Other Income Expense": -1000000.0,
        "Other Non Operating Income Expenses": -3000000.0,
        "Special Income Charges": -3000000.0,
        "Gain On Sale Of Ppe": 2000000.0,
        "Gain On Sale Of Business": NaN,
        "Other Special Charges": 4000000.0,
        "Write Off": 0.0,
        "Restructuring And Mergern Acquisition": 1000000.0,
        "Gain On Sale Of Security": 5000000.0,
        "Net Non Operating Interest Income Expense": 6000000.0,
        "Total Other Finance Cost": -6000000.0,
        "Interest Expense Non Operating": 3000000.0,
        "Interest Income Non Operating": 9000000.0,
        "Operating Income": 1003000000.0,
        "Operating Expense": 816000000.0,
        "Other Operating Expenses": -39000000.0,
        "Research And Development": 489000000.0,
        "Selling General And Administration": 366000000.0,
        "General And Administrative Expense": 366000000.0,
        "Other Gand A": 366000000.0,
        "Gross Profit": 1819000000.0,
        "Cost Of Revenue": 2018000000.0,
        "Total Revenue": 3837000000.0,
        "Operating Revenue": 3830000000.0
    },
    "2022-03-31": {
        "Diluted EPS": 0.79,
        "Total Revenue": NaN,
        "Gross Profit": NaN,
        "Operating Income": 877,
        "EBIT": NaN,
        "Net Income": 747
    },
    "2021-12-31": {
        "Diluted EPS": 0.82,
        "Total Revenue": NaN,
        "Gross Profit": NaN,
        "Operating Income": 885,
        "EBIT": NaN,
        "Net Income": 750
    },
    "2021-09-30": {
        "Diluted EPS": 0.51,
        "Total Revenue": NaN,
        "Gross Profit": NaN,
        "Operating Income": 605,
        "EBIT": 899,
        "Net Income": 474
    },
    "2021-06-30": {
        "Diluted EPS": 0.44,
        "Total Revenue": NaN,
        "Gross Profit": NaN,
        "Operating Income": 489,
        "EBIT": 736,
        "Net Income": 412
    },
    "2021-03-31": {
        "Diluted EPS": 0.39,
        "Total Revenue": NaN,
        "Gross Profit": NaN,
        "Operating Income": 440,
        "EBIT": 707,
        "Net Income": 364
    },
    "2020-12-31": {
        "Diluted EPS": 0.63,
        "Total Revenue": NaN,
        "Gross Profit": NaN,
        "Operating Income": 657,
        "EBIT": 924,
        "Net Income": 582
    },
    "2020-09-30": {
        "Diluted EPS": 0.26,
        "Total Revenue": NaN,
        "Gross Profit": 959,
        "Operating Income": 329,
        "EBIT": 576,
        "Net Income": 242
    },
    "2020-06-30": {
        "Diluted EPS": 0.1,
        "Total Revenue": NaN,
        "Gross Profit": 730,
        "Operating Income": 106,
        "EBIT": 348,
        "Net Income": 90
    },
    "2020-03-31": {
        "Diluted EPS": 0.21,
        "Total Revenue": NaN,
        "Gross Profit": 846,
        "Operating Income": 231,
        "EBIT": 442,
        "Net Income": 192
    },
    "2019-12-31": {
        "Diluted EPS": 0.42,
        "Total Revenue": NaN,
        "Gross Profit": NaN,
        "Operating Income": 460,
        "EBIT": 690,
        "Net Income": 392
    },
    "2019-09-30": {
        "Diluted EPS": 0.34,
        "Total Revenue": NaN,
        "Gross Profit": 967,
        "Operating Income": 336,
        "EBIT": 580,
        "Net Income": 302
    },
    "2019-06-30": {
        "Diluted EPS": 0.18,
        "Total Revenue": NaN,
        "Gross Profit": 830,
        "Operating Income": 196,
        "EBIT": 399,
        "Net Income": 160
    },
    "2019-03-31": {
        "Diluted EPS": 0.2,
        "Total Revenue": NaN,
        "Gross Profit": 818,
        "Operating Income": 211,
        "EBIT": 426,
        "Net Income": 178
    },
    "2018-12-31": {
        "Diluted EPS": 0.45,
        "Total Revenue": NaN,
        "Gross Profit": NaN,
        "Operating Income": 444,
        "EBIT": 665,
        "Net Income": 418
    },
    "2018-09-30": {
        "Diluted EPS": 0.41,
        "Total Revenue": NaN,
        "Gross Profit": NaN,
        "Operating Income": 398,
        "EBIT": 609,
        "Net Income": 369
    },
    "2018-06-30": {
        "Diluted EPS": 0.29,
        "Total Revenue": NaN,
        "Gross Profit": 911,
        "Operating Income": 289,
        "EBIT": 491,
        "Net Income": 261
    },
    "2018-03-31": {
        "Diluted EPS": 0.26,
        "Total Revenue": NaN,
        "Gross Profit": 888,
        "Operating Income": 269,
        "EBIT": 463,
        "Net Income": 239
    },
    "2017-12-31": {
        "Diluted EPS": 0.34,
        "Total Revenue": NaN,
        "Gross Profit": NaN,
        "Operating Income": 414,
        "EBIT": 414,
        "Net Income": 307
    },
    "2017-09-30": {
        "Diluted EPS": 0.26,
        "Total Revenue": NaN,
        "Gross Profit": 846,
        "Operating Income": 281,
        "EBIT": 281,
        "Net Income": 236
    },
    "2017-06-30": {
        "Diluted EPS": 0.17,
        "Total Revenue": NaN,
        "Gross Profit": 736,
        "Operating Income": 178,
        "EBIT": 336,
        "Net Income": 151
    },
    "2017-03-31": {
        "Diluted EPS": 0.12,
        "Total Revenue": NaN,
        "Gross Profit": 686,
        "Operating Income": 132,
        "EBIT": 291,
        "Net Income": 108
    },
    "2016-12-31": {
        "Diluted EPS": 0.13,
        "Total Revenue": NaN,
        "Gross Profit": 697,
        "Operating Income": 129,
        "EBIT": 129,
        "Net Income": 112
    },
    "2016-09-30": {
        "Diluted EPS": 0.08,
        "Total Revenue": NaN,
        "Gross Profit": 643,
        "Operating Income": 90,
        "EBIT": 90,
        "Net Income": 71
    },
    "2016-06-30": {
        "Diluted EPS": 0.03,
        "Total Revenue": NaN,
        "Gross Profit": 577,
        "Operating Income": 28,
        "EBIT": 213,
        "Net Income": 23
    },
    "2016-03-31": {
        "Diluted EPS": -0.05,
        "Total Revenue": NaN,
        "Gross Profit": 538,
        "Operating Income": -33,
        "EBIT": 156,
        "Net Income": -41
    },
    "2015-12-31": {
        "Diluted EPS": 0.01,
        "Total Revenue": NaN,
        "Gross Profit": 558,
        "Operating Income": 25,
        "EBIT": 25,
        "Net Income": 1
    },
    "2015-09-30": {
        "Diluted EPS": 0.1,
        "Total Revenue": NaN,
        "Gross Profit": 613,
        "Operating Income": 91,
        "EBIT": 91,
        "Net Income": 90
    },
    "2015-06-30": {
        "Diluted EPS": 0.04,
        "Total Revenue": NaN,
        "Gross Profit": 595,
        "Operating Income": 12,
        "EBIT": 198,
        "Net Income": 35
    },
    "2015-03-31": {
        "Diluted EPS": -0.03,
        "Total Revenue": NaN,
        "Gross Profit": 566,
        "Operating Income": -19,
        "EBIT": 161,
        "Net Income": -22
    },
    "2014-12-31": {
        "Diluted EPS": 0.05,
        "Total Revenue": NaN,
        "Gross Profit": 619,
        "Operating Income": 37,
        "EBIT": 241,
        "Net Income": 42
    },
    "2014-09-30": {
        "Diluted EPS": 0.08,
        "Total Revenue": NaN,
        "Gross Profit": 646,
        "Operating Income": 37,
        "EBIT": 241,
        "Net Income": 72
    },
    "2014-06-30": {
        "Diluted EPS": 0.04,
        "Total Revenue": NaN,
        "Gross Profit": 634,
        "Operating Income": 98,
        "EBIT": 306,
        "Net Income": 38
    },
    "2014-03-31": {
        "Diluted EPS": -0.03,
        "Total Revenue": NaN,
        "Gross Profit": 599,
        "Operating Income": -4,
        "EBIT": 201,
        "Net Income": -24
    },
    "2013-12-31": {
        "Diluted EPS": -0.04,
        "Total Revenue": NaN,
        "Gross Profit": 662,
        "Operating Income": -11,
        "EBIT": 214,
        "Net Income": -35
    },
    "2013-09-30": {
        "Diluted EPS": -0.16,
        "Total Revenue": NaN,
        "Gross Profit": 652,
        "Operating Income": -66,
        "EBIT": 158,
        "Net Income": -142
    },
    "2013-06-30": {
        "Diluted EPS": -0.17,
        "Total Revenue": NaN,
        "Gross Profit": 672,
        "Operating Income": -107,
        "EBIT": 117,
        "Net Income": -152
    },
    "2013-03-31": {
        "Diluted EPS": -0.19,
        "Total Revenue": NaN,
        "Gross Profit": 628,
        "Operating Income": -281,
        "EBIT": -44,
        "Net Income": -171
    },
    "2012-12-31": {
        "Diluted EPS": -0.49,
        "Total Revenue": NaN,
        "Gross Profit": 698,
        "Operating Income": -730,
        "EBIT": -458,
        "Net Income": -429
    },
    "2012-09-30": {
        "Diluted EPS": -0.54,
        "Total Revenue": NaN,
        "Gross Profit": 753,
        "Operating Income": -792,
        "EBIT": -526,
        "Net Income": -478
    },
    "2012-06-30": {
        "Diluted EPS": -0.08,
        "Total Revenue": NaN,
        "Gross Profit": 736,
        "Operating Income": -207,
        "EBIT": 74,
        "Net Income": -75
    },
    "2012-03-31": {
        "Diluted EPS": -0.2,
        "Total Revenue": NaN,
        "Gross Profit": 596,
        "Operating Income": -352,
        "EBIT": -64,
        "Net Income": -176
    },
    "2011-12-31": {
        "Diluted EPS": -0.01,
        "Total Revenue": NaN,
        "Gross Profit": 733,
        "Operating Income": -132,
        "EBIT": 183,
        "Net Income": -11
    },
    "2011-09-30": {
        "Diluted EPS": 0.08,
        "Total Revenue": NaN,
        "Gross Profit": 873,
        "Operating Income": -23,
        "EBIT": 302,
        "Net Income": 71
    },
    "2011-06-30": {
        "Diluted EPS": 0.46,
        "Total Revenue": NaN,
        "Gross Profit": 977,
        "Operating Income": 83,
        "EBIT": 405,
        "Net Income": 420
    },
    "2011-03-31": {
        "Diluted EPS": 0.19,
        "Total Revenue": NaN,
        "Gross Profit": 991,
        "Operating Income": 118,
        "EBIT": 435,
        "Net Income": 170
    },
    "2010-12-31": {
        "Diluted EPS": 0.25,
        "Total Revenue": NaN,
        "Gross Profit": NaN,
        "Operating Income": 212,
        "EBIT": 539,
        "Net Income": 219
    },
    "2010-09-30": {
        "Diluted EPS": 0.22,
        "Total Revenue": NaN,
        "Gross Profit": NaN,
        "Operating Income": 193,
        "EBIT": 487,
        "Net Income": 198
    },
    "2010-06-30": {
        "Diluted EPS": 0.39,
        "Total Revenue": NaN,
        "Gross Profit": 968,
        "Operating Income": 91,
        "EBIT": 400,
        "Net Income": 356
    },
    "2010-03-31": {
        "Diluted EPS": 0.06,
        "Total Revenue": NaN,
        "Gross Profit": 876,
        "Operating Income": -20,
        "EBIT": 290,
        "Net Income": 57
    },
    "2009-12-31": {
        "Diluted EPS": -0.08,
        "Total Revenue": NaN,
        "Gross Profit": 956,
        "Operating Income": -6,
        "EBIT": 337,
        "Net Income": -71
    },
    "2009-09-30": {
        "Diluted EPS": -0.23,
        "Total Revenue": NaN,
        "Gross Profit": 713,
        "Operating Income": -196,
        "EBIT": 150,
        "Net Income": -201
    },
    "2009-06-30": {
        "Diluted EPS": -0.36,
        "Total Revenue": NaN,
        "Gross Profit": 520,
        "Operating Income": -428,
        "EBIT": -89,
        "Net Income": -318
    },
    "2009-03-31": {
        "Diluted EPS": -0.62,
        "Total Revenue": NaN,
        "Gross Profit": 437,
        "Operating Income": -393,
        "EBIT": -54,
        "Net Income": -541
    },
    "2023-09-30": {
        "Tax Effect Of Unusual Items": 0.0,
        "Tax Rate For Calcs": 0.146875,
        "Normalized EBITDA": 1579000000.0,
        "Total Unusual Items": -30000000.0,
        "Total Unusual Items Excluding Goodwill": -30000000.0,
        "Net Income From Continuing Operation Net Minority Interest": 1090000000.0,
        "Reconciled Depreciation": 396000000.0,
        "Reconciled Cost Of Revenue": 2322000000.0,
        "EBITDA": 1579000000.0,
        "EBIT": 1183000000.0,
        "Net Interest Income": 44000000.0,
        "Interest Expense": 13000000.0,
        "Interest Income": 44000000.0,
        "Normalized Income": 1090000000.0,
        "Net Income From Continuing And Discontinued Operation": 1090000000.0,
        "Total Expenses": 3248000000.0,
        "Total Operating Income As Reported": 1241000000.0,
        "Diluted Average Shares": 943800000.0,
        "Basic Average Shares": 908333333.0,
        "Diluted EPS": 1.16,
        "Basic EPS": 1.2,
        "Diluted NI Availto Com Stockholders": 1090000000.0,
        "Net Income Common Stockholders": 1090000000.0,
        "Net Income": 1090000000.0,
        "Minority Interests": -2000000.0,
        "Net Income Including Noncontrolling Interests": 1092000000.0,
        "Net Income Continuous Operations": 1092000000.0,
        "Tax Provision": 188000000.0,
        "Pretax Income": 1280000000.0,
        "Other Income Expense": 53000000.0,
        "Other Non Operating Income Expenses": 53000000.0,
        "Special Income Charges": -35000000.0,
        "Gain On Sale Of Ppe": 1000000.0,
        "Gain On Sale Of Business": NaN,
        "Other Special Charges": 36000000.0,
        "Restructuring And Mergern Acquisition": NaN,
        "Gain On Sale Of Security": 5000000.0,
        "Net Non Operating Interest Income Expense": 44000000.0,
        "Total Other Finance Cost": -44000000.0,
        "Interest Expense Non Operating": 13000000.0,
        "Interest Income Non Operating": 44000000.0,
        "Operating Income": 1183000000.0,
        "Operating Expense": 926000000.0,
        "Other Operating Expenses": -58000000.0,
        "Research And Development": 519000000.0,
        "Selling General And Administration": 407000000.0,
        "General And Administrative Expense": NaN,
        "Other Gand A": NaN,
        "Salaries And Wages": NaN,
        "Gross Profit": 2109000000.0,
        "Cost Of Revenue": 2322000000.0,
        "Total Revenue": 4431000000.0,
        "Operating Revenue": 4416000000.0
    },
    "2023-12-31": {
        "Tax Effect Of Unusual Items": -3570000.0,
        "Tax Rate For Calcs": 0.085,
        "Normalized EBITDA": 1545000000.0,
        "Total Unusual Items": -42000000.0,
        "Total Unusual Items Excluding Goodwill": -42000000.0,
        "Net Income From Continuing Operation Net Minority Interest": 1076000000.0,
        "Reconciled Depreciation": 414000000.0,
        "Reconciled Cost Of Revenue": 2333000000.0,
        "EBITDA": 1503000000.0,
        "EBIT": 1089000000.0,
        "Net Interest Income": 57000000.0,
        "Interest Expense": 14000000.0,
        "Interest Income": 71000000.0,
        "Normalized Income": 1114430000.0,
        "Net Income From Continuing And Discontinued Operation": 1076000000.0,
        "Total Expenses": 3289000000.0,
        "Total Operating Income As Reported": 1023000000.0,
        "Diluted Average Shares": 942900000.0,
        "Basic Average Shares": 904201681.0,
        "Diluted EPS": 1.14,
        "Basic EPS": 1.19,
        "Diluted NI Availto Com Stockholders": 1077000000.0,
        "Net Income Common Stockholders": 1076000000.0,
        "Net Income": 1076000000.0,
        "Minority Interests": -5000000.0,
        "Net Income Including Noncontrolling Interests": 1081000000.0,
        "Net Income Continuous Operations": 1081000000.0,
        "Tax Provision": -6000000.0,
        "Pretax Income": 1075000000.0,
        "Other Income Expense": 25000000.0,
        "Other Non Operating Income Expenses": 67000000.0,
        "Special Income Charges": -39000000.0,
        "Gain On Sale Of Ppe": 0.0,
        "Gain On Sale Of Business": NaN,
        "Other Special Charges": 39000000.0,
        "Restructuring And Mergern Acquisition": NaN,
        "Gain On Sale Of Security": -3000000.0,
        "Net Non Operating Interest Income Expense": 57000000.0,
        "Total Other Finance Cost": NaN,
        "Interest Expense Non Operating": 14000000.0,
        "Interest Income Non Operating": 71000000.0,
        "Operating Income": 993000000.0,
        "Operating Expense": 956000000.0,
        "Other Operating Expenses": NaN,
        "Research And Development": 521000000.0,
        "Selling General And Administration": 435000000.0,
        "General And Administrative Expense": NaN,
        "Other Gand A": NaN,
        "Salaries And Wages": NaN,
        "Gross Profit": 1949000000.0,
        "Cost Of Revenue": 2333000000.0,
        "Total Revenue": 4282000000.0,
        "Operating Revenue": 4262000000.0
    },
    "2024-03-31": {
        "Tax Effect Of Unusual Items": -4554455.445545,
        "Tax Rate For Calcs": 0.151815,
        "Normalized EBITDA": 1087000000.0,
        "Total Unusual Items": -30000000.0,
        "Total Unusual Items Excluding Goodwill": -30000000.0,
        "Net Income From Continuing Operation Net Minority Interest": 513000000.0,
        "Reconciled Depreciation": 430000000.0,
        "Reconciled Cost Of Revenue": 2021000000.0,
        "EBITDA": 1057000000.0,
        "EBIT": 627000000.0,
        "Net Interest Income": 59000000.0,
        "Interest Expense": 21000000.0,
        "Interest Income": 80000000.0,
        "Normalized Income": 538445544.554455,
        "Net Income From Continuing And Discontinued Operation": 513000000.0,
        "Total Expenses": 2978000000.0,
        "Total Operating Income As Reported": 551000000.0,
        "Diluted Average Shares": 942344022.0,
        "Basic Average Shares": 901784015.0,
        "Diluted EPS": 0.54,
        "Basic EPS": 0.57,
        "Diluted NI Availto Com Stockholders": 513000000.0,
        "Net Income Common Stockholders": 513000000.0,
        "Net Income": 513000000.0,
        "Minority Interests": -1000000.0,
        "Net Income Including Noncontrolling Interests": 514000000.0,
        "Net Income Continuous Operations": 514000000.0,
        "Tax Provision": 92000000.0,
        "Pretax Income": 606000000.0,
        "Other Income Expense": 60000000.0,
        "Other Non Operating Income Expenses": 90000000.0,
        "Special Income Charges": -29000000.0,
        "Gain On Sale Of Ppe": 2000000.0,
        "Gain On Sale Of Business": NaN,
        "Other Special Charges": 31000000.0,
        "Restructuring And Mergern Acquisition": NaN,
        "Gain On Sale Of Security": -1000000.0,
        "Net Non Operating Interest Income Expense": 59000000.0,
        "Total Other Finance Cost": NaN,
        "Interest Expense Non Operating": 21000000.0,
        "Interest Income Non Operating": 80000000.0,
        "Operating Income": 487000000.0,
        "Operating Expense": 957000000.0,
        "Other Operating Expenses": -60000000.0,
        "Research And Development": 528000000.0,
        "Selling General And Administration": 429000000.0,
        "General And Administrative Expense": 429000000.0,
        "Other Gand A": 425000000.0,
        "Salaries And Wages": 4000000.0,
        "Gross Profit": 1444000000.0,
        "Cost Of Revenue": 2021000000.0,
        "Total Revenue": 3465000000.0,
        "Operating Revenue": 3444000000.0
    },
    "2024-06-30": {
        "Tax Effect Of Unusual Items": 20826979.472141,
        "Tax Rate For Calcs": 0.09824,
        "Normalized EBITDA": 1095000000.0,
        "Total Unusual Items": 212000000.0,
        "Total Unusual Items Excluding Goodwill": 212000000.0,
        "Net Income From Continuing Operation Net Minority Interest": 613000000.0,
        "Reconciled Depreciation": 587000000.0,
        "Reconciled Cost Of Revenue": 2084000000.0,
        "EBITDA": 1307000000.0,
        "EBIT": 720000000.0,
        "Net Interest Income": 36000000.0,
        "Interest Expense": 38000000.0,
        "Interest Income": -60000000.0,
        "Normalized Income": 421826979.472141,
        "Net Income From Continuing And Discontinued Operation": 613000000.0,
        "Total Expenses": 2708000000.0,
        "Total Operating Income As Reported": 390000000.0,
        "Diluted Average Shares": 941102364.0,
        "Basic Average Shares": 901490010.0,
        "Diluted EPS": 0.38,
        "Basic EPS": 0.39,
        "Diluted NI Availto Com Stockholders": 613000000.0,
        "Net Income Common Stockholders": 613000000.0,
        "Net Income": 613000000.0,
        "Minority Interests": -2000000.0,
        "Net Income Including Noncontrolling Interests": 615000000.0,
        "Net Income Continuous Operations": 615000000.0,
        "Tax Provision": 67000000.0,
        "Pretax Income": 682000000.0,
        "Other Income Expense": 122000000.0,
        "Other Non Operating Income Expenses": -2000000.0,
        "Special Income Charges": -20000000.0,
        "Gain On Sale Of Ppe": 1000000.0,
        "Gain On Sale Of Business": NaN,
        "Other Special Charges": 21000000.0,
        "Restructuring And Mergern Acquisition": 22000000.0,
        "Gain On Sale Of Security": 232000000.0,
        "Net Non Operating Interest Income Expense": 36000000.0,
        "Total Other Finance Cost": NaN,
        "Interest Expense Non Operating": 38000000.0,
        "Interest Income Non Operating": -60000000.0,
        "Operating Income": 524000000.0,
        "Operating Expense": 624000000.0,
        "Other Operating Expenses": -58000000.0,
        "Research And Development": 348000000.0,
        "Selling General And Administration": 420000000.0,
        "General And Administrative Expense": 420000000.0,
        "Other Gand A": 424000000.0,
        "Salaries And Wages": 4000000.0,
        "Gross Profit": 1148000000.0,
        "Cost Of Revenue": 2084000000.0,
        "Total Revenue": 3232000000.0,
        "Operating Revenue": 3226000000.0
    },
    "2024-09-30": {
        "Tax Effect Of Unusual Items": 0.0,
        "Tax Rate For Calcs": 0.164352,
        "Normalized EBITDA": 791000000.0,
        "Total Unusual Items": NaN,
        "Total Unusual Items Excluding Goodwill": NaN,
        "Net Income From Continuing Operation Net Minority Interest": 351000000.0,
        "Reconciled Depreciation": 440000000.0,
        "Reconciled Cost Of Revenue": 2023000000.0,
        "EBITDA": 791000000.0,
        "EBIT": 351000000.0,
        "Net Interest Income": 55000000.0,
        "Interest Expense": NaN,
        "Interest Income": 55000000.0,
        "Normalized Income": 351000000.0,
        "Net Income From Continuing And Discontinued Operation": 351000000.0,
        "Total Expenses": 2900000000.0,
        "Total Operating Income As Reported": 381000000.0,
        "Diluted Average Shares": 938600000.0,
        "Basic Average Shares": 900000000.0,
        "Diluted EPS": 0.37,
        "Basic EPS": 0.39,
        "Diluted NI Availto Com Stockholders": 351000000.0,
        "Net Income Common Stockholders": 351000000.0,
        "Net Income": 351000000.0,
        "Minority Interests": -10000000.0,
        "Net Income Including Noncontrolling Interests": 361000000.0,
        "Net Income Continuous Operations": 361000000.0,
        "Tax Provision": 71000000.0,
        "Pretax Income": 432000000.0,
        "Other Income Expense": 26000000.0,
        "Other Non Operating Income Expenses": 26000000.0,
        "Special Income Charges": NaN,
        "Gain On Sale Of Ppe": NaN,
        "Gain On Sale Of Business": NaN,
        "Other Special Charges": NaN,
        "Restructuring And Mergern Acquisition": NaN,
        "Gain On Sale Of Security": NaN,
        "Net Non Operating Interest Income Expense": 55000000.0,
        "Total Other Finance Cost": NaN,
        "Interest Expense Non Operating": NaN,
        "Interest Income Non Operating": 55000000.0,
        "Operating Income": 351000000.0,
        "Operating Expense": 877000000.0,
        "Other Operating Expenses": NaN,
        "Research And Development": 492000000.0,
        "Selling General And Administration": 385000000.0,
        "General And Administrative Expense": NaN,
        "Other Gand A": NaN,
        "Salaries And Wages": NaN,
        "Gross Profit": 1228000000.0,
        "Cost Of Revenue": 2023000000.0,
        "Total Revenue": 3251000000.0,
        "Operating Revenue": 3245000000.0
    }
}