{
    "2023-03-31": {
        "Tax Effect Of Unusual Items": NaN,
        "Tax Rate For Calcs": NaN,
        "Normalized EBITDA": NaN,
        "Net Income From Continuing Operation Net Minority Interest": NaN,
        "Reconciled Depreciation": NaN,
        "Reconciled Cost Of Revenue": NaN,
        "EBITDA": NaN,
        "EBIT": NaN,
        "Net Interest Income": NaN,
        "Interest Expense": 195000.0,
        "Normalized Income": NaN,
        "Net Income From Continuing And Discontinued Operation": NaN,
        "Total Expenses": NaN,
        "Total Operating Income As Reported": 730000.0,
        "Diluted Average Shares": NaN,
        "Basic Average Shares": NaN,
        "Diluted EPS": NaN,
        "Basic EPS": NaN,
        "Diluted NI Availto Com Stockholders": NaN,
        "Net Income Common Stockholders": NaN,
        "Preferred Stock Dividends": NaN,
        "Net Income": NaN,
        "Net Income Including Noncontrolling Interests": NaN,
        "Net Income Discontinuous Operations": NaN,
        "Net Income Continuous Operations": NaN,
        "Tax Provision": NaN,
        "Pretax Income": NaN,
        "Other Income Expense": NaN,
        "Other Non Operating Income Expenses": NaN,
        "Net Non Operating Interest Income Expense": NaN,
        "Total Other Finance Cost": NaN,
        "Interest Expense Non Operating": 195000.0,
        "Operating Income": NaN,
        "Operating Expense": NaN,
        "Depreciation Amortization Depletion Income Statement": NaN,
        "Depreciation And Amortization In Income Statement": NaN,
        "Amortization": NaN,
        "Amortization Of Intangibles Income Statement": NaN,
        "Selling General And Administration": NaN,
        "Gross Profit": NaN,
        "Cost Of Revenue": NaN,
        "Total Revenue": NaN,
        "Operating Revenue": NaN
    },
    "2022-12-31": {
        "Tax Effect Of Unusual Items": NaN,
        "Tax Rate For Calcs": NaN,
        "Normalized EBITDA": NaN,
        "Total Unusual Items": 0.0,
        "Total Unusual Items Excluding Goodwill": 0.0,
        "Net Income From Continuing Operation Net Minority Interest": NaN,
        "Reconciled Depreciation": NaN,
        "Reconciled Cost Of Revenue": NaN,
        "EBITDA": NaN,
        "EBIT": NaN,
        "Net Interest Income": NaN,
        "Interest Expense": 311000.0,
        "Normalized Income": NaN,
        "Net Income From Continuing And Discontinued Operation": NaN,
        "Total Expenses": NaN,
        "Total Operating Income As Reported": 2139000.0,
        "Diluted Average Shares": NaN,
        "Basic Average Shares": NaN,
        "Diluted EPS": NaN,
        "Basic EPS": NaN,
        "Diluted NI Availto Com Stockholders": NaN,
        "Net Income Common Stockholders": NaN,
        "Preferred Stock Dividends": NaN,
        "Net Income": NaN,
        "Net Income Including Noncontrolling Interests": NaN,
        "Net Income Discontinuous Operations": NaN,
        "Net Income Continuous Operations": NaN,
        "Tax Provision": NaN,
        "Pretax Income": NaN,
        "Other Income Expense": NaN,
        "Other Non Operating Income Expenses": NaN,
        "Special Income Charges": 0.0,
        "Net Non Operating Interest Income Expense": NaN,
        "Total Other Finance Cost": NaN,
        "Interest Expense Non Operating": 311000.0,
        "Operating Income": NaN,
        "Operating Expense": NaN,
        "Depreciation Amortization Depletion Income Statement": NaN,
        "Depreciation And Amortization In Income Statement": NaN,
        "Amortization": NaN,
        "Amortization Of Intangibles Income Statement": NaN,
        "Selling General And Administration": NaN,
        "Gross Profit": NaN,
        "Cost Of Revenue": NaN,
        "Total Revenue": NaN,
        "Operating Revenue": NaN
    },
    "2022-09-30": {
        "Tax Effect Of Unusual Items": NaN,
        "Tax Rate For Calcs": NaN,
        "Normalized EBITDA": NaN,
        "Total Unusual Items": 0.0,
        "Total Unusual Items Excluding Goodwill": 0.0,
        "Net Income From Continuing Operation Net Minority Interest": NaN,
        "Reconciled Depreciation": NaN,
        "Reconciled Cost Of Revenue": NaN,
        "EBITDA": NaN,
        "EBIT": NaN,
        "Net Interest Income": NaN,
        "Interest Expense": 185000.0,
        "Normalized Income": NaN,
        "Net Income From Continuing And Discontinued Operation": NaN,
        "Total Expenses": NaN,
        "Total Operating Income As Reported": -452000.0,
        "Diluted Average Shares": NaN,
        "Basic Average Shares": NaN,
        "Diluted EPS": NaN,
        "Basic EPS": NaN,
        "Diluted NI Availto Com Stockholders": NaN,
        "Net Income Common Stockholders": NaN,
        "Preferred Stock Dividends": NaN,
        "Net Income": NaN,
        "Net Income Including Noncontrolling Interests": NaN,
        "Net Income Discontinuous Operations": NaN,
        "Net Income Continuous Operations": NaN,
        "Tax Provision": NaN,
        "Pretax Income": NaN,
        "Other Income Expense": NaN,
        "Other Non Operating Income Expenses": NaN,
        "Special Income Charges": 0.0,
        "Gain On Sale Of Ppe": 0.0,
        "Net Non Operating Interest Income Expense": NaN,
        "Total Other Finance Cost": NaN,
        "Interest Expense Non Operating": 185000.0,
        "Operating Income": NaN,
        "Operating Expense": NaN,
        "Depreciation Amortization Depletion Income Statement": NaN,
        "Depreciation And Amortization In Income Statement": NaN,
        "Amortization": NaN,
        "Amortization Of Intangibles Income Statement": NaN,
        "Selling General And Administration": NaN,
        "Gross Profit": NaN,
        "Cost Of Revenue": NaN,
        "Total Revenue": NaN,
        "Operating Revenue": NaN
    },
    "2022-06-30": {
        "Tax Effect Of Unusual Items": 0.0,
        "Tax Rate For Calcs": 0.171834,
        "Normalized EBITDA": -1184000.0,
        "Total Unusual Items": 0.0,
        "Total Unusual Items Excluding Goodwill": 0.0,
        "Net Income From Continuing Operation Net Minority Interest": -1576000.0,
        "Reconciled Depreciation": 430000.0,
        "Reconciled Cost Of Revenue": 24619000.0,
        "EBITDA": -1184000.0,
        "EBIT": -1614000.0,
        "Net Interest Income": -289000.0,
        "Interest Expense": 289000.0,
        "Normalized Income": -1576000.0,
        "Net Income From Continuing And Discontinued Operation": -1576000.0,
        "Total Expenses": 31916000.0,
        "Total Operating Income As Reported": -1198000.0,
        "Diluted Average Shares": 15436000.0,
        "Basic Average Shares": 15379000.0,
        "Diluted EPS": -0.13,
        "Basic EPS": -0.13,
        "Diluted NI Availto Com Stockholders": -2055000.0,
        "Net Income Common Stockholders": -2055000.0,
        "Preferred Stock Dividends": 479000.0,
        "Net Income": -1576000.0,
        "Net Income Including Noncontrolling Interests": -1576000.0,
        "Net Income Discontinuous Operations": 0.0,
        "Net Income Continuous Operations": -1576000.0,
        "Tax Provision": -327000.0,
        "Pretax Income": -1903000.0,
        "Other Income Expense": -416000.0,
        "Other Non Operating Income Expenses": -416000.0,
        "Special Income Charges": 0.0,
        "Gain On Sale Of Ppe": 0.0,
        "Impairment Of Capital Assets": NaN,
        "Net Non Operating Interest Income Expense": -289000.0,
        "Total Other Finance Cost": NaN,
        "Interest Expense Non Operating": 289000.0,
        "Operating Income": -1198000.0,
        "Operating Expense": 7297000.0,
        "Depreciation Amortization Depletion Income Statement": 430000.0,
        "Depreciation And Amortization In Income Statement": 430000.0,
        "Amortization": 430000.0,
        "Amortization Of Intangibles Income Statement": 430000.0,
        "Selling General And Administration": 6867000.0,
        "Gross Profit": 6099000.0,
        "Cost Of Revenue": 24619000.0,
        "Total Revenue": 30718000.0,
        "Operating Revenue": 30718000.0
    },
    "2023-06-30": {
        "Tax Effect Of Unusual Items": NaN,
        "Tax Rate For Calcs": NaN,
        "Normalized EBITDA": NaN,
        "Net Income From Continuing Operation Net Minority Interest": NaN,
        "Reconciled Depreciation": NaN,
        "Reconciled Cost Of Revenue": NaN,
        "EBITDA": NaN,
        "EBIT": NaN,
        "Net Interest Income": NaN,
        "Normalized Income": NaN,
        "Net Income From Continuing And Discontinued Operation": NaN,
        "Total Expenses": NaN,
        "Total Operating Income As Reported": -2036000.0,
        "Diluted Average Shares": 3104000.0,
        "Basic Average Shares": 3104000.0,
        "Diluted EPS": 8.09,
        "Basic EPS": 8.09,
        "Diluted NI Availto Com Stockholders": NaN,
        "Net Income Common Stockholders": NaN,
        "Preferred Stock Dividends": NaN,
        "Net Income": NaN,
        "Net Income Including Noncontrolling Interests": NaN,
        "Net Income Discontinuous Operations": NaN,
        "Net Income Continuous Operations": NaN,
        "Tax Provision": NaN,
        "Pretax Income": NaN,
        "Other Income Expense": NaN,
        "Other Non Operating Income Expenses": NaN,
        "Net Non Operating Interest Income Expense": NaN,
        "Total Other Finance Cost": NaN,
        "Operating Income": NaN,
        "Operating Expense": NaN,
        "Depreciation Amortization Depletion Income Statement": NaN,
        "Depreciation And Amortization In Income Statement": NaN,
        "Amortization": NaN,
        "Amortization Of Intangibles Income Statement": NaN,
        "Selling General And Administration": NaN,
        "Gross Profit": NaN,
        "Cost Of Revenue": NaN,
        "Total Revenue": NaN,
        "Operating Revenue": NaN
    },
    "2023-09-30": {
        "Tax Effect Of Unusual Items": 0.0,
        "Tax Rate For Calcs": 0.21,
        "Normalized EBITDA": -1092000.0,
        "Net Income From Continuing Operation Net Minority Interest": -2365000.0,
        "Reconciled Depreciation": 569000.0,
        "Reconciled Cost Of Revenue": 8093000.0,
        "EBITDA": -1092000.0,
        "EBIT": -1661000.0,
        "Net Interest Income": 433000.0,
        "Normalized Income": -2365000.0,
        "Net Income From Continuing And Discontinued Operation": -2622000.0,
        "Total Expenses": 12096000.0,
        "Total Operating Income As Reported": -1661000.0,
        "Diluted Average Shares": 3137000.0,
        "Basic Average Shares": 3137000.0,
        "Diluted EPS": -0.988524,
        "Basic EPS": -0.84,
        "Diluted NI Availto Com Stockholders": -3101000.0,
        "Net Income Common Stockholders": -3101000.0,
        "Preferred Stock Dividends": 479000.0,
        "Net Income": -2622000.0,
        "Net Income Including Noncontrolling Interests": -2622000.0,
        "Net Income Discontinuous Operations": -257000.0,
        "Net Income Continuous Operations": -2365000.0,
        "Tax Provision": 172000.0,
        "Pretax Income": -2193000.0,
        "Other Income Expense": -965000.0,
        "Other Non Operating Income Expenses": -965000.0,
        "Net Non Operating Interest Income Expense": 433000.0,
        "Total Other Finance Cost": -433000.0,
        "Operating Income": -1661000.0,
        "Operating Expense": 3864000.0,
        "Depreciation Amortization Depletion Income Statement": 430000.0,
        "Depreciation And Amortization In Income Statement": 430000.0,
        "Amortization": 430000.0,
        "Amortization Of Intangibles Income Statement": 430000.0,
        "Selling General And Administration": 3434000.0,
        "Gross Profit": 2203000.0,
        "Cost Of Revenue": 8232000.0,
        "Total Revenue": 10435000.0,
        "Operating Revenue": 10435000.0
    },
    "2023-12-31": {
        "Tax Effect Of Unusual Items": 0.0,
        "Tax Rate For Calcs": 0.21,
        "Normalized EBITDA": -194000.0,
        "Net Income From Continuing Operation Net Minority Interest": 1808000.0,
        "Reconciled Depreciation": 607000.0,
        "Reconciled Cost Of Revenue": 11094000.0,
        "EBITDA": -194000.0,
        "EBIT": -801000.0,
        "Net Interest Income": 404000.0,
        "Normalized Income": 1808000.0,
        "Net Income From Continuing And Discontinued Operation": 1728000.0,
        "Total Expenses": 14912000.0,
        "Total Operating Income As Reported": NaN,
        "Diluted Average Shares": NaN,
        "Basic Average Shares": NaN,
        "Diluted EPS": NaN,
        "Basic EPS": NaN,
        "Diluted NI Availto Com Stockholders": 1249000.0,
        "Net Income Common Stockholders": 1249000.0,
        "Preferred Stock Dividends": 479000.0,
        "Net Income": 1728000.0,
        "Net Income Including Noncontrolling Interests": 1728000.0,
        "Net Income Discontinuous Operations": -80000.0,
        "Net Income Continuous Operations": 1808000.0,
        "Tax Provision": -847000.0,
        "Pretax Income": 961000.0,
        "Other Income Expense": 1358000.0,
        "Other Non Operating Income Expenses": 1358000.0,
        "Net Non Operating Interest Income Expense": 404000.0,
        "Total Other Finance Cost": -404000.0,
        "Operating Income": -801000.0,
        "Operating Expense": 3655000.0,
        "Depreciation Amortization Depletion Income Statement": 444000.0,
        "Depreciation And Amortization In Income Statement": 444000.0,
        "Amortization": 444000.0,
        "Amortization Of Intangibles Income Statement": 444000.0,
        "Selling General And Administration": 3211000.0,
        "Gross Profit": 2854000.0,
        "Cost Of Revenue": 11257000.0,
        "Total Revenue": 14111000.0,
        "Operating Revenue": 14111000.0
    },
    "2024-03-31": {
        "Tax Effect Of Unusual Items": 0.0,
        "Tax Rate For Calcs": 0.21,
        "Normalized EBITDA": -2274000.0,
        "Net Income From Continuing Operation Net Minority Interest": -2224000.0,
        "Reconciled Depreciation": 688000.0,
        "Reconciled Cost Of Revenue": 7298000.0,
        "EBITDA": -2274000.0,
        "EBIT": -2962000.0,
        "Net Interest Income": 374000.0,
        "Normalized Income": -2224000.0,
        "Net Income From Continuing And Discontinued Operation": -2224000.0,
        "Total Expenses": 12080000.0,
        "Total Operating Income As Reported": NaN,
        "Diluted Average Shares": 3168400.0,
        "Basic Average Shares": 3168400.0,
        "Diluted EPS": -0.85,
        "Basic EPS": -0.85,
        "Diluted NI Availto Com Stockholders": -2703000.0,
        "Net Income Common Stockholders": -2703000.0,
        "Preferred Stock Dividends": 479000.0,
        "Net Income": -2224000.0,
        "Net Income Including Noncontrolling Interests": -2224000.0,
        "Net Income Discontinuous Operations": 0.0,
        "Net Income Continuous Operations": -2224000.0,
        "Tax Provision": 35000.0,
        "Pretax Income": -2189000.0,
        "Other Income Expense": 399000.0,
        "Other Non Operating Income Expenses": 399000.0,
        "Net Non Operating Interest Income Expense": 374000.0,
        "Total Other Finance Cost": -374000.0,
        "Operating Income": -2962000.0,
        "Operating Expense": 4536000.0,
        "Depreciation Amortization Depletion Income Statement": 442000.0,
        "Depreciation And Amortization In Income Statement": 442000.0,
        "Amortization": 442000.0,
        "Amortization Of Intangibles Income Statement": 442000.0,
        "Selling General And Administration": 4094000.0,
        "Gross Profit": 1574000.0,
        "Cost Of Revenue": 7544000.0,
        "Total Revenue": 9118000.0,
        "Operating Revenue": 9118000.0
    },
    "2024-06-30": {
        "Tax Effect Of Unusual Items": 0.0,
        "Tax Rate For Calcs": 0.010193,
        "Normalized EBITDA": -2918000.0,
        "Net Income From Continuing Operation Net Minority Interest": -3787000.0,
        "Reconciled Depreciation": 795000.0,
        "Reconciled Cost Of Revenue": 11062000.0,
        "EBITDA": -2918000.0,
        "EBIT": -3713000.0,
        "Net Interest Income": 221000.0,
        "Normalized Income": -3787000.0,
        "Net Income From Continuing And Discontinued Operation": -3787000.0,
        "Total Expenses": 17196000.0,
        "Total Operating Income As Reported": NaN,
        "Diluted Average Shares": 3172000.0,
        "Basic Average Shares": 3172000.0,
        "Diluted EPS": -1.34,
        "Basic EPS": -1.34,
        "Diluted NI Availto Com Stockholders": -4266000.0,
        "Net Income Common Stockholders": -4266000.0,
        "Preferred Stock Dividends": 479000.0,
        "Net Income": -3787000.0,
        "Net Income Including Noncontrolling Interests": -3787000.0,
        "Net Income Discontinuous Operations": 0.0,
        "Net Income Continuous Operations": -3787000.0,
        "Tax Provision": -39000.0,
        "Pretax Income": -3826000.0,
        "Other Income Expense": -334000.0,
        "Other Non Operating Income Expenses": -334000.0,
        "Net Non Operating Interest Income Expense": 221000.0,
        "Total Other Finance Cost": -221000.0,
        "Operating Income": -3713000.0,
        "Operating Expense": 5929000.0,
        "Depreciation Amortization Depletion Income Statement": 590000.0,
        "Depreciation And Amortization In Income Statement": 590000.0,
        "Amortization": 590000.0,
        "Amortization Of Intangibles Income Statement": 590000.0,
        "Selling General And Administration": 5339000.0,
        "Gross Profit": 2216000.0,
        "Cost Of Revenue": 11267000.0,
        "Total Revenue": 13483000.0,
        "Operating Revenue": 13483000.0
    },
    "2024-09-30": {
        "Tax Effect Of Unusual Items": 0.0,
        "Tax Rate For Calcs": 0.009054,
        "Normalized EBITDA": -4287000.0,
        "Net Income From Continuing Operation Net Minority Interest": -1970000.0,
        "Reconciled Depreciation": 1035000.0,
        "Reconciled Cost Of Revenue": 10535000.0,
        "EBITDA": -4287000.0,
        "EBIT": -5322000.0,
        "Net Interest Income": 41000.0,
        "Normalized Income": -1970000.0,
        "Net Income From Continuing And Discontinued Operation": -1970000.0,
        "Total Expenses": 18985000.0,
        "Total Operating Income As Reported": -5322000.0,
        "Diluted Average Shares": 3210000.0,
        "Basic Average Shares": 3210000.0,
        "Diluted EPS": -0.782243,
        "Basic EPS": -0.61,
        "Diluted NI Availto Com Stockholders": -2511000.0,
        "Net Income Common Stockholders": -2511000.0,
        "Preferred Stock Dividends": 541000.0,
        "Net Income": -1970000.0,
        "Net Income Including Noncontrolling Interests": -1970000.0,
        "Net Income Discontinuous Operations": 0.0,
        "Net Income Continuous Operations": -1970000.0,
        "Tax Provision": -18000.0,
        "Pretax Income": -1988000.0,
        "Other Income Expense": 3293000.0,
        "Other Non Operating Income Expenses": 3293000.0,
        "Net Non Operating Interest Income Expense": 41000.0,
        "Total Other Finance Cost": -41000.0,
        "Operating Income": -5322000.0,
        "Operating Expense": 8139000.0,
        "Depreciation Amortization Depletion Income Statement": 724000.0,
        "Depreciation And Amortization In Income Statement": 724000.0,
        "Amortization": 724000.0,
        "Amortization Of Intangibles Income Statement": 724000.0,
        "Selling General And Administration": 7415000.0,
        "Gross Profit": 2817000.0,
        "Cost Of Revenue": 10846000.0,
        "Total Revenue": 13663000.0,
        "Operating Revenue": 13663000.0
    }
}