{
    "2023-06-30": {
        "Tax Effect Of Unusual Items": NaN,
        "Tax Rate For Calcs": NaN,
        "Total Unusual Items": 0.0,
        "Total Unusual Items Excluding Goodwill": 0.0,
        "Net Income From Continuing Operation Net Minority Interest": NaN,
        "Reconciled Depreciation": NaN,
        "Net Interest Income": NaN,
        "Interest Expense": NaN,
        "Interest Income": NaN,
        "Normalized Income": NaN,
        "Net Income From Continuing And Discontinued Operation": NaN,
        "Diluted Average Shares": NaN,
        "Basic Average Shares": NaN,
        "Diluted EPS": NaN,
        "Basic EPS": NaN,
        "Diluted NI Availto Com Stockholders": NaN,
        "Net Income Common Stockholders": NaN,
        "Otherunder Preferred Stock Dividend": NaN,
        "Preferred Stock Dividends": NaN,
        "Net Income": NaN,
        "Net Income Including Noncontrolling Interests": NaN,
        "Net Income Continuous Operations": NaN,
        "Tax Provision": NaN,
        "Pretax Income": NaN,
        "Special Income Charges": 0.0,
        "Gain On Sale Of Business": NaN,
        "Other Special Charges": NaN,
        "Restructuring And Mergern Acquisition": 0.0,
        "Gain On Sale Of Security": 0.0,
        "Depreciation Amortization Depletion Income Statement": NaN,
        "Depreciation And Amortization In Income Statement": NaN,
        "Amortization": NaN,
        "Amortization Of Intangibles Income Statement": NaN,
        "Selling General And Administration": NaN,
        "Selling And Marketing Expense": NaN,
        "General And Administrative Expense": NaN,
        "Salaries And Wages": NaN,
        "Total Revenue": NaN,
        "Operating Revenue": NaN,
        "Occupancy And Equipment": NaN,
        "Professional Expense And Contract Services Expense": NaN,
        "Other Non Interest Expense": NaN
    },
    "2023-03-31": {
        "Tax Effect Of Unusual Items": NaN,
        "Tax Rate For Calcs": NaN,
        "Total Unusual Items": NaN,
        "Total Unusual Items Excluding Goodwill": NaN,
        "Net Income From Continuing Operation Net Minority Interest": NaN,
        "Reconciled Depreciation": NaN,
        "Net Interest Income": NaN,
        "Interest Expense": NaN,
        "Interest Income": NaN,
        "Normalized Income": NaN,
        "Net Income From Continuing And Discontinued Operation": NaN,
        "Diluted Average Shares": NaN,
        "Basic Average Shares": NaN,
        "Diluted EPS": NaN,
        "Basic EPS": NaN,
        "Diluted NI Availto Com Stockholders": NaN,
        "Net Income Common Stockholders": NaN,
        "Otherunder Preferred Stock Dividend": 1000000.0,
        "Preferred Stock Dividends": NaN,
        "Net Income": NaN,
        "Net Income Including Noncontrolling Interests": NaN,
        "Net Income Continuous Operations": NaN,
        "Tax Provision": NaN,
        "Pretax Income": NaN,
        "Special Income Charges": NaN,
        "Gain On Sale Of Business": NaN,
        "Other Special Charges": NaN,
        "Restructuring And Mergern Acquisition": 0.0,
        "Gain On Sale Of Security": 0.0,
        "Depreciation Amortization Depletion Income Statement": NaN,
        "Depreciation And Amortization In Income Statement": NaN,
        "Amortization": NaN,
        "Amortization Of Intangibles Income Statement": NaN,
        "Selling General And Administration": NaN,
        "Selling And Marketing Expense": NaN,
        "General And Administrative Expense": NaN,
        "Salaries And Wages": NaN,
        "Total Revenue": NaN,
        "Operating Revenue": NaN,
        "Occupancy And Equipment": NaN,
        "Professional Expense And Contract Services Expense": NaN,
        "Other Non Interest Expense": NaN
    },
    "2022-12-31": {
        "Tax Effect Of Unusual Items": NaN,
        "Tax Rate For Calcs": NaN,
        "Total Unusual Items": NaN,
        "Total Unusual Items Excluding Goodwill": NaN,
        "Net Income From Continuing Operation Net Minority Interest": NaN,
        "Reconciled Depreciation": NaN,
        "Net Interest Income": NaN,
        "Interest Expense": NaN,
        "Interest Income": NaN,
        "Normalized Income": NaN,
        "Net Income From Continuing And Discontinued Operation": NaN,
        "Diluted Average Shares": NaN,
        "Basic Average Shares": NaN,
        "Diluted EPS": NaN,
        "Basic EPS": NaN,
        "Diluted NI Availto Com Stockholders": NaN,
        "Net Income Common Stockholders": NaN,
        "Otherunder Preferred Stock Dividend": 1000000.0,
        "Preferred Stock Dividends": NaN,
        "Net Income": NaN,
        "Net Income Including Noncontrolling Interests": NaN,
        "Net Income Continuous Operations": NaN,
        "Tax Provision": NaN,
        "Pretax Income": NaN,
        "Special Income Charges": NaN,
        "Other Special Charges": NaN,
        "Restructuring And Mergern Acquisition": 101000000.0,
        "Gain On Sale Of Security": 0.0,
        "Depreciation Amortization Depletion Income Statement": NaN,
        "Depreciation And Amortization In Income Statement": NaN,
        "Amortization": NaN,
        "Amortization Of Intangibles Income Statement": NaN,
        "Selling General And Administration": NaN,
        "Selling And Marketing Expense": NaN,
        "General And Administrative Expense": NaN,
        "Salaries And Wages": NaN,
        "Total Revenue": NaN,
        "Operating Revenue": NaN,
        "Occupancy And Equipment": NaN,
        "Professional Expense And Contract Services Expense": NaN,
        "Other Non Interest Expense": NaN
    },
    "2022-09-30": {
        "Tax Effect Of Unusual Items": -2431000.0,
        "Tax Rate For Calcs": 0.187,
        "Total Unusual Items": -13000000.0,
        "Total Unusual Items Excluding Goodwill": -13000000.0,
        "Net Income From Continuing Operation Net Minority Interest": 690000000.0,
        "Reconciled Depreciation": 58000000.0,
        "Net Interest Income": 660000000.0,
        "Interest Expense": 441000000.0,
        "Interest Income": 1101000000.0,
        "Normalized Income": 700569000.0,
        "Net Income From Continuing And Discontinued Operation": 690000000.0,
        "Diluted Average Shares": 372418000.0,
        "Basic Average Shares": 367789000.0,
        "Diluted EPS": 1.8,
        "Basic EPS": 1.82,
        "Diluted NI Availto Com Stockholders": 669000000.0,
        "Net Income Common Stockholders": 669000000.0,
        "Otherunder Preferred Stock Dividend": NaN,
        "Preferred Stock Dividends": 21000000.0,
        "Net Income": 690000000.0,
        "Net Income Including Noncontrolling Interests": 690000000.0,
        "Net Income Continuous Operations": 690000000.0,
        "Tax Provision": 159000000.0,
        "Pretax Income": 849000000.0,
        "Special Income Charges": -13000000.0,
        "Gain On Sale Of Business": 0.0,
        "Restructuring And Mergern Acquisition": 13000000.0,
        "Gain On Sale Of Security": 0.0,
        "Depreciation Amortization Depletion Income Statement": 58000000.0,
        "Depreciation And Amortization In Income Statement": 58000000.0,
        "Amortization": 58000000.0,
        "Amortization Of Intangibles Income Statement": 58000000.0,
        "Selling General And Administration": 1042000000.0,
        "Selling And Marketing Expense": 28000000.0,
        "General And Administrative Expense": 1042000000.0,
        "Salaries And Wages": 1042000000.0,
        "Total Revenue": 2959000000.0,
        "Operating Revenue": 2959000000.0
    },
    "2022-06-30": {
        "Tax Effect Of Unusual Items": -1260000.0,
        "Tax Rate For Calcs": 0.105,
        "Total Unusual Items": -12000000.0,
        "Total Unusual Items Excluding Goodwill": -12000000.0,
        "Net Income From Continuing Operation Net Minority Interest": 747000000.0,
        "Reconciled Depreciation": 60000000.0,
        "Net Interest Income": 584000000.0,
        "Interest Expense": 120000000.0,
        "Interest Income": 704000000.0,
        "Normalized Income": 757740000.0,
        "Net Income From Continuing And Discontinued Operation": 747000000.0,
        "Diluted Average Shares": 372123000.0,
        "Basic Average Shares": 367375000.0,
        "Diluted EPS": 1.91,
        "Basic EPS": 1.94,
        "Diluted NI Availto Com Stockholders": 712000000.0,
        "Net Income Common Stockholders": 712000000.0,
        "Otherunder Preferred Stock Dividend": NaN,
        "Preferred Stock Dividends": 35000000.0,
        "Net Income": 747000000.0,
        "Net Income Including Noncontrolling Interests": 747000000.0,
        "Net Income Continuous Operations": 747000000.0,
        "Tax Provision": 88000000.0,
        "Pretax Income": 835000000.0,
        "Special Income Charges": -12000000.0,
        "Gain On Sale Of Business": NaN,
        "Restructuring And Mergern Acquisition": 12000000.0,
        "Gain On Sale Of Security": -1000000.0,
        "Depreciation Amortization Depletion Income Statement": 60000000.0,
        "Depreciation And Amortization In Income Statement": 60000000.0,
        "Amortization": 60000000.0,
        "Amortization Of Intangibles Income Statement": 60000000.0,
        "Selling General And Administration": 1046000000.0,
        "Selling And Marketing Expense": 22000000.0,
        "General And Administrative Expense": 1046000000.0,
        "Insurance And Claims": 2000000.0,
        "Salaries And Wages": 1046000000.0,
        "Total Revenue": 2953000000.0,
        "Operating Revenue": 2953000000.0
    },
    "2022-03-31": {
        "Diluted EPS": 1.57,
        "Total Revenue": NaN,
        "Gross Profit": NaN,
        "Operating Income": 763,
        "EBIT": NaN,
        "Net Income": 583
    },
    "2021-12-31": {
        "Diluted EPS": 1.79,
        "Total Revenue": NaN,
        "Gross Profit": NaN,
        "Operating Income": 756,
        "EBIT": NaN,
        "Net Income": 662
    },
    "2021-09-30": {
        "Diluted EPS": 1.96,
        "Total Revenue": NaN,
        "Gross Profit": NaN,
        "Operating Income": 894,
        "EBIT": NaN,
        "Net Income": 693
    },
    "2021-06-30": {
        "Diluted EPS": 2.07,
        "Total Revenue": NaN,
        "Gross Profit": NaN,
        "Operating Income": 949,
        "EBIT": NaN,
        "Net Income": 728
    },
    "2021-03-31": {
        "Diluted EPS": 1.37,
        "Total Revenue": NaN,
        "Gross Profit": NaN,
        "Operating Income": 637,
        "EBIT": NaN,
        "Net Income": 489
    },
    "2020-12-31": {
        "Diluted EPS": 1.39,
        "Total Revenue": NaN,
        "Gross Profit": NaN,
        "Operating Income": 653,
        "EBIT": NaN,
        "Net Income": 498
    },
    "2020-09-30": {
        "Diluted EPS": 1.45,
        "Total Revenue": NaN,
        "Gross Profit": NaN,
        "Operating Income": 696,
        "EBIT": NaN,
        "Net Income": 517
    },
    "2020-06-30": {
        "Diluted EPS": 1.86,
        "Total Revenue": NaN,
        "Gross Profit": NaN,
        "Operating Income": 815,
        "EBIT": NaN,
        "Net Income": 662
    },
    "2020-03-31": {
        "Diluted EPS": 1.62,
        "Total Revenue": NaN,
        "Gross Profit": NaN,
        "Operating Income": 785,
        "EBIT": NaN,
        "Net Income": 580
    },
    "2019-12-31": {
        "Diluted EPS": 1.36,
        "Total Revenue": NaN,
        "Gross Profit": NaN,
        "Operating Income": 667,
        "EBIT": NaN,
        "Net Income": 492
    },
    "2019-09-30": {
        "Diluted EPS": 1.42,
        "Total Revenue": NaN,
        "Gross Profit": NaN,
        "Operating Income": 748,
        "EBIT": NaN,
        "Net Income": 528
    },
    "2019-06-30": {
        "Diluted EPS": 1.42,
        "Total Revenue": NaN,
        "Gross Profit": NaN,
        "Operating Income": 730,
        "EBIT": NaN,
        "Net Income": 537
    },
    "2019-03-31": {
        "Diluted EPS": 1.18,
        "Total Revenue": NaN,
        "Gross Profit": NaN,
        "Operating Income": 644,
        "EBIT": NaN,
        "Net Income": 452
    },
    "2018-12-31": {
        "Diluted EPS": 1.02,
        "Total Revenue": NaN,
        "Gross Profit": NaN,
        "Operating Income": 553,
        "EBIT": NaN,
        "Net Income": 396
    },
    "2018-09-30": {
        "Diluted EPS": 1.87,
        "Total Revenue": NaN,
        "Gross Profit": NaN,
        "Operating Income": 893,
        "EBIT": NaN,
        "Net Income": 708
    },
    "2018-06-30": {
        "Diluted EPS": 1.88,
        "Total Revenue": NaN,
        "Gross Profit": NaN,
        "Operating Income": 891,
        "EBIT": NaN,
        "Net Income": 697
    },
    "2018-03-31": {
        "Diluted EPS": 1.62,
        "Total Revenue": NaN,
        "Gross Profit": NaN,
        "Operating Income": 788,
        "EBIT": NaN,
        "Net Income": 603
    },
    "2017-12-31": {
        "Diluted EPS": 0.85,
        "Total Revenue": NaN,
        "Gross Profit": NaN,
        "Operating Income": 946,
        "EBIT": NaN,
        "Net Income": 313
    },
    "2017-09-30": {
        "Diluted EPS": 1.66,
        "Total Revenue": NaN,
        "Gross Profit": NaN,
        "Operating Income": 855,
        "EBIT": NaN,
        "Net Income": 629
    },
    "2017-06-30": {
        "Diluted EPS": 1.53,
        "Total Revenue": NaN,
        "Gross Profit": NaN,
        "Operating Income": 847,
        "EBIT": NaN,
        "Net Income": 584
    },
    "2017-03-31": {
        "Diluted EPS": 1.15,
        "Total Revenue": NaN,
        "Gross Profit": NaN,
        "Operating Income": 613,
        "EBIT": NaN,
        "Net Income": 446
    },
    "2016-12-31": {
        "Diluted EPS": 1.42,
        "Total Revenue": NaN,
        "Gross Profit": NaN,
        "Operating Income": 388,
        "EBIT": NaN,
        "Net Income": 557
    },
    "2016-09-30": {
        "Diluted EPS": 1.29,
        "Total Revenue": NaN,
        "Gross Profit": NaN,
        "Operating Income": 678,
        "EBIT": NaN,
        "Net Income": 507
    },
    "2016-06-30": {
        "Diluted EPS": 1.47,
        "Total Revenue": NaN,
        "Gross Profit": NaN,
        "Operating Income": 729,
        "EBIT": NaN,
        "Net Income": 585
    },
    "2016-03-31": {
        "Diluted EPS": 0.79,
        "Total Revenue": NaN,
        "Gross Profit": NaN,
        "Operating Income": 534,
        "EBIT": NaN,
        "Net Income": 319
    },
    "2015-12-31": {
        "Diluted EPS": 1.34,
        "Total Revenue": NaN,
        "Gross Profit": NaN,
        "Operating Income": 686,
        "EBIT": NaN,
        "Net Income": 547
    },
    "2015-09-30": {
        "Diluted EPS": 1.31,
        "Total Revenue": NaN,
        "Gross Profit": NaN,
        "Operating Income": 657,
        "EBIT": NaN,
        "Net Income": 539
    },
    "2015-06-30": {
        "Diluted EPS": 0.93,
        "Total Revenue": NaN,
        "Gross Profit": NaN,
        "Operating Income": 475,
        "EBIT": NaN,
        "Net Income": 389
    },
    "2015-03-31": {
        "Diluted EPS": 0.89,
        "Total Revenue": NaN,
        "Gross Profit": NaN,
        "Operating Income": 505,
        "EBIT": NaN,
        "Net Income": 373
    },
    "2014-12-31": {
        "Diluted EPS": 1.08,
        "Total Revenue": NaN,
        "Gross Profit": NaN,
        "Operating Income": 600,
        "EBIT": NaN,
        "Net Income": 458
    },
    "2014-09-30": {
        "Diluted EPS": 1.26,
        "Total Revenue": NaN,
        "Gross Profit": NaN,
        "Operating Income": 708,
        "EBIT": NaN,
        "Net Income": 542
    },
    "2014-06-30": {
        "Diluted EPS": 1.38,
        "Total Revenue": NaN,
        "Gross Profit": NaN,
        "Operating Income": 774,
        "EBIT": NaN,
        "Net Income": 602
    },
    "2014-03-31": {
        "Diluted EPS": 0.81,
        "Total Revenue": NaN,
        "Gross Profit": NaN,
        "Operating Income": 488,
        "EBIT": NaN,
        "Net Income": 356
    },
    "2013-12-31": {
        "Diluted EPS": 1.04,
        "Total Revenue": NaN,
        "Gross Profit": NaN,
        "Operating Income": 628,
        "EBIT": NaN,
        "Net Income": 459
    },
    "2013-09-30": {
        "Diluted EPS": 1.17,
        "Total Revenue": NaN,
        "Gross Profit": NaN,
        "Operating Income": 733,
        "EBIT": NaN,
        "Net Income": 531
    },
    "2013-06-30": {
        "Diluted EPS": 1.24,
        "Total Revenue": NaN,
        "Gross Profit": NaN,
        "Operating Income": 792,
        "EBIT": NaN,
        "Net Income": 571
    },
    "2013-03-31": {
        "Diluted EPS": 0.98,
        "Total Revenue": NaN,
        "Gross Profit": NaN,
        "Operating Income": 623,
        "EBIT": NaN,
        "Net Income": 455
    },
    "2012-12-31": {
        "Diluted EPS": 1.01,
        "Total Revenue": NaN,
        "Gross Profit": NaN,
        "Operating Income": 726,
        "EBIT": NaN,
        "Net Income": 468
    },
    "2012-09-30": {
        "Diluted EPS": 1.36,
        "Total Revenue": NaN,
        "Gross Profit": NaN,
        "Operating Income": 969,
        "EBIT": NaN,
        "Net Income": 654
    },
    "2012-06-30": {
        "Diluted EPS": 0.98,
        "Total Revenue": NaN,
        "Gross Profit": NaN,
        "Operating Income": 689,
        "EBIT": NaN,
        "Net Income": 480
    },
    "2012-03-31": {
        "Diluted EPS": 0.85,
        "Total Revenue": NaN,
        "Gross Profit": NaN,
        "Operating Income": 607,
        "EBIT": NaN,
        "Net Income": 417
    },
    "2011-12-31": {
        "Diluted EPS": 0.76,
        "Total Revenue": NaN,
        "Gross Profit": NaN,
        "Operating Income": 680,
        "EBIT": NaN,
        "Net Income": 371
    },
    "2011-09-30": {
        "Diluted EPS": 1.1,
        "Total Revenue": NaN,
        "Gross Profit": NaN,
        "Operating Income": 714,
        "EBIT": NaN,
        "Net Income": 543
    },
    "2011-06-30": {
        "Diluted EPS": 1.0,
        "Total Revenue": NaN,
        "Gross Profit": NaN,
        "Operating Income": 732,
        "EBIT": NaN,
        "Net Income": 502
    },
    "2011-03-31": {
        "Diluted EPS": 0.93,
        "Total Revenue": NaN,
        "Gross Profit": NaN,
        "Operating Income": 679,
        "EBIT": NaN,
        "Net Income": 466
    },
    "2010-12-31": {
        "Diluted EPS": 0.15,
        "Total Revenue": NaN,
        "Gross Profit": NaN,
        "Operating Income": 427,
        "EBIT": NaN,
        "Net Income": 81
    },
    "2010-09-30": {
        "Diluted EPS": 1.08,
        "Total Revenue": NaN,
        "Gross Profit": NaN,
        "Operating Income": 805,
        "EBIT": NaN,
        "Net Income": 540
    },
    "2010-06-30": {
        "Diluted EPS": 0.87,
        "Total Revenue": NaN,
        "Gross Profit": NaN,
        "Operating Income": 391,
        "EBIT": NaN,
        "Net Income": 427
    },
    "2010-03-31": {
        "Diluted EPS": 0.99,
        "Total Revenue": NaN,
        "Gross Profit": NaN,
        "Operating Income": 715,
        "EBIT": NaN,
        "Net Income": 492
    },
    "2009-12-31": {
        "Diluted EPS": 1.16,
        "Total Revenue": NaN,
        "Gross Profit": NaN,
        "Operating Income": 689,
        "EBIT": NaN,
        "Net Income": 498
    },
    "2009-09-30": {
        "Diluted EPS": 0.66,
        "Total Revenue": NaN,
        "Gross Profit": NaN,
        "Operating Income": 748,
        "EBIT": NaN,
        "Net Income": 327
    },
    "2009-06-30": {
        "Diluted EPS": -7.16,
        "Total Revenue": NaN,
        "Gross Profit": NaN,
        "Operating Income": 756,
        "EBIT": NaN,
        "Net Income": NaN
    },
    "2009-03-31": {
        "Diluted EPS": 1.02,
        "Total Revenue": NaN,
        "Gross Profit": NaN,
        "Operating Income": 631,
        "EBIT": NaN,
        "Net Income": 445
    },
    "2023-09-30": {
        "Tax Effect Of Unusual Items": 0.0,
        "Tax Rate For Calcs": 0.174,
        "Total Unusual Items": 0.0,
        "Total Unusual Items Excluding Goodwill": 0.0,
        "Net Income From Continuing Operation Net Minority Interest": 422000000.0,
        "Reconciled Depreciation": 223000000.0,
        "Net Interest Income": 624000000.0,
        "Interest Expense": 1704000000.0,
        "Interest Income": 2328000000.0,
        "Normalized Income": 422000000.0,
        "Net Income From Continuing And Discontinued Operation": 422000000.0,
        "Diluted Average Shares": 317329000.0,
        "Basic Average Shares": 313147000.0,
        "Diluted EPS": 1.25,
        "Basic EPS": 1.27,
        "Diluted NI Availto Com Stockholders": 398000000.0,
        "Net Income Common Stockholders": 398000000.0,
        "Otherunder Preferred Stock Dividend": NaN,
        "Preferred Stock Dividends": 24000000.0,
        "Net Income": 422000000.0,
        "Net Income Including Noncontrolling Interests": 422000000.0,
        "Net Income Continuous Operations": 422000000.0,
        "Tax Provision": 89000000.0,
        "Pretax Income": 511000000.0,
        "Special Income Charges": 0.0,
        "Gain On Sale Of Business": NaN,
        "Other Special Charges": NaN,
        "Restructuring And Mergern Acquisition": 0.0,
        "Gain On Sale Of Security": -294000000.0,
        "Depreciation Amortization Depletion Income Statement": 60000000.0,
        "Depreciation And Amortization In Income Statement": 60000000.0,
        "Amortization": 60000000.0,
        "Amortization Of Intangibles Income Statement": 60000000.0,
        "Selling General And Administration": 1120000000.0,
        "Selling And Marketing Expense": 38000000.0,
        "General And Administrative Expense": 1082000000.0,
        "Salaries And Wages": 1082000000.0,
        "Total Revenue": 2691000000.0,
        "Operating Revenue": 2691000000.0,
        "Occupancy And Equipment": 101000000.0,
        "Professional Expense And Contract Services Expense": 99000000.0,
        "Other Non Interest Expense": 800000000.0
    },
    "2023-12-31": {
        "Tax Effect Of Unusual Items": -130200000.0,
        "Tax Rate For Calcs": 0.21,
        "Total Unusual Items": -620000000.0,
        "Total Unusual Items Excluding Goodwill": -620000000.0,
        "Net Income From Continuing Operation Net Minority Interest": 210000000.0,
        "Reconciled Depreciation": 191000000.0,
        "Net Interest Income": 678000000.0,
        "Interest Expense": 1915000000.0,
        "Interest Income": 2593000000.0,
        "Normalized Income": 699800000.0,
        "Net Income From Continuing And Discontinued Operation": 210000000.0,
        "Diluted Average Shares": 310419000.0,
        "Basic Average Shares": 306198000.0,
        "Diluted EPS": 0.55,
        "Basic EPS": 0.56,
        "Diluted NI Availto Com Stockholders": 172000000.0,
        "Net Income Common Stockholders": 172000000.0,
        "Otherunder Preferred Stock Dividend": 0.0,
        "Preferred Stock Dividends": 38000000.0,
        "Net Income": 210000000.0,
        "Net Income Including Noncontrolling Interests": 210000000.0,
        "Net Income Continuous Operations": 210000000.0,
        "Tax Provision": -9000000.0,
        "Pretax Income": 201000000.0,
        "Special Income Charges": -620000000.0,
        "Gain On Sale Of Business": NaN,
        "Other Special Charges": NaN,
        "Restructuring And Mergern Acquisition": 188000000.0,
        "Gain On Sale Of Security": 0.0,
        "Depreciation Amortization Depletion Income Statement": 59000000.0,
        "Depreciation And Amortization In Income Statement": 59000000.0,
        "Amortization": 59000000.0,
        "Amortization Of Intangibles Income Statement": 59000000.0,
        "Selling General And Administration": 1116000000.0,
        "Selling And Marketing Expense": 51000000.0,
        "General And Administrative Expense": 1065000000.0,
        "Salaries And Wages": 1065000000.0,
        "Total Revenue": 3043000000.0,
        "Operating Revenue": 3043000000.0,
        "Occupancy And Equipment": 107000000.0,
        "Professional Expense And Contract Services Expense": 113000000.0,
        "Other Non Interest Expense": 807000000.0
    },
    "2024-03-31": {
        "Tax Effect Of Unusual Items": -29250000.0,
        "Tax Rate For Calcs": 0.225,
        "Total Unusual Items": -130000000.0,
        "Total Unusual Items Excluding Goodwill": -130000000.0,
        "Net Income From Continuing Operation Net Minority Interest": 463000000.0,
        "Reconciled Depreciation": 181000000.0,
        "Net Interest Income": 716000000.0,
        "Interest Expense": 2173000000.0,
        "Interest Income": 2889000000.0,
        "Normalized Income": 563750000.0,
        "Net Income From Continuing And Discontinued Operation": 463000000.0,
        "Diluted Average Shares": 305943000.0,
        "Basic Average Shares": 301991000.0,
        "Diluted EPS": 1.37,
        "Basic EPS": 1.38,
        "Diluted NI Availto Com Stockholders": 418000000.0,
        "Net Income Common Stockholders": 418000000.0,
        "Otherunder Preferred Stock Dividend": NaN,
        "Preferred Stock Dividends": 45000000.0,
        "Net Income": 463000000.0,
        "Net Income Including Noncontrolling Interests": 463000000.0,
        "Net Income Continuous Operations": 463000000.0,
        "Tax Provision": 135000000.0,
        "Pretax Income": 598000000.0,
        "Special Income Charges": -130000000.0,
        "Gain On Sale Of Business": NaN,
        "Other Special Charges": 130000000.0,
        "Restructuring And Mergern Acquisition": NaN,
        "Gain On Sale Of Security": NaN,
        "Depreciation Amortization Depletion Income Statement": 60000000.0,
        "Depreciation And Amortization In Income Statement": 60000000.0,
        "Amortization": 60000000.0,
        "Amortization Of Intangibles Income Statement": 60000000.0,
        "Selling General And Administration": 1277000000.0,
        "Selling And Marketing Expense": 25000000.0,
        "General And Administrative Expense": 1252000000.0,
        "Salaries And Wages": 1252000000.0,
        "Total Revenue": 3138000000.0,
        "Operating Revenue": 3138000000.0,
        "Occupancy And Equipment": 103000000.0,
        "Professional Expense And Contract Services Expense": 110000000.0,
        "Other Non Interest Expense": 833000000.0
    },
    "2024-06-30": {
        "Tax Effect Of Unusual Items": 0.0,
        "Tax Rate For Calcs": 0.221,
        "Total Unusual Items": NaN,
        "Total Unusual Items Excluding Goodwill": NaN,
        "Net Income From Continuing Operation Net Minority Interest": 711000000.0,
        "Reconciled Depreciation": 161000000.0,
        "Net Interest Income": 735000000.0,
        "Interest Expense": 2263000000.0,
        "Interest Income": 2998000000.0,
        "Normalized Income": 711000000.0,
        "Net Income From Continuing And Discontinued Operation": 711000000.0,
        "Diluted Average Shares": 304765000.0,
        "Basic Average Shares": 300564000.0,
        "Diluted EPS": 2.15,
        "Basic EPS": 2.18,
        "Diluted NI Availto Com Stockholders": 655000000.0,
        "Net Income Common Stockholders": 655000000.0,
        "Otherunder Preferred Stock Dividend": 1000000.0,
        "Preferred Stock Dividends": 55000000.0,
        "Net Income": 711000000.0,
        "Net Income Including Noncontrolling Interests": 711000000.0,
        "Net Income Continuous Operations": 711000000.0,
        "Tax Provision": 201000000.0,
        "Pretax Income": 912000000.0,
        "Special Income Charges": NaN,
        "Gain On Sale Of Business": NaN,
        "Other Special Charges": NaN,
        "Restructuring And Mergern Acquisition": NaN,
        "Gain On Sale Of Security": NaN,
        "Depreciation Amortization Depletion Income Statement": 60000000.0,
        "Depreciation And Amortization In Income Statement": 60000000.0,
        "Amortization": 60000000.0,
        "Amortization Of Intangibles Income Statement": 60000000.0,
        "Selling General And Administration": 1133000000.0,
        "Selling And Marketing Expense": 34000000.0,
        "General And Administrative Expense": 1099000000.0,
        "Salaries And Wages": 1099000000.0,
        "Total Revenue": 3191000000.0,
        "Operating Revenue": 3191000000.0,
        "Occupancy And Equipment": 106000000.0,
        "Professional Expense And Contract Services Expense": 111000000.0,
        "Other Non Interest Expense": 859000000.0
    },
    "2024-09-30": {
        "Tax Effect Of Unusual Items": 17091000.0,
        "Tax Rate For Calcs": 0.211,
        "Total Unusual Items": 81000000.0,
        "Total Unusual Items Excluding Goodwill": 81000000.0,
        "Net Income From Continuing Operation Net Minority Interest": 730000000.0,
        "Reconciled Depreciation": 144000000.0,
        "Net Interest Income": 723000000.0,
        "Interest Expense": 2358000000.0,
        "Interest Income": 3081000000.0,
        "Normalized Income": 666091000.0,
        "Net Income From Continuing And Discontinued Operation": 730000000.0,
        "Diluted Average Shares": 301847000.0,
        "Basic Average Shares": 297365000.0,
        "Diluted EPS": 2.26,
        "Basic EPS": 2.29,
        "Diluted NI Availto Com Stockholders": 682000000.0,
        "Net Income Common Stockholders": 682000000.0,
        "Otherunder Preferred Stock Dividend": NaN,
        "Preferred Stock Dividends": 48000000.0,
        "Net Income": 730000000.0,
        "Net Income Including Noncontrolling Interests": 730000000.0,
        "Net Income Continuous Operations": 730000000.0,
        "Tax Provision": 195000000.0,
        "Pretax Income": 925000000.0,
        "Special Income Charges": 81000000.0,
        "Gain On Sale Of Business": 66000000.0,
        "Other Special Charges": -15000000.0,
        "Restructuring And Mergern Acquisition": NaN,
        "Gain On Sale Of Security": -80000000.0,
        "Depreciation Amortization Depletion Income Statement": 56000000.0,
        "Depreciation And Amortization In Income Statement": 56000000.0,
        "Amortization": 56000000.0,
        "Amortization Of Intangibles Income Statement": 56000000.0,
        "Selling General And Administration": 1179000000.0,
        "Selling And Marketing Expense": 45000000.0,
        "General And Administrative Expense": 1134000000.0,
        "Salaries And Wages": 1134000000.0,
        "Total Revenue": 3178000000.0,
        "Operating Revenue": 3178000000.0,
        "Occupancy And Equipment": 105000000.0,
        "Professional Expense And Contract Services Expense": 105000000.0,
        "Other Non Interest Expense": 863000000.0
    }
}