{
    "2023-06-30": {
        "Tax Effect Of Unusual Items": -1530000.0,
        "Tax Rate For Calcs": 0.17,
        "Normalized EBITDA": 112000000.0,
        "Total Unusual Items": -9000000.0,
        "Total Unusual Items Excluding Goodwill": -9000000.0,
        "Net Income From Continuing Operation Net Minority Interest": -92000000.0,
        "Reconciled Depreciation": 104000000.0,
        "Reconciled Cost Of Revenue": 1194000000.0,
        "EBITDA": 103000000.0,
        "EBIT": -1000000.0,
        "Net Interest Income": -78000000.0,
        "Interest Expense": 84000000.0,
        "Interest Income": 6000000.0,
        "Normalized Income": -84530000.0,
        "Net Income From Continuing And Discontinued Operation": -92000000.0,
        "Total Expenses": 1584000000.0,
        "Total Operating Income As Reported": 26000000.0,
        "Diluted Average Shares": 207000000.0,
        "Basic Average Shares": 207000000.0,
        "Diluted EPS": -0.44,
        "Basic EPS": -0.44,
        "Diluted NI Availto Com Stockholders": -92000000.0,
        "Net Income Common Stockholders": -92000000.0,
        "Net Income": -92000000.0,
        "Net Income Including Noncontrolling Interests": -92000000.0,
        "Net Income Continuous Operations": -92000000.0,
        "Tax Provision": 7000000.0,
        "Pretax Income": -85000000.0,
        "Other Income Expense": -25000000.0,
        "Other Non Operating Income Expenses": -16000000.0,
        "Special Income Charges": -9000000.0,
        "Other Special Charges": 17000000.0,
        "Restructuring And Mergern Acquisition": -8000000.0,
        "Gain On Sale Of Security": NaN,
        "Net Non Operating Interest Income Expense": -78000000.0,
        "Interest Expense Non Operating": 84000000.0,
        "Interest Income Non Operating": 6000000.0,
        "Operating Income": 18000000.0,
        "Operating Expense": 286000000.0,
        "Depreciation Amortization Depletion Income Statement": 0.0,
        "Depreciation And Amortization In Income Statement": 0.0,
        "Amortization": 0.0,
        "Amortization Of Intangibles Income Statement": 0.0,
        "Research And Development": 172000000.0,
        "Selling General And Administration": 114000000.0,
        "Selling And Marketing Expense": NaN,
        "Gross Profit": 304000000.0,
        "Cost Of Revenue": 1298000000.0,
        "Total Revenue": 1602000000.0,
        "Operating Revenue": 1602000000.0
    },
    "2023-03-31": {
        "Tax Effect Of Unusual Items": -53890000.0,
        "Tax Rate For Calcs": 0.17,
        "Normalized EBITDA": 124000000.0,
        "Total Unusual Items": -317000000.0,
        "Total Unusual Items Excluding Goodwill": -317000000.0,
        "Net Income From Continuing Operation Net Minority Interest": -433000000.0,
        "Reconciled Depreciation": 126000000.0,
        "Reconciled Cost Of Revenue": 1415000000.0,
        "EBITDA": -193000000.0,
        "EBIT": -319000000.0,
        "Net Interest Income": -79000000.0,
        "Interest Expense": 81000000.0,
        "Interest Income": 2000000.0,
        "Normalized Income": -169890000.0,
        "Net Income From Continuing And Discontinued Operation": -433000000.0,
        "Total Expenses": 1855000000.0,
        "Total Operating Income As Reported": -315000000.0,
        "Diluted Average Shares": 207000000.0,
        "Basic Average Shares": 207000000.0,
        "Diluted EPS": -2.09,
        "Basic EPS": -2.09,
        "Diluted NI Availto Com Stockholders": -433000000.0,
        "Net Income Common Stockholders": -433000000.0,
        "Net Income": -433000000.0,
        "Net Income Including Noncontrolling Interests": -433000000.0,
        "Net Income Continuous Operations": -433000000.0,
        "Tax Provision": 33000000.0,
        "Pretax Income": -400000000.0,
        "Other Income Expense": -326000000.0,
        "Other Non Operating Income Expenses": -9000000.0,
        "Special Income Charges": -317000000.0,
        "Other Special Charges": 297000000.0,
        "Restructuring And Mergern Acquisition": 20000000.0,
        "Gain On Sale Of Security": NaN,
        "Net Non Operating Interest Income Expense": -79000000.0,
        "Interest Expense Non Operating": 81000000.0,
        "Interest Income Non Operating": 2000000.0,
        "Operating Income": 5000000.0,
        "Operating Expense": 314000000.0,
        "Depreciation Amortization Depletion Income Statement": 0.0,
        "Depreciation And Amortization In Income Statement": 0.0,
        "Amortization": 0.0,
        "Amortization Of Intangibles Income Statement": 0.0,
        "Research And Development": 191000000.0,
        "Selling General And Administration": 123000000.0,
        "Selling And Marketing Expense": NaN,
        "Gross Profit": 319000000.0,
        "Cost Of Revenue": 1541000000.0,
        "Total Revenue": 1860000000.0,
        "Operating Revenue": 1860000000.0
    },
    "2022-12-31": {
        "Tax Effect Of Unusual Items": 16184210.526316,
        "Tax Rate For Calcs": 0.131579,
        "Normalized EBITDA": 64000000.0,
        "Total Unusual Items": 123000000.0,
        "Total Unusual Items Excluding Goodwill": 123000000.0,
        "Net Income From Continuing Operation Net Minority Interest": -33000000.0,
        "Reconciled Depreciation": 148000000.0,
        "Reconciled Cost Of Revenue": 1493000000.0,
        "EBITDA": 187000000.0,
        "EBIT": 39000000.0,
        "Net Interest Income": -76000000.0,
        "Interest Expense": 77000000.0,
        "Interest Income": 1000000.0,
        "Normalized Income": -139815789.473684,
        "Net Income From Continuing And Discontinued Operation": -33000000.0,
        "Total Expenses": 1966000000.0,
        "Total Operating Income As Reported": -160000000.0,
        "Diluted Average Shares": 206000000.0,
        "Basic Average Shares": 206000000.0,
        "Diluted EPS": -0.16,
        "Basic EPS": -0.16,
        "Diluted NI Availto Com Stockholders": -33000000.0,
        "Net Income Common Stockholders": -33000000.0,
        "Net Income": -33000000.0,
        "Net Income Including Noncontrolling Interests": -33000000.0,
        "Net Income Continuous Operations": -33000000.0,
        "Tax Provision": -5000000.0,
        "Pretax Income": -38000000.0,
        "Other Income Expense": 117000000.0,
        "Other Non Operating Income Expenses": -6000000.0,
        "Special Income Charges": 123000000.0,
        "Other Special Charges": -204000000.0,
        "Restructuring And Mergern Acquisition": 81000000.0,
        "Gain On Sale Of Security": 204000000.0,
        "Net Non Operating Interest Income Expense": -76000000.0,
        "Interest Expense Non Operating": 77000000.0,
        "Interest Income Non Operating": 1000000.0,
        "Operating Income": -79000000.0,
        "Operating Expense": 325000000.0,
        "Depreciation Amortization Depletion Income Statement": 0.0,
        "Depreciation And Amortization In Income Statement": 0.0,
        "Amortization": 0.0,
        "Amortization Of Intangibles Income Statement": 0.0,
        "Research And Development": 200000000.0,
        "Selling General And Administration": 125000000.0,
        "Selling And Marketing Expense": 125000000.0,
        "Gross Profit": 246000000.0,
        "Cost Of Revenue": 1641000000.0,
        "Total Revenue": 1887000000.0,
        "Operating Revenue": 1887000000.0
    },
    "2022-09-30": {
        "Tax Effect Of Unusual Items": -1530000.0,
        "Tax Rate For Calcs": 0.17,
        "Normalized EBITDA": 242000000.0,
        "Total Unusual Items": -9000000.0,
        "Total Unusual Items Excluding Goodwill": -9000000.0,
        "Net Income From Continuing Operation Net Minority Interest": 29000000.0,
        "Reconciled Depreciation": 135000000.0,
        "Reconciled Cost Of Revenue": 1421000000.0,
        "EBITDA": 233000000.0,
        "EBIT": 98000000.0,
        "Net Interest Income": -70000000.0,
        "Interest Expense": 71000000.0,
        "Interest Income": 1000000.0,
        "Normalized Income": 36470000.0,
        "Net Income From Continuing And Discontinued Operation": 29000000.0,
        "Total Expenses": 1919000000.0,
        "Total Operating Income As Reported": 107000000.0,
        "Diluted Average Shares": 210000000.0,
        "Basic Average Shares": 208000000.0,
        "Diluted EPS": 0.14,
        "Basic EPS": 0.14,
        "Diluted NI Availto Com Stockholders": 29000000.0,
        "Net Income Common Stockholders": 29000000.0,
        "Net Income": 29000000.0,
        "Net Income Including Noncontrolling Interests": 29000000.0,
        "Net Income Continuous Operations": 29000000.0,
        "Tax Provision": -2000000.0,
        "Pretax Income": 27000000.0,
        "Other Income Expense": -19000000.0,
        "Other Non Operating Income Expenses": -10000000.0,
        "Special Income Charges": -9000000.0,
        "Other Special Charges": NaN,
        "Restructuring And Mergern Acquisition": 9000000.0,
        "Gain On Sale Of Security": NaN,
        "Net Non Operating Interest Income Expense": -70000000.0,
        "Interest Expense Non Operating": 71000000.0,
        "Interest Income Non Operating": 1000000.0,
        "Operating Income": 116000000.0,
        "Operating Expense": 366000000.0,
        "Depreciation Amortization Depletion Income Statement": 3000000.0,
        "Depreciation And Amortization In Income Statement": 3000000.0,
        "Amortization": 3000000.0,
        "Amortization Of Intangibles Income Statement": 3000000.0,
        "Research And Development": 234000000.0,
        "Selling General And Administration": 129000000.0,
        "Selling And Marketing Expense": NaN,
        "Gross Profit": 482000000.0,
        "Cost Of Revenue": 1553000000.0,
        "Total Revenue": 2035000000.0,
        "Operating Revenue": 2035000000.0
    },
    "2022-06-30": {
        "Tax Effect Of Unusual Items": -17793.594306,
        "Tax Rate For Calcs": 0.017794,
        "Normalized EBITDA": 474000000.0,
        "Total Unusual Items": -1000000.0,
        "Total Unusual Items Excluding Goodwill": -1000000.0,
        "Net Income From Continuing Operation Net Minority Interest": 276000000.0,
        "Reconciled Depreciation": 127000000.0,
        "Reconciled Cost Of Revenue": 1744000000.0,
        "EBITDA": 473000000.0,
        "EBIT": 346000000.0,
        "Net Interest Income": -64000000.0,
        "Interest Expense": 65000000.0,
        "Interest Income": 1000000.0,
        "Normalized Income": 276982206.405694,
        "Net Income From Continuing And Discontinued Operation": 276000000.0,
        "Total Expenses": 2267000000.0,
        "Total Operating Income As Reported": 360000000.0,
        "Diluted Average Shares": 217000000.0,
        "Basic Average Shares": 213000000.0,
        "Diluted EPS": 1.27,
        "Basic EPS": 1.3,
        "Diluted NI Availto Com Stockholders": 276000000.0,
        "Net Income Common Stockholders": 276000000.0,
        "Net Income": 276000000.0,
        "Net Income Including Noncontrolling Interests": 276000000.0,
        "Net Income Continuous Operations": 276000000.0,
        "Tax Provision": 5000000.0,
        "Pretax Income": 281000000.0,
        "Other Income Expense": -16000000.0,
        "Other Non Operating Income Expenses": -15000000.0,
        "Special Income Charges": -1000000.0,
        "Other Special Charges": NaN,
        "Restructuring And Mergern Acquisition": 1000000.0,
        "Gain On Sale Of Security": NaN,
        "Net Non Operating Interest Income Expense": -64000000.0,
        "Interest Expense Non Operating": 65000000.0,
        "Interest Income Non Operating": 1000000.0,
        "Operating Income": 361000000.0,
        "Operating Expense": 398000000.0,
        "Depreciation Amortization Depletion Income Statement": 2000000.0,
        "Depreciation And Amortization In Income Statement": 2000000.0,
        "Amortization": 2000000.0,
        "Amortization Of Intangibles Income Statement": 2000000.0,
        "Research And Development": 247000000.0,
        "Selling General And Administration": 149000000.0,
        "Selling And Marketing Expense": NaN,
        "Gross Profit": 759000000.0,
        "Cost Of Revenue": 1869000000.0,
        "Total Revenue": 2628000000.0,
        "Operating Revenue": 2628000000.0
    },
    "2022-03-31": {
        "Diluted EPS": 1.56,
        "Total Revenue": NaN,
        "Gross Profit": 806,
        "Operating Income": 429,
        "EBIT": 541,
        "Net Income": 346
    },
    "2021-12-31": {
        "Diluted EPS": 2.23,
        "Total Revenue": NaN,
        "Gross Profit": 948,
        "Operating Income": 580,
        "EBIT": 688,
        "Net Income": 501
    },
    "2021-09-30": {
        "Diluted EPS": 2.28,
        "Total Revenue": NaN,
        "Gross Profit": 956,
        "Operating Income": 586,
        "EBIT": 690,
        "Net Income": 526
    },
    "2021-06-30": {
        "Diluted EPS": 1.99,
        "Total Revenue": NaN,
        "Gross Profit": 885,
        "Operating Income": 507,
        "EBIT": 610,
        "Net Income": 482
    },
    "2021-03-31": {
        "Diluted EPS": 1.39,
        "Total Revenue": NaN,
        "Gross Profit": 740,
        "Operating Income": 386,
        "EBIT": 485,
        "Net Income": 329
    },
    "2020-12-31": {
        "Diluted EPS": 1.12,
        "Total Revenue": NaN,
        "Gross Profit": 696,
        "Operating Income": 348,
        "EBIT": 444,
        "Net Income": 280
    },
    "2020-09-30": {
        "Diluted EPS": 0.86,
        "Total Revenue": NaN,
        "Gross Profit": 596,
        "Operating Income": 251,
        "EBIT": 350,
        "Net Income": 223
    },
    "2020-06-30": {
        "Diluted EPS": 0.63,
        "Total Revenue": NaN,
        "Gross Profit": 667,
        "Operating Income": 267,
        "EBIT": 367,
        "Net Income": 166
    },
    "2020-03-31": {
        "Diluted EPS": 1.22,
        "Total Revenue": NaN,
        "Gross Profit": 746,
        "Operating Income": 376,
        "EBIT": 470,
        "Net Income": 320
    },
    "2019-12-31": {
        "Diluted EPS": 1.2,
        "Total Revenue": NaN,
        "Gross Profit": 758,
        "Operating Income": 384,
        "EBIT": 477,
        "Net Income": 318
    },
    "2019-09-30": {
        "Diluted EPS": 0.74,
        "Total Revenue": NaN,
        "Gross Profit": 671,
        "Operating Income": 273,
        "EBIT": 365,
        "Net Income": 200
    },
    "2019-06-30": {
        "Diluted EPS": 3.49,
        "Total Revenue": NaN,
        "Gross Profit": 624,
        "Operating Income": 332,
        "EBIT": 466,
        "Net Income": 983
    },
    "2019-03-31": {
        "Diluted EPS": 0.69,
        "Total Revenue": NaN,
        "Gross Profit": 601,
        "Operating Income": 236,
        "EBIT": 371,
        "Net Income": 195
    },
    "2018-12-31": {
        "Diluted EPS": 1.34,
        "Total Revenue": NaN,
        "Gross Profit": 794,
        "Operating Income": 416,
        "EBIT": 554,
        "Net Income": 384
    },
    "2018-09-30": {
        "Diluted EPS": 1.54,
        "Total Revenue": NaN,
        "Gross Profit": 913,
        "Operating Income": 503,
        "EBIT": 637,
        "Net Income": 450
    },
    "2018-06-30": {
        "Diluted EPS": 1.57,
        "Total Revenue": NaN,
        "Gross Profit": 904,
        "Operating Income": 505,
        "EBIT": 642,
        "Net Income": 461
    },
    "2018-03-31": {
        "Diluted EPS": 1.31,
        "Total Revenue": NaN,
        "Gross Profit": 847,
        "Operating Income": 441,
        "EBIT": 584,
        "Net Income": 381
    },
    "2017-12-31": {
        "Diluted EPS": 0.55,
        "Total Revenue": NaN,
        "Gross Profit": 877,
        "Operating Income": 433,
        "EBIT": 590,
        "Net Income": 159
    },
    "2017-09-30": {
        "Diluted EPS": 0.62,
        "Total Revenue": NaN,
        "Gross Profit": 736,
        "Operating Income": 255,
        "EBIT": 416,
        "Net Income": 181
    },
    "2017-06-30": {
        "Diluted EPS": 0.38,
        "Total Revenue": NaN,
        "Gross Profit": 666,
        "Operating Income": 197,
        "EBIT": 373,
        "Net Income": 114
    },
    "2017-03-31": {
        "Diluted EPS": 0.65,
        "Total Revenue": NaN,
        "Gross Profit": 816,
        "Operating Income": 266,
        "EBIT": 448,
        "Net Income": 194
    },
    "2016-12-31": {
        "Diluted EPS": 1.0,
        "Total Revenue": NaN,
        "Gross Profit": 891,
        "Operating Income": 370,
        "EBIT": 561,
        "Net Income": 297
    },
    "2016-09-30": {
        "Diluted EPS": 0.55,
        "Total Revenue": NaN,
        "Gross Profit": 801,
        "Operating Income": 221,
        "EBIT": 421,
        "Net Income": 167
    },
    "2016-06-30": {
        "Diluted EPS": 0.23,
        "Total Revenue": NaN,
        "Gross Profit": 661,
        "Operating Income": 103,
        "EBIT": 329,
        "Net Income": 70
    },
    "2016-03-31": {
        "Diluted EPS": -0.07,
        "Total Revenue": NaN,
        "Gross Profit": 524,
        "Operating Income": 27,
        "EBIT": 225,
        "Net Income": -21
    },
    "2015-12-31": {
        "Diluted EPS": 0.55,
        "Total Revenue": NaN,
        "Gross Profit": 741,
        "Operating Income": 229,
        "EBIT": 438,
        "Net Income": 165
    },
    "2015-09-30": {
        "Diluted EPS": 0.11,
        "Total Revenue": NaN,
        "Gross Profit": 689,
        "Operating Income": 86,
        "EBIT": 294,
        "Net Income": 34
    },
    "2015-06-30": {
        "Diluted EPS": 0.47,
        "Total Revenue": NaN,
        "Gross Profit": 776,
        "Operating Income": 206,
        "EBIT": 418,
        "Net Income": 137
    },
    "2015-03-31": {
        "Diluted EPS": 0.88,
        "Total Revenue": NaN,
        "Gross Profit": 955,
        "Operating Income": 343,
        "EBIT": 546,
        "Net Income": 291
    },
    "2014-12-31": {
        "Diluted EPS": 2.78,
        "Total Revenue": NaN,
        "Gross Profit": NaN,
        "Operating Income": NaN,
        "EBIT": NaN,
        "Net Income": 933
    },
    "2014-09-30": {
        "Diluted EPS": 1.13,
        "Total Revenue": NaN,
        "Gross Profit": NaN,
        "Operating Income": 456,
        "EBIT": 674,
        "Net Income": 381
    },
    "2014-06-30": {
        "Diluted EPS": 0.95,
        "Total Revenue": NaN,
        "Gross Profit": 925,
        "Operating Income": 410,
        "EBIT": 621,
        "Net Income": 320
    },
    "2014-03-31": {
        "Diluted EPS": 1.17,
        "Total Revenue": NaN,
        "Gross Profit": 959,
        "Operating Income": 444,
        "EBIT": 655,
        "Net Income": 395
    },
    "2013-12-31": {
        "Diluted EPS": 1.24,
        "Total Revenue": NaN,
        "Gross Profit": 987,
        "Operating Income": 444,
        "EBIT": 673,
        "Net Income": 428
    },
    "2013-09-30": {
        "Diluted EPS": 1.16,
        "Total Revenue": NaN,
        "Gross Profit": 975,
        "Operating Income": 478,
        "EBIT": 706,
        "Net Income": 427
    },
    "2013-06-30": {
        "Diluted EPS": 0.96,
        "Total Revenue": NaN,
        "Gross Profit": 939,
        "Operating Income": 447,
        "EBIT": 669,
        "Net Income": 348
    },
    "2013-03-31": {
        "Diluted EPS": 1.13,
        "Total Revenue": NaN,
        "Gross Profit": 948,
        "Operating Income": 465,
        "EBIT": 686,
        "Net Income": 416
    },
    "2012-12-31": {
        "Diluted EPS": 1.3,
        "Total Revenue": NaN,
        "Gross Profit": 992,
        "Operating Income": 555,
        "EBIT": 773,
        "Net Income": 492
    },
    "2012-09-30": {
        "Diluted EPS": 1.42,
        "Total Revenue": NaN,
        "Gross Profit": NaN,
        "Operating Income": 624,
        "EBIT": 836,
        "Net Income": 582
    },
    "2012-06-30": {
        "Diluted EPS": 2.41,
        "Total Revenue": NaN,
        "Gross Profit": NaN,
        "Operating Income": NaN,
        "EBIT": NaN,
        "Net Income": NaN
    },
    "2012-03-31": {
        "Diluted EPS": 2.48,
        "Total Revenue": NaN,
        "Gross Profit": NaN,
        "Operating Income": NaN,
        "EBIT": NaN,
        "Net Income": NaN
    },
    "2011-12-31": {
        "Diluted EPS": 1.28,
        "Total Revenue": NaN,
        "Gross Profit": NaN,
        "Operating Income": 605,
        "EBIT": 796,
        "Net Income": 563
    },
    "2011-09-30": {
        "Diluted EPS": 0.32,
        "Total Revenue": NaN,
        "Gross Profit": 549,
        "Operating Income": 236,
        "EBIT": 418,
        "Net Income": 140
    },
    "2011-06-30": {
        "Diluted EPS": 0.26,
        "Total Revenue": NaN,
        "Gross Profit": 551,
        "Operating Income": 190,
        "EBIT": 377,
        "Net Income": 119
    },
    "2011-03-31": {
        "Diluted EPS": 0.21,
        "Total Revenue": NaN,
        "Gross Profit": 516,
        "Operating Income": 179,
        "EBIT": 367,
        "Net Income": 93
    },
    "2010-12-31": {
        "Diluted EPS": 0.31,
        "Total Revenue": NaN,
        "Gross Profit": 529,
        "Operating Income": 206,
        "EBIT": 396,
        "Net Income": 150
    },
    "2010-09-30": {
        "Diluted EPS": 0.31,
        "Total Revenue": NaN,
        "Gross Profit": 550,
        "Operating Income": 231,
        "EBIT": 420,
        "Net Income": 149
    },
    "2010-06-30": {
        "Diluted EPS": 0.76,
        "Total Revenue": NaN,
        "Gross Profit": 727,
        "Operating Income": 381,
        "EBIT": 570,
        "Net Income": 379
    },
    "2010-03-31": {
        "Diluted EPS": 1.0,
        "Total Revenue": NaN,
        "Gross Profit": 901,
        "Operating Income": 560,
        "EBIT": 748,
        "Net Income": 518
    },
    "2009-12-31": {
        "Diluted EPS": 1.03,
        "Total Revenue": NaN,
        "Gross Profit": 923,
        "Operating Income": 578,
        "EBIT": 770,
        "Net Income": 533
    },
    "2009-09-30": {
        "Diluted EPS": 0.35,
        "Total Revenue": NaN,
        "Gross Profit": 653,
        "Operating Income": 221,
        "EBIT": 489,
        "Net Income": 179
    },
    "2009-06-30": {
        "Diluted EPS": -0.16,
        "Total Revenue": NaN,
        "Gross Profit": 415,
        "Operating Income": -11,
        "EBIT": 213,
        "Net Income": -83
    },
    "2009-03-31": {
        "Diluted EPS": -0.56,
        "Total Revenue": NaN,
        "Gross Profit": 153,
        "Operating Income": -262,
        "EBIT": -36,
        "Net Income": -275
    },
    "2023-09-30": {
        "Tax Effect Of Unusual Items": 12410000.0,
        "Tax Rate For Calcs": 0.17,
        "Normalized EBITDA": -60000000.0,
        "Total Unusual Items": 73000000.0,
        "Total Unusual Items Excluding Goodwill": 73000000.0,
        "Net Income From Continuing Operation Net Minority Interest": -184000000.0,
        "Reconciled Depreciation": 76000000.0,
        "Reconciled Cost Of Revenue": 1229000000.0,
        "EBITDA": 13000000.0,
        "EBIT": -63000000.0,
        "Net Interest Income": -82000000.0,
        "Interest Expense": 84000000.0,
        "Interest Income": 2000000.0,
        "Normalized Income": -244590000.0,
        "Net Income From Continuing And Discontinued Operation": -184000000.0,
        "Total Expenses": 1581000000.0,
        "Total Operating Income As Reported": -129000000.0,
        "Diluted Average Shares": 208000000.0,
        "Basic Average Shares": 208000000.0,
        "Diluted EPS": -0.88,
        "Basic EPS": -0.88,
        "Diluted NI Availto Com Stockholders": -184000000.0,
        "Net Income Common Stockholders": -184000000.0,
        "Net Income": -184000000.0,
        "Net Income Including Noncontrolling Interests": -184000000.0,
        "Net Income Continuous Operations": -184000000.0,
        "Tax Provision": 37000000.0,
        "Pretax Income": -147000000.0,
        "Other Income Expense": 62000000.0,
        "Other Non Operating Income Expenses": -11000000.0,
        "Special Income Charges": 73000000.0,
        "Other Special Charges": -75000000.0,
        "Restructuring And Mergern Acquisition": 2000000.0,
        "Gain On Sale Of Security": 104000000.0,
        "Net Non Operating Interest Income Expense": -82000000.0,
        "Interest Expense Non Operating": 84000000.0,
        "Interest Income Non Operating": 2000000.0,
        "Operating Income": -127000000.0,
        "Operating Expense": 276000000.0,
        "Depreciation Amortization Depletion Income Statement": 0.0,
        "Depreciation And Amortization In Income Statement": 0.0,
        "Amortization": 0.0,
        "Amortization Of Intangibles Income Statement": 0.0,
        "Research And Development": 171000000.0,
        "Selling General And Administration": 105000000.0,
        "Selling And Marketing Expense": NaN,
        "Gross Profit": 149000000.0,
        "Cost Of Revenue": 1305000000.0,
        "Total Revenue": 1454000000.0,
        "Operating Revenue": 1454000000.0
    }
}