{
    "2023-03-31": {
        "Tax Effect Of Unusual Items": NaN,
        "Tax Rate For Calcs": NaN,
        "Normalized EBITDA": NaN,
        "Total Unusual Items": NaN,
        "Total Unusual Items Excluding Goodwill": NaN,
        "Net Income From Continuing Operation Net Minority Interest": NaN,
        "Reconciled Depreciation": NaN,
        "Reconciled Cost Of Revenue": NaN,
        "EBITDA": NaN,
        "EBIT": NaN,
        "Net Interest Income": NaN,
        "Interest Expense": NaN,
        "Interest Income": NaN,
        "Normalized Income": NaN,
        "Net Income From Continuing And Discontinued Operation": NaN,
        "Total Expenses": NaN,
        "Diluted Average Shares": NaN,
        "Basic Average Shares": NaN,
        "Diluted EPS": NaN,
        "Basic EPS": NaN,
        "Diluted NI Availto Com Stockholders": NaN,
        "Net Income Common Stockholders": NaN,
        "Net Income": NaN,
        "Net Income Including Noncontrolling Interests": NaN,
        "Net Income Continuous Operations": NaN,
        "Tax Provision": NaN,
        "Pretax Income": NaN,
        "Other Income Expense": NaN,
        "Other Non Operating Income Expenses": 4000000.0,
        "Special Income Charges": NaN,
        "Gain On Sale Of Ppe": NaN,
        "Gain On Sale Of Business": NaN,
        "Other Special Charges": -4000000.0,
        "Gain On Sale Of Security": NaN,
        "Net Non Operating Interest Income Expense": NaN,
        "Interest Expense Non Operating": NaN,
        "Interest Income Non Operating": NaN,
        "Operating Income": NaN,
        "Operating Expense": NaN,
        "Other Operating Expenses": NaN,
        "Selling General And Administration": NaN,
        "Selling And Marketing Expense": NaN,
        "General And Administrative Expense": 3424000000.0,
        "Other Gand A": 3424000000.0,
        "Salaries And Wages": NaN,
        "Gross Profit": NaN,
        "Cost Of Revenue": NaN,
        "Total Revenue": NaN,
        "Operating Revenue": NaN
    },
    "2022-12-31": {
        "Tax Effect Of Unusual Items": NaN,
        "Tax Rate For Calcs": NaN,
        "Normalized EBITDA": NaN,
        "Total Unusual Items": NaN,
        "Total Unusual Items Excluding Goodwill": NaN,
        "Net Income From Continuing Operation Net Minority Interest": NaN,
        "Reconciled Depreciation": NaN,
        "Reconciled Cost Of Revenue": NaN,
        "EBITDA": NaN,
        "EBIT": NaN,
        "Net Interest Income": NaN,
        "Interest Expense": NaN,
        "Interest Income": NaN,
        "Normalized Income": NaN,
        "Net Income From Continuing And Discontinued Operation": NaN,
        "Total Expenses": NaN,
        "Diluted Average Shares": NaN,
        "Basic Average Shares": NaN,
        "Diluted EPS": NaN,
        "Basic EPS": NaN,
        "Diluted NI Availto Com Stockholders": NaN,
        "Net Income Common Stockholders": NaN,
        "Net Income": NaN,
        "Net Income Including Noncontrolling Interests": NaN,
        "Net Income Continuous Operations": NaN,
        "Tax Provision": NaN,
        "Pretax Income": NaN,
        "Other Income Expense": NaN,
        "Other Non Operating Income Expenses": -1000000.0,
        "Special Income Charges": NaN,
        "Gain On Sale Of Ppe": NaN,
        "Gain On Sale Of Business": 0.0,
        "Other Special Charges": 10000000.0,
        "Gain On Sale Of Security": NaN,
        "Net Non Operating Interest Income Expense": NaN,
        "Interest Expense Non Operating": NaN,
        "Interest Income Non Operating": NaN,
        "Operating Income": NaN,
        "Operating Expense": NaN,
        "Other Operating Expenses": NaN,
        "Selling General And Administration": NaN,
        "Selling And Marketing Expense": NaN,
        "General And Administrative Expense": 7580000000.0,
        "Other Gand A": NaN,
        "Salaries And Wages": 7580000000.0,
        "Gross Profit": NaN,
        "Cost Of Revenue": NaN,
        "Total Revenue": NaN,
        "Operating Revenue": NaN
    },
    "2022-09-30": {
        "Tax Effect Of Unusual Items": NaN,
        "Tax Rate For Calcs": NaN,
        "Normalized EBITDA": NaN,
        "Total Unusual Items": NaN,
        "Total Unusual Items Excluding Goodwill": NaN,
        "Net Income From Continuing Operation Net Minority Interest": NaN,
        "Reconciled Depreciation": NaN,
        "Reconciled Cost Of Revenue": NaN,
        "EBITDA": NaN,
        "EBIT": NaN,
        "Net Interest Income": NaN,
        "Interest Expense": NaN,
        "Interest Income": 8000000.0,
        "Normalized Income": NaN,
        "Net Income From Continuing And Discontinued Operation": NaN,
        "Total Expenses": NaN,
        "Diluted Average Shares": NaN,
        "Basic Average Shares": NaN,
        "Diluted EPS": NaN,
        "Basic EPS": NaN,
        "Diluted NI Availto Com Stockholders": NaN,
        "Net Income Common Stockholders": NaN,
        "Net Income": NaN,
        "Net Income Including Noncontrolling Interests": NaN,
        "Net Income Continuous Operations": NaN,
        "Tax Provision": NaN,
        "Pretax Income": NaN,
        "Other Income Expense": NaN,
        "Other Non Operating Income Expenses": -12000000.0,
        "Special Income Charges": NaN,
        "Gain On Sale Of Ppe": NaN,
        "Other Special Charges": -157000000.0,
        "Gain On Sale Of Security": NaN,
        "Net Non Operating Interest Income Expense": NaN,
        "Interest Expense Non Operating": NaN,
        "Interest Income Non Operating": 8000000.0,
        "Operating Income": NaN,
        "Operating Expense": NaN,
        "Other Operating Expenses": NaN,
        "Selling General And Administration": NaN,
        "Selling And Marketing Expense": NaN,
        "General And Administrative Expense": 3075000000.0,
        "Other Gand A": 3075000000.0,
        "Gross Profit": NaN,
        "Cost Of Revenue": NaN,
        "Total Revenue": NaN,
        "Operating Revenue": NaN
    },
    "2022-06-30": {
        "Tax Effect Of Unusual Items": -70209000.0,
        "Tax Rate For Calcs": 0.261,
        "Normalized EBITDA": 6997000000.0,
        "Total Unusual Items": -269000000.0,
        "Total Unusual Items Excluding Goodwill": -269000000.0,
        "Net Income From Continuing Operation Net Minority Interest": 3996000000.0,
        "Reconciled Depreciation": 998000000.0,
        "Reconciled Cost Of Revenue": 6682000000.0,
        "EBITDA": 6728000000.0,
        "EBIT": 5730000000.0,
        "Net Interest Income": -290000000.0,
        "Interest Expense": 321000000.0,
        "Interest Income": 31000000.0,
        "Normalized Income": 4194791000.0,
        "Net Income From Continuing And Discontinued Operation": 3996000000.0,
        "Total Expenses": 10167000000.0,
        "Diluted Average Shares": 1410000000.0,
        "Basic Average Shares": 1406000000.0,
        "Diluted EPS": 2.83,
        "Basic EPS": 2.84,
        "Diluted NI Availto Com Stockholders": 3996000000.0,
        "Net Income Common Stockholders": 3996000000.0,
        "Net Income": 3996000000.0,
        "Net Income Including Noncontrolling Interests": 3996000000.0,
        "Net Income Continuous Operations": 3996000000.0,
        "Tax Provision": 1413000000.0,
        "Pretax Income": 5409000000.0,
        "Other Income Expense": -269000000.0,
        "Other Non Operating Income Expenses": NaN,
        "Special Income Charges": 10000000.0,
        "Gain On Sale Of Ppe": 10000000.0,
        "Other Special Charges": NaN,
        "Gain On Sale Of Security": -279000000.0,
        "Net Non Operating Interest Income Expense": -290000000.0,
        "Interest Expense Non Operating": 321000000.0,
        "Interest Income Non Operating": 31000000.0,
        "Operating Income": 5968000000.0,
        "Operating Expense": 3485000000.0,
        "Other Operating Expenses": 934000000.0,
        "Selling General And Administration": 203000000.0,
        "General And Administrative Expense": 203000000.0,
        "Other Gand A": 537000000.0,
        "Salaries And Wages": 203000000.0,
        "Gross Profit": 9453000000.0,
        "Cost Of Revenue": 6682000000.0,
        "Total Revenue": 16135000000.0,
        "Operating Revenue": 16135000000.0
    },
    "2023-06-30": {
        "Tax Effect Of Unusual Items": 158203317.737133,
        "Tax Rate For Calcs": 0.200766,
        "Normalized EBITDA": 3332000000.0,
        "Total Unusual Items": 788000000.0,
        "Total Unusual Items Excluding Goodwill": 788000000.0,
        "Net Income From Continuing Operation Net Minority Interest": 1879000000.0,
        "Reconciled Depreciation": 1577000000.0,
        "Reconciled Cost Of Revenue": 6669000000.0,
        "EBITDA": 4120000000.0,
        "EBIT": 2543000000.0,
        "Net Interest Income": -180000000.0,
        "Interest Expense": 192000000.0,
        "Interest Income": 12000000.0,
        "Normalized Income": 1249203317.737133,
        "Net Income From Continuing And Discontinued Operation": 1879000000.0,
        "Total Expenses": 10691000000.0,
        "Diluted Average Shares": 1310000000.0,
        "Basic Average Shares": 1309000000.0,
        "Diluted EPS": 1.43,
        "Basic EPS": 1.44,
        "Diluted NI Availto Com Stockholders": 1879000000.0,
        "Net Income Common Stockholders": 1879000000.0,
        "Net Income": 1879000000.0,
        "Net Income Including Noncontrolling Interests": 1879000000.0,
        "Net Income Continuous Operations": 1879000000.0,
        "Tax Provision": 472000000.0,
        "Pretax Income": 2351000000.0,
        "Other Income Expense": 788000000.0,
        "Other Non Operating Income Expenses": NaN,
        "Special Income Charges": 632000000.0,
        "Gain On Sale Of Ppe": 632000000.0,
        "Gain On Sale Of Business": NaN,
        "Other Special Charges": NaN,
        "Gain On Sale Of Security": 156000000.0,
        "Net Non Operating Interest Income Expense": -180000000.0,
        "Interest Expense Non Operating": 192000000.0,
        "Interest Income Non Operating": 12000000.0,
        "Operating Income": 1743000000.0,
        "Operating Expense": 4022000000.0,
        "Other Operating Expenses": 3581000000.0,
        "Selling General And Administration": 441000000.0,
        "Selling And Marketing Expense": 441000000.0,
        "General And Administrative Expense": 3440000000.0,
        "Other Gand A": 3440000000.0,
        "Salaries And Wages": NaN,
        "Gross Profit": 5765000000.0,
        "Cost Of Revenue": 6669000000.0,
        "Total Revenue": 12434000000.0,
        "Operating Revenue": 12434000000.0
    },
    "2023-09-30": {
        "Tax Effect Of Unusual Items": -73416000.0,
        "Tax Rate For Calcs": 0.276,
        "Normalized EBITDA": 4341000000.0,
        "Total Unusual Items": -266000000.0,
        "Total Unusual Items Excluding Goodwill": -266000000.0,
        "Net Income From Continuing Operation Net Minority Interest": 1544000000.0,
        "Reconciled Depreciation": 1744000000.0,
        "Reconciled Cost Of Revenue": 7707000000.0,
        "EBITDA": 4075000000.0,
        "EBIT": 2331000000.0,
        "Net Interest Income": -126000000.0,
        "Interest Expense": 197000000.0,
        "Interest Income": 71000000.0,
        "Normalized Income": 1736584000.0,
        "Net Income From Continuing And Discontinued Operation": 1544000000.0,
        "Total Expenses": 11385000000.0,
        "Diluted Average Shares": 1302000000.0,
        "Basic Average Shares": 1300000000.0,
        "Diluted EPS": 1.19,
        "Basic EPS": 1.19,
        "Diluted NI Availto Com Stockholders": 1544000000.0,
        "Net Income Common Stockholders": 1544000000.0,
        "Net Income": 1544000000.0,
        "Net Income Including Noncontrolling Interests": 1544000000.0,
        "Net Income Continuous Operations": 1544000000.0,
        "Tax Provision": 590000000.0,
        "Pretax Income": 2134000000.0,
        "Other Income Expense": -266000000.0,
        "Other Non Operating Income Expenses": NaN,
        "Special Income Charges": 49000000.0,
        "Gain On Sale Of Ppe": 49000000.0,
        "Gain On Sale Of Business": NaN,
        "Other Special Charges": NaN,
        "Gain On Sale Of Security": -315000000.0,
        "Net Non Operating Interest Income Expense": -126000000.0,
        "Interest Expense Non Operating": 197000000.0,
        "Interest Income Non Operating": 71000000.0,
        "Operating Income": 2526000000.0,
        "Operating Expense": 3678000000.0,
        "Other Operating Expenses": 3266000000.0,
        "Selling General And Administration": 412000000.0,
        "Selling And Marketing Expense": 412000000.0,
        "General And Administrative Expense": 3124000000.0,
        "Other Gand A": 3124000000.0,
        "Salaries And Wages": NaN,
        "Gross Profit": 6204000000.0,
        "Cost Of Revenue": 7707000000.0,
        "Total Revenue": 13911000000.0,
        "Operating Revenue": 13911000000.0
    },
    "2023-12-31": {
        "Tax Effect Of Unusual Items": 195548672.566372,
        "Tax Rate For Calcs": 0.168142,
        "Normalized EBITDA": 4022000000.0,
        "Total Unusual Items": 1163000000.0,
        "Total Unusual Items Excluding Goodwill": 1163000000.0,
        "Net Income From Continuing Operation Net Minority Interest": 2820000000.0,
        "Reconciled Depreciation": 1598000000.0,
        "Reconciled Cost Of Revenue": 9963000000.0,
        "EBITDA": 5185000000.0,
        "EBIT": 3587000000.0,
        "Net Interest Income": -242000000.0,
        "Interest Expense": 197000000.0,
        "Interest Income": -45000000.0,
        "Normalized Income": 1852548672.566372,
        "Net Income From Continuing And Discontinued Operation": 2820000000.0,
        "Total Expenses": 11244000000.0,
        "Diluted Average Shares": 1296000000.0,
        "Basic Average Shares": 1294000000.0,
        "Diluted EPS": 2.18,
        "Basic EPS": 2.18,
        "Diluted NI Availto Com Stockholders": 2820000000.0,
        "Net Income Common Stockholders": 2820000000.0,
        "Net Income": 2820000000.0,
        "Net Income Including Noncontrolling Interests": 2820000000.0,
        "Net Income Continuous Operations": 2820000000.0,
        "Tax Provision": 570000000.0,
        "Pretax Income": 3390000000.0,
        "Other Income Expense": 1287000000.0,
        "Other Non Operating Income Expenses": 124000000.0,
        "Special Income Charges": 847000000.0,
        "Gain On Sale Of Ppe": -3000000.0,
        "Gain On Sale Of Business": NaN,
        "Other Special Charges": NaN,
        "Gain On Sale Of Security": 316000000.0,
        "Net Non Operating Interest Income Expense": -242000000.0,
        "Interest Expense Non Operating": 197000000.0,
        "Interest Income Non Operating": -45000000.0,
        "Operating Income": 2345000000.0,
        "Operating Expense": 1281000000.0,
        "Other Operating Expenses": -8101000000.0,
        "Selling General And Administration": 9382000000.0,
        "Selling And Marketing Expense": 924000000.0,
        "General And Administrative Expense": NaN,
        "Other Gand A": NaN,
        "Salaries And Wages": NaN,
        "Gross Profit": 3626000000.0,
        "Cost Of Revenue": 9963000000.0,
        "Total Revenue": 13589000000.0,
        "Operating Revenue": 13589000000.0
    },
    "2024-03-31": {
        "Tax Effect Of Unusual Items": 5770270.27027,
        "Tax Rate For Calcs": 0.274775,
        "Normalized EBITDA": 4008000000.0,
        "Total Unusual Items": 21000000.0,
        "Total Unusual Items Excluding Goodwill": 21000000.0,
        "Net Income From Continuing Operation Net Minority Interest": 1610000000.0,
        "Reconciled Depreciation": 1628000000.0,
        "Reconciled Cost Of Revenue": 6910000000.0,
        "EBITDA": 4029000000.0,
        "EBIT": 2401000000.0,
        "Net Interest Income": -142000000.0,
        "Interest Expense": 181000000.0,
        "Interest Income": 39000000.0,
        "Normalized Income": 1594770270.27027,
        "Net Income From Continuing And Discontinued Operation": 1610000000.0,
        "Total Expenses": 10964000000.0,
        "Diluted Average Shares": 1290000000.0,
        "Basic Average Shares": 1288000000.0,
        "Diluted EPS": 1.25,
        "Basic EPS": 1.25,
        "Diluted NI Availto Com Stockholders": 1610000000.0,
        "Net Income Common Stockholders": 1610000000.0,
        "Net Income": 1610000000.0,
        "Net Income Including Noncontrolling Interests": 1610000000.0,
        "Net Income Continuous Operations": 1610000000.0,
        "Tax Provision": 610000000.0,
        "Pretax Income": 2220000000.0,
        "Other Income Expense": 21000000.0,
        "Other Non Operating Income Expenses": NaN,
        "Special Income Charges": 56000000.0,
        "Gain On Sale Of Ppe": 3000000.0,
        "Gain On Sale Of Business": NaN,
        "Other Special Charges": -53000000.0,
        "Gain On Sale Of Security": -35000000.0,
        "Net Non Operating Interest Income Expense": -142000000.0,
        "Interest Expense Non Operating": 181000000.0,
        "Interest Income Non Operating": 39000000.0,
        "Operating Income": 2341000000.0,
        "Operating Expense": 4054000000.0,
        "Other Operating Expenses": 3644000000.0,
        "Selling General And Administration": 410000000.0,
        "Selling And Marketing Expense": 410000000.0,
        "General And Administrative Expense": NaN,
        "Other Gand A": NaN,
        "Salaries And Wages": NaN,
        "Gross Profit": 6395000000.0,
        "Cost Of Revenue": 6910000000.0,
        "Total Revenue": 13305000000.0,
        "Operating Revenue": 13305000000.0
    },
    "2024-06-30": {
        "Tax Effect Of Unusual Items": 3944113.605131,
        "Tax Rate For Calcs": 0.281722,
        "Normalized EBITDA": 4040000000.0,
        "Total Unusual Items": 14000000.0,
        "Total Unusual Items Excluding Goodwill": 14000000.0,
        "Net Income From Continuing Operation Net Minority Interest": 1568000000.0,
        "Reconciled Depreciation": 1684000000.0,
        "Reconciled Cost Of Revenue": 7971000000.0,
        "EBITDA": 4054000000.0,
        "EBIT": 2370000000.0,
        "Net Interest Income": -119000000.0,
        "Interest Expense": 187000000.0,
        "Interest Income": 68000000.0,
        "Normalized Income": 1557944113.605131,
        "Net Income From Continuing And Discontinued Operation": 1568000000.0,
        "Total Expenses": 11726000000.0,
        "Diluted Average Shares": 1285000000.0,
        "Basic Average Shares": 1283000000.0,
        "Diluted EPS": 1.22,
        "Basic EPS": 1.22,
        "Diluted NI Availto Com Stockholders": 1568000000.0,
        "Net Income Common Stockholders": 1568000000.0,
        "Net Income": 1568000000.0,
        "Net Income Including Noncontrolling Interests": 1568000000.0,
        "Net Income Continuous Operations": 1568000000.0,
        "Tax Provision": 615000000.0,
        "Pretax Income": 2183000000.0,
        "Other Income Expense": 14000000.0,
        "Other Non Operating Income Expenses": NaN,
        "Special Income Charges": -1000000.0,
        "Gain On Sale Of Ppe": -1000000.0,
        "Gain On Sale Of Business": NaN,
        "Other Special Charges": NaN,
        "Gain On Sale Of Security": 15000000.0,
        "Net Non Operating Interest Income Expense": -119000000.0,
        "Interest Expense Non Operating": 187000000.0,
        "Interest Income Non Operating": 68000000.0,
        "Operating Income": 2288000000.0,
        "Operating Expense": 3755000000.0,
        "Other Operating Expenses": 3317000000.0,
        "Selling General And Administration": 438000000.0,
        "Selling And Marketing Expense": 438000000.0,
        "General And Administrative Expense": NaN,
        "Other Gand A": NaN,
        "Salaries And Wages": NaN,
        "Gross Profit": 6043000000.0,
        "Cost Of Revenue": 7971000000.0,
        "Total Revenue": 14014000000.0,
        "Operating Revenue": 14014000000.0
    }
}