{
    "2023-03-31": {
        "Tax Effect Of Unusual Items": 715344709.8,
        "Tax Rate For Calcs": 0.2263,
        "Normalized EBITDA": 6394351000.0,
        "Total Unusual Items": 3161046000.0,
        "Total Unusual Items Excluding Goodwill": 3161046000.0,
        "Net Income From Continuing Operation Net Minority Interest": 5237371000.0,
        "Reconciled Depreciation": 1747714000.0,
        "Reconciled Cost Of Revenue": 4448867000.0,
        "EBITDA": 9555397000.0,
        "EBIT": 7807683000.0,
        "Net Interest Income": -773264000.0,
        "Interest Expense": 1031288000.0,
        "Interest Income": 276881000.0,
        "Normalized Income": 2791669709.8,
        "Net Income From Continuing And Discontinued Operation": 5237371000.0,
        "Total Expenses": 6902837000.0,
        "Total Operating Income As Reported": 4306288000.0,
        "Diluted Average Shares": 1320060000.0,
        "Basic Average Shares": 1319583000.0,
        "Diluted EPS": 3.96752,
        "Basic EPS": 3.96896,
        "Diluted NI Availto Com Stockholders": 5237371000.0,
        "Net Income Common Stockholders": 5237371000.0,
        "Net Income": 5237371000.0,
        "Minority Interests": -5422000.0,
        "Net Income Including Noncontrolling Interests": 5242793000.0,
        "Net Income Continuous Operations": 5242793000.0,
        "Tax Provision": 1533602000.0,
        "Pretax Income": 6776395000.0,
        "Other Income Expense": 3176113000.0,
        "Other Non Operating Income Expenses": 596000.0,
        "Special Income Charges": -82325000.0,
        "Gain On Sale Of Ppe": -42748000.0,
        "Other Special Charges": 39577000.0,
        "Earnings From Equity Interest": 14471000.0,
        "Gain On Sale Of Security": 3243371000.0,
        "Net Non Operating Interest Income Expense": -773264000.0,
        "Total Other Finance Cost": 18857000.0,
        "Interest Expense Non Operating": 1031288000.0,
        "Interest Income Non Operating": 276881000.0,
        "Operating Income": 4373546000.0,
        "Operating Expense": 934163000.0,
        "Other Operating Expenses": -24170000.0,
        "Other Taxes": NaN,
        "Depreciation Amortization Depletion Income Statement": 227907000.0,
        "Depletion Income Statement": -36255000.0,
        "Depreciation And Amortization In Income Statement": 264162000.0,
        "Depreciation Income Statement": 264162000.0,
        "Selling General And Administration": 730426000.0,
        "Selling And Marketing Expense": 303083000.0,
        "General And Administrative Expense": 427343000.0,
        "Other Gand A": 128779000.0,
        "Salaries And Wages": 298564000.0,
        "Gross Profit": 5307709000.0,
        "Cost Of Revenue": 5968674000.0,
        "Total Revenue": 11276383000.0,
        "Excise Taxes": 537087000.0,
        "Operating Revenue": 13634008000.0
    },
    "2022-12-31": {
        "Tax Effect Of Unusual Items": NaN,
        "Tax Rate For Calcs": NaN,
        "Normalized EBITDA": NaN,
        "Total Unusual Items": NaN,
        "Total Unusual Items Excluding Goodwill": NaN,
        "Net Income From Continuing Operation Net Minority Interest": NaN,
        "Reconciled Depreciation": NaN,
        "Reconciled Cost Of Revenue": NaN,
        "EBITDA": NaN,
        "EBIT": NaN,
        "Net Interest Income": NaN,
        "Interest Expense": NaN,
        "Interest Income": NaN,
        "Normalized Income": NaN,
        "Net Income From Continuing And Discontinued Operation": NaN,
        "Total Expenses": NaN,
        "Total Operating Income As Reported": 7298885000.0,
        "Diluted Average Shares": 1309352015.0,
        "Basic Average Shares": 1309352015.0,
        "Diluted EPS": 5.696627,
        "Basic EPS": 5.696627,
        "Diluted NI Availto Com Stockholders": NaN,
        "Net Income Common Stockholders": NaN,
        "Net Income": NaN,
        "Minority Interests": NaN,
        "Net Income Including Noncontrolling Interests": NaN,
        "Net Income Continuous Operations": NaN,
        "Tax Provision": NaN,
        "Pretax Income": NaN,
        "Other Income Expense": NaN,
        "Other Non Operating Income Expenses": -190881000.0,
        "Special Income Charges": 1118097000.0,
        "Gain On Sale Of Ppe": -27136000.0,
        "Other Special Charges": 54526000.0,
        "Earnings From Equity Interest": NaN,
        "Gain On Sale Of Security": NaN,
        "Net Non Operating Interest Income Expense": NaN,
        "Total Other Finance Cost": -22289000.0,
        "Interest Expense Non Operating": NaN,
        "Interest Income Non Operating": NaN,
        "Operating Income": NaN,
        "Operating Expense": NaN,
        "Other Operating Expenses": NaN,
        "Other Taxes": 0.0,
        "Depreciation Amortization Depletion Income Statement": 212074000.0,
        "Depletion Income Statement": NaN,
        "Depreciation And Amortization In Income Statement": 264184000.0,
        "Depreciation Income Statement": NaN,
        "Selling General And Administration": NaN,
        "Selling And Marketing Expense": NaN,
        "General And Administrative Expense": NaN,
        "Other Gand A": NaN,
        "Salaries And Wages": 450353000.0,
        "Gross Profit": NaN,
        "Cost Of Revenue": NaN,
        "Total Revenue": NaN,
        "Excise Taxes": 612906000.0,
        "Operating Revenue": NaN
    },
    "2022-09-30": {
        "Tax Effect Of Unusual Items": -232343600.0,
        "Tax Rate For Calcs": 0.4,
        "Normalized EBITDA": 9124262000.0,
        "Total Unusual Items": -580859000.0,
        "Total Unusual Items Excluding Goodwill": -580859000.0,
        "Net Income From Continuing Operation Net Minority Interest": 5444887000.0,
        "Reconciled Depreciation": 1907379000.0,
        "Reconciled Cost Of Revenue": 6472670000.0,
        "EBITDA": 8543403000.0,
        "EBIT": 6636024000.0,
        "Net Interest Income": -946917000.0,
        "Interest Expense": 1216422000.0,
        "Interest Income": 269505000.0,
        "Normalized Income": 5793402400.0,
        "Net Income From Continuing And Discontinued Operation": 5444887000.0,
        "Total Expenses": 7509009000.0,
        "Total Operating Income As Reported": 6947378000.0,
        "Diluted Average Shares": 1317953342.0,
        "Basic Average Shares": 1317736447.0,
        "Diluted EPS": 4.13132,
        "Basic EPS": 4.132,
        "Diluted NI Availto Com Stockholders": 5444887000.0,
        "Net Income Common Stockholders": 5444887000.0,
        "Net Income": 5444887000.0,
        "Minority Interests": -3211000.0,
        "Net Income Including Noncontrolling Interests": 5448098000.0,
        "Net Income Continuous Operations": 5448098000.0,
        "Tax Provision": -28496000.0,
        "Pretax Income": 5419602000.0,
        "Other Income Expense": -323221000.0,
        "Other Non Operating Income Expenses": NaN,
        "Special Income Charges": NaN,
        "Gain On Sale Of Ppe": NaN,
        "Other Special Charges": NaN,
        "Earnings From Equity Interest": 257638000.0,
        "Gain On Sale Of Security": -580859000.0,
        "Net Non Operating Interest Income Expense": -946917000.0,
        "Total Other Finance Cost": NaN,
        "Interest Expense Non Operating": 1216422000.0,
        "Interest Income Non Operating": 269505000.0,
        "Operating Income": 6689740000.0,
        "Operating Expense": 1036339000.0,
        "Other Operating Expenses": 18562000.0,
        "Other Taxes": NaN,
        "Depreciation Amortization Depletion Income Statement": NaN,
        "Depletion Income Statement": NaN,
        "Depreciation And Amortization In Income Statement": NaN,
        "Selling General And Administration": 1017777000.0,
        "Selling And Marketing Expense": 625114000.0,
        "General And Administrative Expense": 392663000.0,
        "Other Gand A": 392663000.0,
        "Salaries And Wages": NaN,
        "Gross Profit": 7726079000.0,
        "Cost Of Revenue": 6472670000.0,
        "Total Revenue": 14198749000.0,
        "Excise Taxes": NaN,
        "Operating Revenue": 14198749000.0
    },
    "2022-06-30": {
        "Tax Effect Of Unusual Items": -2414216400.0,
        "Tax Rate For Calcs": 0.4,
        "Normalized EBITDA": 6660421000.0,
        "Total Unusual Items": -6035541000.0,
        "Total Unusual Items Excluding Goodwill": -6035541000.0,
        "Net Income From Continuing Operation Net Minority Interest": 175625000.0,
        "Reconciled Depreciation": 1878701000.0,
        "Reconciled Cost Of Revenue": 6122925000.0,
        "EBITDA": 624880000.0,
        "EBIT": -1253821000.0,
        "Net Interest Income": -939119000.0,
        "Interest Expense": 1133402000.0,
        "Interest Income": 194283000.0,
        "Normalized Income": 3796949600.0,
        "Net Income From Continuing And Discontinued Operation": 175625000.0,
        "Total Expenses": 6951267000.0,
        "Total Operating Income As Reported": 4587437000.0,
        "Diluted Average Shares": 1345373066.0,
        "Basic Average Shares": 1345063950.0,
        "Diluted EPS": 0.13054,
        "Basic EPS": 0.13057,
        "Diluted NI Availto Com Stockholders": 175625000.0,
        "Net Income Common Stockholders": 175625000.0,
        "Net Income": 175625000.0,
        "Minority Interests": -6164000.0,
        "Net Income Including Noncontrolling Interests": 181789000.0,
        "Net Income Continuous Operations": 181789000.0,
        "Tax Provision": -2569012000.0,
        "Pretax Income": -2387223000.0,
        "Other Income Expense": -6016492000.0,
        "Other Non Operating Income Expenses": NaN,
        "Special Income Charges": NaN,
        "Gain On Sale Of Ppe": NaN,
        "Other Special Charges": NaN,
        "Earnings From Equity Interest": 19049000.0,
        "Gain On Sale Of Security": -6035541000.0,
        "Net Non Operating Interest Income Expense": -939119000.0,
        "Total Other Finance Cost": 6974660000.0,
        "Interest Expense Non Operating": 1133402000.0,
        "Interest Income Non Operating": 194283000.0,
        "Operating Income": 4568388000.0,
        "Operating Expense": 828342000.0,
        "Other Operating Expenses": -161993000.0,
        "Other Taxes": NaN,
        "Depreciation Amortization Depletion Income Statement": NaN,
        "Depletion Income Statement": NaN,
        "Depreciation And Amortization In Income Statement": NaN,
        "Selling General And Administration": 990335000.0,
        "Selling And Marketing Expense": 625567000.0,
        "General And Administrative Expense": 364768000.0,
        "Other Gand A": 364768000.0,
        "Salaries And Wages": NaN,
        "Gross Profit": 5396730000.0,
        "Cost Of Revenue": 6122925000.0,
        "Total Revenue": 11519655000.0,
        "Excise Taxes": NaN,
        "Operating Revenue": 11519655000.0
    },
    "2023-06-30": {
        "Tax Effect Of Unusual Items": 1754602667.910208,
        "Tax Rate For Calcs": 0.332274,
        "Normalized EBITDA": 5318616000.0,
        "Total Unusual Items": 5280583000.0,
        "Total Unusual Items Excluding Goodwill": 5280583000.0,
        "Net Income From Continuing Operation Net Minority Interest": 5073127000.0,
        "Reconciled Depreciation": 1845802000.0,
        "Reconciled Cost Of Revenue": 6228181000.0,
        "EBITDA": 10599199000.0,
        "EBIT": 8753397000.0,
        "Net Interest Income": -744904000.0,
        "Interest Expense": 1149041000.0,
        "Interest Income": 404137000.0,
        "Normalized Income": 1547146667.910208,
        "Net Income From Continuing And Discontinued Operation": 5073127000.0,
        "Total Expenses": 6076905000.0,
        "Total Operating Income As Reported": 3068677000.0,
        "Diluted Average Shares": 1299478992.0,
        "Basic Average Shares": 1298989871.0,
        "Diluted EPS": 3.90397,
        "Basic EPS": 3.90544,
        "Diluted NI Availto Com Stockholders": 5073127000.0,
        "Net Income Common Stockholders": 5073127000.0,
        "Net Income": 5073127000.0,
        "Minority Interests": -4496000.0,
        "Net Income Including Noncontrolling Interests": 5077623000.0,
        "Net Income Continuous Operations": 5077623000.0,
        "Tax Provision": 2526733000.0,
        "Pretax Income": 7604356000.0,
        "Other Income Expense": 5266531000.0,
        "Other Non Operating Income Expenses": NaN,
        "Special Income Charges": NaN,
        "Gain On Sale Of Ppe": NaN,
        "Other Special Charges": NaN,
        "Earnings From Equity Interest": -14052000.0,
        "Gain On Sale Of Security": 5280583000.0,
        "Net Non Operating Interest Income Expense": -744904000.0,
        "Total Other Finance Cost": NaN,
        "Interest Expense Non Operating": 1149041000.0,
        "Interest Income Non Operating": 404137000.0,
        "Operating Income": 3082729000.0,
        "Operating Expense": -151276000.0,
        "Other Operating Expenses": -1205293000.0,
        "Other Taxes": NaN,
        "Depreciation Amortization Depletion Income Statement": NaN,
        "Depletion Income Statement": NaN,
        "Depreciation And Amortization In Income Statement": NaN,
        "Depreciation Income Statement": NaN,
        "Selling General And Administration": 1054017000.0,
        "Selling And Marketing Expense": 626809000.0,
        "General And Administrative Expense": 427208000.0,
        "Other Gand A": 427208000.0,
        "Salaries And Wages": NaN,
        "Gross Profit": 2931453000.0,
        "Cost Of Revenue": 6228181000.0,
        "Total Revenue": 9159634000.0,
        "Excise Taxes": NaN,
        "Operating Revenue": 9159634000.0
    },
    "2022-03-31": {
        "Diluted EPS": 1.46,
        "Total Revenue": NaN,
        "Gross Profit": 825,
        "Operating Income": 649,
        "EBIT": 974,
        "Net Income": NaN
    },
    "2021-12-31": {
        "Diluted EPS": 0.29,
        "Total Revenue": NaN,
        "Gross Profit": NaN,
        "Operating Income": 843,
        "EBIT": NaN,
        "Net Income": 393
    },
    "2021-09-30": {
        "Diluted EPS": -0.14,
        "Total Revenue": NaN,
        "Gross Profit": NaN,
        "Operating Income": 883,
        "EBIT": NaN,
        "Net Income": -184
    },
    "2021-06-30": {
        "Diluted EPS": 1.4,
        "Total Revenue": NaN,
        "Gross Profit": 957,
        "Operating Income": 983,
        "EBIT": NaN,
        "Net Income": NaN
    },
    "2021-03-31": {
        "Diluted EPS": -0.37,
        "Total Revenue": NaN,
        "Gross Profit": 740,
        "Operating Income": 660,
        "EBIT": 985,
        "Net Income": -505
    },
    "2020-12-31": {
        "Diluted EPS": 3.29,
        "Total Revenue": NaN,
        "Gross Profit": 586,
        "Operating Income": 461,
        "EBIT": 847,
        "Net Income": NaN
    },
    "2020-09-30": {
        "Diluted EPS": -2.3,
        "Total Revenue": NaN,
        "Gross Profit": 558,
        "Operating Income": 403,
        "EBIT": 698,
        "Net Income": -216
    },
    "2020-06-30": {
        "Diluted EPS": -0.28,
        "Total Revenue": NaN,
        "Gross Profit": 598,
        "Operating Income": 469,
        "EBIT": 716,
        "Net Income": -384
    },
    "2020-03-31": {
        "Diluted EPS": -2.25,
        "Total Revenue": NaN,
        "Gross Profit": 488,
        "Operating Income": 305,
        "EBIT": 670,
        "Net Income": NaN
    },
    "2019-12-31": {
        "Diluted EPS": 0.24,
        "Total Revenue": NaN,
        "Gross Profit": 301,
        "Operating Income": 140,
        "EBIT": NaN,
        "Net Income": 306
    },
    "2019-09-30": {
        "Diluted EPS": -0.65,
        "Total Revenue": NaN,
        "Gross Profit": 407,
        "Operating Income": 252,
        "EBIT": 520,
        "Net Income": -874
    },
    "2019-06-30": {
        "Diluted EPS": 0.13,
        "Total Revenue": NaN,
        "Gross Profit": 368,
        "Operating Income": 225,
        "EBIT": 453,
        "Net Income": 179
    },
    "2019-03-31": {
        "Diluted EPS": -0.25,
        "Total Revenue": NaN,
        "Gross Profit": 259,
        "Operating Income": 49,
        "EBIT": 281,
        "Net Income": -326
    },
    "2018-09-30": {
        "Diluted EPS": -0.03,
        "Total Revenue": NaN,
        "Gross Profit": 519,
        "Operating Income": 440,
        "EBIT": 440,
        "Net Income": -27
    },
    "2023-09-30": {
        "Tax Effect Of Unusual Items": -933114360.0,
        "Tax Rate For Calcs": 0.34,
        "Normalized EBITDA": 4048889000.0,
        "Total Unusual Items": -2744454000.0,
        "Total Unusual Items Excluding Goodwill": -2744454000.0,
        "Net Income From Continuing Operation Net Minority Interest": -732993000.0,
        "Reconciled Depreciation": 1939648000.0,
        "Reconciled Cost Of Revenue": 6104256000.0,
        "EBITDA": 1304435000.0,
        "EBIT": -635213000.0,
        "Net Interest Income": -749862000.0,
        "Interest Expense": 1175608000.0,
        "Interest Income": 425746000.0,
        "Normalized Income": 1078346640.0,
        "Net Income From Continuing And Discontinued Operation": -732993000.0,
        "Total Expenses": 7258269000.0,
        "Total Operating Income As Reported": 1683495000.0,
        "Diluted Average Shares": 1289436372.0,
        "Basic Average Shares": 1289436372.0,
        "Diluted EPS": -0.56846,
        "Basic EPS": -0.56846,
        "Diluted NI Availto Com Stockholders": -732993000.0,
        "Net Income Common Stockholders": -732993000.0,
        "Net Income": -732993000.0,
        "Minority Interests": -4236000.0,
        "Net Income Including Noncontrolling Interests": -728757000.0,
        "Net Income Continuous Operations": -728757000.0,
        "Tax Provision": -1082064000.0,
        "Pretax Income": -1810821000.0,
        "Other Income Expense": -2750703000.0,
        "Other Non Operating Income Expenses": NaN,
        "Special Income Charges": NaN,
        "Gain On Sale Of Ppe": NaN,
        "Other Special Charges": NaN,
        "Earnings From Equity Interest": -6249000.0,
        "Gain On Sale Of Security": -2744454000.0,
        "Net Non Operating Interest Income Expense": -749862000.0,
        "Total Other Finance Cost": NaN,
        "Interest Expense Non Operating": 1175608000.0,
        "Interest Income Non Operating": 425746000.0,
        "Operating Income": 1689744000.0,
        "Operating Expense": 1154013000.0,
        "Other Operating Expenses": 9546000.0,
        "Other Taxes": NaN,
        "Depreciation Amortization Depletion Income Statement": NaN,
        "Depletion Income Statement": NaN,
        "Depreciation And Amortization In Income Statement": NaN,
        "Depreciation Income Statement": NaN,
        "Selling General And Administration": 1144467000.0,
        "Selling And Marketing Expense": 653574000.0,
        "General And Administrative Expense": 490893000.0,
        "Other Gand A": 490893000.0,
        "Salaries And Wages": NaN,
        "Gross Profit": 2843757000.0,
        "Cost Of Revenue": 6104256000.0,
        "Total Revenue": 8948013000.0,
        "Excise Taxes": NaN,
        "Operating Revenue": 8948013000.0
    },
    "2023-12-31": {
        "Tax Effect Of Unusual Items": 746086090.331705,
        "Tax Rate For Calcs": 0.168144,
        "Normalized EBITDA": 3801830000.0,
        "Total Unusual Items": 4437193000.0,
        "Total Unusual Items Excluding Goodwill": 4437193000.0,
        "Net Income From Continuing Operation Net Minority Interest": 4507343000.0,
        "Reconciled Depreciation": 1787946000.0,
        "Reconciled Cost Of Revenue": 4871493000.0,
        "EBITDA": 8239023000.0,
        "EBIT": 6451077000.0,
        "Net Interest Income": -565483000.0,
        "Interest Expense": 1023791000.0,
        "Interest Income": 565354000.0,
        "Normalized Income": 816236090.331705,
        "Net Income From Continuing And Discontinued Operation": 4507343000.0,
        "Total Expenses": 8803362000.0,
        "Total Operating Income As Reported": 3157828000.0,
        "Diluted Average Shares": NaN,
        "Basic Average Shares": NaN,
        "Diluted EPS": NaN,
        "Basic EPS": NaN,
        "Diluted NI Availto Com Stockholders": 4507343000.0,
        "Net Income Common Stockholders": 4507343000.0,
        "Net Income": 4507343000.0,
        "Minority Interests": -7379000.0,
        "Net Income Including Noncontrolling Interests": 4514722000.0,
        "Net Income Continuous Operations": 4514722000.0,
        "Tax Provision": 912564000.0,
        "Pretax Income": 5427286000.0,
        "Other Income Expense": 4424586000.0,
        "Other Non Operating Income Expenses": 942000.0,
        "Special Income Charges": 1602252000.0,
        "Gain On Sale Of Ppe": -220016000.0,
        "Other Special Charges": NaN,
        "Earnings From Equity Interest": -13549000.0,
        "Gain On Sale Of Security": 2834941000.0,
        "Net Non Operating Interest Income Expense": -565483000.0,
        "Total Other Finance Cost": 107046000.0,
        "Interest Expense Non Operating": 1023791000.0,
        "Interest Income Non Operating": 565354000.0,
        "Operating Income": 1568183000.0,
        "Operating Expense": 2027798000.0,
        "Other Operating Expenses": 1089610000.0,
        "Other Taxes": NaN,
        "Depreciation Amortization Depletion Income Statement": -116125000.0,
        "Depletion Income Statement": -388345000.0,
        "Depreciation And Amortization In Income Statement": 272220000.0,
        "Depreciation Income Statement": NaN,
        "Selling General And Administration": 1054313000.0,
        "Selling And Marketing Expense": 394995000.0,
        "General And Administrative Expense": 659318000.0,
        "Other Gand A": 207086000.0,
        "Salaries And Wages": 452232000.0,
        "Gross Profit": 3595981000.0,
        "Cost Of Revenue": 6775564000.0,
        "Total Revenue": 10371545000.0,
        "Excise Taxes": 602126000.0,
        "Operating Revenue": 12302661000.0
    },
    "2024-03-31": {
        "Tax Effect Of Unusual Items": -963011200.0,
        "Tax Rate For Calcs": 0.4,
        "Normalized EBITDA": 4864825000.0,
        "Total Unusual Items": -2407528000.0,
        "Total Unusual Items Excluding Goodwill": -2407528000.0,
        "Net Income From Continuing Operation Net Minority Interest": 215392000.0,
        "Reconciled Depreciation": 1982024000.0,
        "Reconciled Cost Of Revenue": 3993469000.0,
        "EBITDA": 2457297000.0,
        "EBIT": 475273000.0,
        "Net Interest Income": -706183000.0,
        "Interest Expense": 963095000.0,
        "Interest Income": 409192000.0,
        "Normalized Income": 1659908800.0,
        "Net Income From Continuing And Discontinued Operation": 215392000.0,
        "Total Expenses": 6822995000.0,
        "Total Operating Income As Reported": NaN,
        "Diluted Average Shares": 1286166000.0,
        "Basic Average Shares": 1285502000.0,
        "Diluted EPS": 0.16747,
        "Basic EPS": 0.16755,
        "Diluted NI Availto Com Stockholders": 215392000.0,
        "Net Income Common Stockholders": 215392000.0,
        "Net Income": 215392000.0,
        "Minority Interests": -4640000.0,
        "Net Income Including Noncontrolling Interests": 220032000.0,
        "Net Income Continuous Operations": 220032000.0,
        "Tax Provision": -707854000.0,
        "Pretax Income": -487822000.0,
        "Other Income Expense": -2417246000.0,
        "Other Non Operating Income Expenses": 189000.0,
        "Special Income Charges": -73663000.0,
        "Gain On Sale Of Ppe": -47554000.0,
        "Other Special Charges": 26109000.0,
        "Earnings From Equity Interest": -9907000.0,
        "Gain On Sale Of Security": -2333865000.0,
        "Net Non Operating Interest Income Expense": -706183000.0,
        "Total Other Finance Cost": 152280000.0,
        "Interest Expense Non Operating": 963095000.0,
        "Interest Income Non Operating": 409192000.0,
        "Operating Income": 2635607000.0,
        "Operating Expense": 1123125000.0,
        "Other Operating Expenses": -35613000.0,
        "Other Taxes": NaN,
        "Depreciation Amortization Depletion Income Statement": 275623000.0,
        "Depletion Income Statement": 2348000.0,
        "Depreciation And Amortization In Income Statement": 273275000.0,
        "Depreciation Income Statement": 273275000.0,
        "Selling General And Administration": 883115000.0,
        "Selling And Marketing Expense": 341783000.0,
        "General And Administrative Expense": 541332000.0,
        "Other Gand A": 147990000.0,
        "Salaries And Wages": 393342000.0,
        "Gross Profit": 3758732000.0,
        "Cost Of Revenue": 5699870000.0,
        "Total Revenue": 9458602000.0,
        "Excise Taxes": 526146000.0,
        "Operating Revenue": 11434047000.0
    }
}