{
    "2023-03-31": {
        "Tax Effect Of Unusual Items": 0.0,
        "Tax Rate For Calcs": 0.0,
        "Normalized EBITDA": -1731239.0,
        "Total Unusual Items": NaN,
        "Total Unusual Items Excluding Goodwill": NaN,
        "Net Income From Continuing Operation Net Minority Interest": -1713678.0,
        "Reconciled Depreciation": 12414.0,
        "Reconciled Cost Of Revenue": 42746.0,
        "EBITDA": -1731239.0,
        "EBIT": -1743653.0,
        "Net Interest Income": 22104.0,
        "Normalized Income": -1713678.0,
        "Net Income From Continuing And Discontinued Operation": -1713678.0,
        "Total Expenses": 1864663.0,
        "Total Operating Income As Reported": -1743653.0,
        "Basic Average Shares": NaN,
        "Basic EPS": -2.59,
        "Diluted NI Availto Com Stockholders": -1713678.0,
        "Net Income Common Stockholders": -1713678.0,
        "Net Income": -1713678.0,
        "Minority Interests": 7871.0,
        "Net Income Including Noncontrolling Interests": -1721549.0,
        "Net Income Continuous Operations": -1721549.0,
        "Pretax Income": -1721549.0,
        "Other Income Expense": NaN,
        "Other Non Operating Income Expenses": NaN,
        "Earnings From Equity Interest": NaN,
        "Gain On Sale Of Security": NaN,
        "Net Non Operating Interest Income Expense": 22104.0,
        "Total Other Finance Cost": -22104.0,
        "Operating Income": -1743653.0,
        "Operating Expense": 1821917.0,
        "Research And Development": 118908.0,
        "Selling General And Administration": 1703009.0,
        "Selling And Marketing Expense": 21503.0,
        "General And Administrative Expense": 1681506.0,
        "Other Gand A": 681463.0,
        "Insurance And Claims": 84096.0,
        "Salaries And Wages": 915947.0,
        "Gross Profit": 78264.0,
        "Cost Of Revenue": 42746.0,
        "Total Revenue": 121010.0,
        "Operating Revenue": 121010.0
    },
    "2022-12-31": {
        "Tax Effect Of Unusual Items": 0.0,
        "Tax Rate For Calcs": 0.0,
        "Normalized EBITDA": -1405004.0,
        "Total Unusual Items": NaN,
        "Total Unusual Items Excluding Goodwill": NaN,
        "Net Income From Continuing Operation Net Minority Interest": -1393767.0,
        "Reconciled Depreciation": 24191.0,
        "Reconciled Cost Of Revenue": 79064.0,
        "EBITDA": -1405004.0,
        "EBIT": -1429195.0,
        "Net Interest Income": 7446.0,
        "Normalized Income": -1393767.0,
        "Net Income From Continuing And Discontinued Operation": -1393767.0,
        "Total Expenses": 1653256.0,
        "Total Operating Income As Reported": -1429195.0,
        "Basic Average Shares": NaN,
        "Basic EPS": NaN,
        "Diluted NI Availto Com Stockholders": -1393767.0,
        "Net Income Common Stockholders": -1393767.0,
        "Net Income": -1393767.0,
        "Minority Interests": 13125.0,
        "Net Income Including Noncontrolling Interests": -1406892.0,
        "Net Income Continuous Operations": -1406892.0,
        "Pretax Income": -1406892.0,
        "Other Income Expense": NaN,
        "Other Non Operating Income Expenses": NaN,
        "Earnings From Equity Interest": NaN,
        "Gain On Sale Of Security": NaN,
        "Net Non Operating Interest Income Expense": 7446.0,
        "Total Other Finance Cost": 26295.0,
        "Operating Income": -1429195.0,
        "Operating Expense": 1574192.0,
        "Research And Development": 249587.0,
        "Selling General And Administration": 1083141.0,
        "Selling And Marketing Expense": 37095.0,
        "General And Administrative Expense": 1046046.0,
        "Other Gand A": 422063.0,
        "Insurance And Claims": 113553.0,
        "Salaries And Wages": 460069.0,
        "Gross Profit": 144997.0,
        "Cost Of Revenue": 79064.0,
        "Total Revenue": 224061.0,
        "Operating Revenue": 224061.0
    },
    "2022-09-30": {
        "Tax Effect Of Unusual Items": 0.0,
        "Tax Rate For Calcs": 0.0,
        "Normalized EBITDA": -1756105.0,
        "Total Unusual Items": NaN,
        "Total Unusual Items Excluding Goodwill": NaN,
        "Net Income From Continuing Operation Net Minority Interest": -1759413.0,
        "Reconciled Depreciation": 11736.0,
        "Reconciled Cost Of Revenue": 24402.0,
        "EBITDA": -1756105.0,
        "EBIT": -1767841.0,
        "Net Interest Income": -1334.0,
        "Normalized Income": -1759413.0,
        "Net Income From Continuing And Discontinued Operation": -1759413.0,
        "Total Expenses": 1819074.0,
        "Total Operating Income As Reported": -1767841.0,
        "Diluted Average Shares": 79689.0,
        "Basic Average Shares": 79689.0,
        "Diluted EPS": -22.05,
        "Basic EPS": -22.05,
        "Diluted NI Availto Com Stockholders": -1759413.0,
        "Net Income Common Stockholders": -1759413.0,
        "Net Income": -1759413.0,
        "Minority Interests": 9762.0,
        "Net Income Including Noncontrolling Interests": -1769175.0,
        "Net Income Continuous Operations": -1769175.0,
        "Pretax Income": -1769175.0,
        "Other Income Expense": NaN,
        "Other Non Operating Income Expenses": NaN,
        "Earnings From Equity Interest": NaN,
        "Gain On Sale Of Security": NaN,
        "Net Non Operating Interest Income Expense": -1334.0,
        "Total Other Finance Cost": 1334.0,
        "Operating Income": -1767841.0,
        "Operating Expense": 1794672.0,
        "Research And Development": 198501.0,
        "Selling General And Administration": 1596171.0,
        "Selling And Marketing Expense": 21507.0,
        "General And Administrative Expense": 1574664.0,
        "Other Gand A": 1139911.0,
        "Insurance And Claims": 114067.0,
        "Salaries And Wages": 320686.0,
        "Gross Profit": 26831.0,
        "Cost Of Revenue": 24402.0,
        "Total Revenue": 51233.0,
        "Operating Revenue": 51233.0
    },
    "2022-06-30": {
        "Tax Effect Of Unusual Items": 0.0,
        "Tax Rate For Calcs": 0.0,
        "Normalized EBITDA": -1265778.0,
        "Net Income From Continuing Operation Net Minority Interest": -1256670.0,
        "Reconciled Depreciation": 11154.0,
        "Reconciled Cost Of Revenue": 12998.0,
        "EBITDA": -1265778.0,
        "EBIT": -1276932.0,
        "Net Interest Income": 12928.0,
        "Normalized Income": -1256670.0,
        "Net Income From Continuing And Discontinued Operation": -1256670.0,
        "Total Expenses": 1308012.0,
        "Total Operating Income As Reported": -1276932.0,
        "Diluted Average Shares": 2862562.0,
        "Basic Average Shares": 2862562.0,
        "Diluted EPS": -0.44,
        "Basic EPS": -0.44,
        "Diluted NI Availto Com Stockholders": -1256670.0,
        "Net Income Common Stockholders": -1256670.0,
        "Net Income": -1256670.0,
        "Minority Interests": 7334.0,
        "Net Income Including Noncontrolling Interests": -1264004.0,
        "Net Income Continuous Operations": -1264004.0,
        "Pretax Income": -1264004.0,
        "Other Income Expense": NaN,
        "Other Non Operating Income Expenses": NaN,
        "Earnings From Equity Interest": NaN,
        "Net Non Operating Interest Income Expense": 12928.0,
        "Total Other Finance Cost": -12928.0,
        "Operating Income": -1276932.0,
        "Operating Expense": 1295014.0,
        "Research And Development": 113376.0,
        "Selling General And Administration": 1181638.0,
        "Selling And Marketing Expense": 42712.0,
        "General And Administrative Expense": 1138926.0,
        "Other Gand A": 681603.0,
        "Insurance And Claims": 110155.0,
        "Salaries And Wages": 347168.0,
        "Gross Profit": 18082.0,
        "Cost Of Revenue": 12998.0,
        "Total Revenue": 31080.0,
        "Operating Revenue": 31080.0
    },
    "2022-03-31": {
        "Diluted EPS": -0.47,
        "Total Revenue": 0,
        "Gross Profit": 0,
        "Operating Income": -1,
        "EBIT": -1,
        "Net Income": -1
    },
    "2021-12-31": {
        "Diluted EPS": -0.6,
        "Total Revenue": 0,
        "Gross Profit": 0,
        "Operating Income": -2,
        "EBIT": -1,
        "Net Income": -2
    },
    "2021-09-30": {
        "Diluted EPS": -0.46,
        "Total Revenue": 0,
        "Gross Profit": 0,
        "Operating Income": -1,
        "EBIT": -1,
        "Net Income": -1
    },
    "2021-06-30": {
        "Diluted EPS": -0.69,
        "Total Revenue": 0,
        "Gross Profit": 0,
        "Operating Income": -2,
        "EBIT": -2,
        "Net Income": -1
    },
    "2021-03-31": {
        "Diluted EPS": -0.31,
        "Total Revenue": 0,
        "Gross Profit": 0,
        "Operating Income": 0,
        "EBIT": 0,
        "Net Income": 0
    },
    "2020-12-31": {
        "Diluted EPS": -0.12,
        "Total Revenue": 0,
        "Gross Profit": 0,
        "Operating Income": 0,
        "EBIT": 0,
        "Net Income": 0
    },
    "2020-09-30": {
        "Diluted EPS": -0.28,
        "Total Revenue": NaN,
        "Gross Profit": NaN,
        "Operating Income": 0,
        "EBIT": 0,
        "Net Income": 0
    },
    "2020-06-30": {
        "Diluted EPS": -0.4,
        "Total Revenue": NaN,
        "Gross Profit": 0,
        "Operating Income": 0,
        "EBIT": 0,
        "Net Income": -1
    },
    "2020-03-31": {
        "Diluted EPS": -0.25,
        "Total Revenue": 0,
        "Gross Profit": 0,
        "Operating Income": 0,
        "EBIT": 0,
        "Net Income": 0
    },
    "2019-12-31": {
        "Diluted EPS": 0.0,
        "Total Revenue": NaN,
        "Gross Profit": NaN,
        "Operating Income": NaN,
        "EBIT": NaN,
        "Net Income": NaN
    },
    "2023-06-30": {
        "Tax Effect Of Unusual Items": 0.0,
        "Tax Rate For Calcs": 0.0,
        "Normalized EBITDA": -829517.0,
        "Total Unusual Items": NaN,
        "Total Unusual Items Excluding Goodwill": NaN,
        "Net Income From Continuing Operation Net Minority Interest": -709505.0,
        "Reconciled Depreciation": 10801.0,
        "Reconciled Cost Of Revenue": 27007.0,
        "EBITDA": -829517.0,
        "EBIT": -840318.0,
        "Net Interest Income": 10982.0,
        "Normalized Income": -709505.0,
        "Net Income From Continuing And Discontinued Operation": -709505.0,
        "Total Expenses": 876926.0,
        "Total Operating Income As Reported": -840318.0,
        "Basic Average Shares": 998006.0,
        "Basic EPS": NaN,
        "Diluted NI Availto Com Stockholders": -709505.0,
        "Net Income Common Stockholders": -709505.0,
        "Net Income": -709505.0,
        "Minority Interests": 5430.0,
        "Net Income Including Noncontrolling Interests": -714935.0,
        "Net Income Continuous Operations": -714935.0,
        "Pretax Income": -714935.0,
        "Other Income Expense": 114401.0,
        "Other Non Operating Income Expenses": 12294.0,
        "Earnings From Equity Interest": 102107.0,
        "Gain On Sale Of Security": NaN,
        "Net Non Operating Interest Income Expense": 10982.0,
        "Total Other Finance Cost": -10982.0,
        "Operating Income": -840318.0,
        "Operating Expense": 849919.0,
        "Research And Development": 16857.0,
        "Selling General And Administration": 833062.0,
        "Selling And Marketing Expense": 28715.0,
        "General And Administrative Expense": 804347.0,
        "Other Gand A": 512529.0,
        "Insurance And Claims": 53144.0,
        "Salaries And Wages": 238674.0,
        "Gross Profit": 9601.0,
        "Cost Of Revenue": 27007.0,
        "Total Revenue": 36608.0,
        "Operating Revenue": 36608.0
    },
    "2023-09-30": {
        "Tax Effect Of Unusual Items": 0.0,
        "Tax Rate For Calcs": 0.0,
        "Normalized EBITDA": -2654892.0,
        "Total Unusual Items": -189683.0,
        "Total Unusual Items Excluding Goodwill": -189683.0,
        "Net Income From Continuing Operation Net Minority Interest": -2365596.0,
        "Reconciled Depreciation": 12349.0,
        "Reconciled Cost Of Revenue": 0.0,
        "EBITDA": -2844575.0,
        "EBIT": -2856924.0,
        "Net Interest Income": 10579.0,
        "Normalized Income": -2175913.0,
        "Net Income From Continuing And Discontinued Operation": -2365596.0,
        "Total Expenses": 2856924.0,
        "Total Operating Income As Reported": -2856924.0,
        "Basic Average Shares": 190152.0,
        "Basic EPS": NaN,
        "Diluted NI Availto Com Stockholders": -2365596.0,
        "Net Income Common Stockholders": -2365596.0,
        "Net Income": -2365596.0,
        "Minority Interests": 670432.0,
        "Net Income Including Noncontrolling Interests": -3036028.0,
        "Net Income Continuous Operations": -3036028.0,
        "Pretax Income": -3036028.0,
        "Other Income Expense": -189683.0,
        "Other Non Operating Income Expenses": NaN,
        "Earnings From Equity Interest": NaN,
        "Gain On Sale Of Security": -189683.0,
        "Net Non Operating Interest Income Expense": 10579.0,
        "Total Other Finance Cost": -10579.0,
        "Operating Income": -2856924.0,
        "Operating Expense": 2856924.0,
        "Research And Development": 1693205.0,
        "Selling General And Administration": 1163719.0,
        "Selling And Marketing Expense": 10121.0,
        "General And Administrative Expense": 1153598.0,
        "Other Gand A": 561374.0,
        "Insurance And Claims": 54125.0,
        "Salaries And Wages": 538099.0,
        "Gross Profit": 0.0,
        "Cost Of Revenue": 0.0,
        "Total Revenue": 0.0,
        "Operating Revenue": 0.0
    }
}