{
    "2023-12-31": {
        "Tax Effect Of Unusual Items": 0.0,
        "Tax Rate For Calcs": 0.084541,
        "Normalized EBITDA": 804000.0,
        "Total Unusual Items": 0.0,
        "Total Unusual Items Excluding Goodwill": 0.0,
        "Net Income From Continuing Operation Net Minority Interest": 379000.0,
        "Reconciled Depreciation": 293000.0,
        "Reconciled Cost Of Revenue": 9572000.0,
        "EBITDA": 804000.0,
        "EBIT": 511000.0,
        "Net Interest Income": -97000.0,
        "Interest Expense": 97000.0,
        "Normalized Income": 379000.0,
        "Net Income From Continuing And Discontinued Operation": 465000.0,
        "Total Expenses": 11827000.0,
        "Total Operating Income As Reported": 511000.0,
        "Diluted Average Shares": NaN,
        "Basic Average Shares": NaN,
        "Diluted EPS": NaN,
        "Basic EPS": NaN,
        "Diluted NI Availto Com Stockholders": 465000.0,
        "Net Income Common Stockholders": 465000.0,
        "Net Income": 465000.0,
        "Net Income Including Noncontrolling Interests": 465000.0,
        "Net Income Discontinuous Operations": 86000.0,
        "Net Income Continuous Operations": 379000.0,
        "Tax Provision": 35000.0,
        "Pretax Income": 414000.0,
        "Other Income Expense": NaN,
        "Special Income Charges": 0.0,
        "Gain On Sale Of Ppe": 0.0,
        "Other Special Charges": NaN,
        "Net Non Operating Interest Income Expense": -97000.0,
        "Interest Expense Non Operating": 97000.0,
        "Operating Income": 511000.0,
        "Operating Expense": 2255000.0,
        "Selling General And Administration": 2255000.0,
        "Gross Profit": 2766000.0,
        "Cost Of Revenue": 9572000.0,
        "Total Revenue": 12338000.0,
        "Operating Revenue": 12338000.0
    },
    "2023-09-30": {
        "Tax Effect Of Unusual Items": 0.0,
        "Tax Rate For Calcs": 0.0,
        "Normalized EBITDA": 553000.0,
        "Total Unusual Items": 0.0,
        "Total Unusual Items Excluding Goodwill": 0.0,
        "Net Income From Continuing Operation Net Minority Interest": 182000.0,
        "Reconciled Depreciation": 273000.0,
        "Reconciled Cost Of Revenue": 9083000.0,
        "EBITDA": 553000.0,
        "EBIT": 280000.0,
        "Net Interest Income": -98000.0,
        "Interest Expense": 98000.0,
        "Normalized Income": 182000.0,
        "Net Income From Continuing And Discontinued Operation": -204000.0,
        "Total Expenses": 11302000.0,
        "Total Operating Income As Reported": 280000.0,
        "Diluted Average Shares": 2472000.0,
        "Basic Average Shares": 2472000.0,
        "Diluted EPS": -0.09,
        "Basic EPS": -0.09,
        "Diluted NI Availto Com Stockholders": -204000.0,
        "Net Income Common Stockholders": -204000.0,
        "Net Income": -204000.0,
        "Net Income Including Noncontrolling Interests": -204000.0,
        "Net Income Discontinuous Operations": -386000.0,
        "Net Income Continuous Operations": 182000.0,
        "Tax Provision": 0.0,
        "Pretax Income": 182000.0,
        "Other Income Expense": NaN,
        "Special Income Charges": 0.0,
        "Gain On Sale Of Ppe": 0.0,
        "Other Special Charges": NaN,
        "Net Non Operating Interest Income Expense": -98000.0,
        "Interest Expense Non Operating": 98000.0,
        "Operating Income": 280000.0,
        "Operating Expense": 2219000.0,
        "Selling General And Administration": 2219000.0,
        "Gross Profit": 2499000.0,
        "Cost Of Revenue": 9083000.0,
        "Total Revenue": 11582000.0,
        "Operating Revenue": 11582000.0
    },
    "2023-06-30": {
        "Tax Effect Of Unusual Items": NaN,
        "Tax Rate For Calcs": NaN,
        "Normalized EBITDA": NaN,
        "Total Unusual Items": 0.0,
        "Total Unusual Items Excluding Goodwill": 0.0,
        "Net Income From Continuing Operation Net Minority Interest": NaN,
        "Reconciled Depreciation": NaN,
        "Reconciled Cost Of Revenue": NaN,
        "EBITDA": NaN,
        "EBIT": NaN,
        "Net Interest Income": NaN,
        "Interest Expense": NaN,
        "Normalized Income": NaN,
        "Net Income From Continuing And Discontinued Operation": NaN,
        "Total Expenses": NaN,
        "Total Operating Income As Reported": NaN,
        "Diluted Average Shares": 2489000.0,
        "Basic Average Shares": 2461000.0,
        "Diluted EPS": -3.86,
        "Basic EPS": -3.86,
        "Diluted NI Availto Com Stockholders": NaN,
        "Net Income Common Stockholders": NaN,
        "Net Income": NaN,
        "Net Income Including Noncontrolling Interests": NaN,
        "Net Income Discontinuous Operations": NaN,
        "Net Income Continuous Operations": NaN,
        "Tax Provision": NaN,
        "Pretax Income": NaN,
        "Other Income Expense": NaN,
        "Special Income Charges": 0.0,
        "Gain On Sale Of Ppe": 0.0,
        "Other Special Charges": NaN,
        "Net Non Operating Interest Income Expense": NaN,
        "Interest Expense Non Operating": NaN,
        "Operating Income": NaN,
        "Operating Expense": NaN,
        "Selling General And Administration": NaN,
        "Gross Profit": NaN,
        "Cost Of Revenue": NaN,
        "Total Revenue": NaN,
        "Operating Revenue": NaN
    },
    "2023-03-31": {
        "Tax Effect Of Unusual Items": NaN,
        "Tax Rate For Calcs": NaN,
        "Normalized EBITDA": NaN,
        "Total Unusual Items": 0.0,
        "Total Unusual Items Excluding Goodwill": 0.0,
        "Net Income From Continuing Operation Net Minority Interest": NaN,
        "Reconciled Depreciation": NaN,
        "Reconciled Cost Of Revenue": NaN,
        "EBITDA": NaN,
        "EBIT": NaN,
        "Net Interest Income": NaN,
        "Interest Expense": NaN,
        "Normalized Income": NaN,
        "Net Income From Continuing And Discontinued Operation": NaN,
        "Total Expenses": NaN,
        "Total Operating Income As Reported": NaN,
        "Diluted Average Shares": NaN,
        "Basic Average Shares": NaN,
        "Diluted EPS": NaN,
        "Basic EPS": NaN,
        "Diluted NI Availto Com Stockholders": NaN,
        "Net Income Common Stockholders": NaN,
        "Net Income": NaN,
        "Net Income Including Noncontrolling Interests": NaN,
        "Net Income Discontinuous Operations": NaN,
        "Net Income Continuous Operations": NaN,
        "Tax Provision": NaN,
        "Pretax Income": NaN,
        "Other Income Expense": NaN,
        "Special Income Charges": 0.0,
        "Gain On Sale Of Ppe": 0.0,
        "Other Special Charges": NaN,
        "Net Non Operating Interest Income Expense": NaN,
        "Interest Expense Non Operating": NaN,
        "Operating Income": NaN,
        "Operating Expense": NaN,
        "Selling General And Administration": NaN,
        "Gross Profit": NaN,
        "Cost Of Revenue": NaN,
        "Total Revenue": NaN,
        "Operating Revenue": NaN
    },
    "2024-03-31": {
        "Tax Effect Of Unusual Items": 0.0,
        "Tax Rate For Calcs": 0.0,
        "Normalized EBITDA": -12000.0,
        "Total Unusual Items": NaN,
        "Total Unusual Items Excluding Goodwill": NaN,
        "Net Income From Continuing Operation Net Minority Interest": -366000.0,
        "Reconciled Depreciation": 271000.0,
        "Reconciled Cost Of Revenue": 8711000.0,
        "EBITDA": -12000.0,
        "EBIT": -283000.0,
        "Net Interest Income": -83000.0,
        "Interest Expense": 83000.0,
        "Normalized Income": -366000.0,
        "Net Income From Continuing And Discontinued Operation": -383000.0,
        "Total Expenses": 10729000.0,
        "Total Operating Income As Reported": -283000.0,
        "Diluted Average Shares": 2519000.0,
        "Basic Average Shares": 2490000.0,
        "Diluted EPS": -0.16,
        "Basic EPS": -0.16,
        "Diluted NI Availto Com Stockholders": -383000.0,
        "Net Income Common Stockholders": -383000.0,
        "Net Income": -383000.0,
        "Net Income Including Noncontrolling Interests": -383000.0,
        "Net Income Discontinuous Operations": -17000.0,
        "Net Income Continuous Operations": -366000.0,
        "Tax Provision": 0.0,
        "Pretax Income": -366000.0,
        "Other Income Expense": NaN,
        "Special Income Charges": NaN,
        "Gain On Sale Of Ppe": NaN,
        "Other Special Charges": NaN,
        "Net Non Operating Interest Income Expense": -83000.0,
        "Interest Expense Non Operating": 83000.0,
        "Operating Income": -283000.0,
        "Operating Expense": 2018000.0,
        "Selling General And Administration": 2018000.0,
        "Gross Profit": 1735000.0,
        "Cost Of Revenue": 8711000.0,
        "Total Revenue": 10446000.0,
        "Operating Revenue": 10446000.0
    },
    "2022-12-31": {
        "Tax Effect Of Unusual Items": NaN,
        "Tax Rate For Calcs": NaN,
        "Normalized EBITDA": NaN,
        "Total Unusual Items": 10000.0,
        "Total Unusual Items Excluding Goodwill": 10000.0,
        "Net Income From Continuing Operation Net Minority Interest": NaN,
        "Reconciled Depreciation": NaN,
        "Reconciled Cost Of Revenue": NaN,
        "EBITDA": NaN,
        "EBIT": NaN,
        "Net Interest Income": NaN,
        "Interest Expense": NaN,
        "Normalized Income": NaN,
        "Net Income From Continuing And Discontinued Operation": NaN,
        "Total Expenses": NaN,
        "Total Operating Income As Reported": NaN,
        "Diluted Average Shares": NaN,
        "Basic Average Shares": NaN,
        "Diluted EPS": NaN,
        "Basic EPS": NaN,
        "Diluted NI Availto Com Stockholders": NaN,
        "Net Income Common Stockholders": NaN,
        "Net Income": NaN,
        "Net Income Including Noncontrolling Interests": NaN,
        "Net Income Discontinuous Operations": NaN,
        "Net Income Continuous Operations": NaN,
        "Tax Provision": NaN,
        "Pretax Income": NaN,
        "Other Income Expense": 10000.0,
        "Special Income Charges": 10000.0,
        "Gain On Sale Of Ppe": 10000.0,
        "Net Non Operating Interest Income Expense": NaN,
        "Interest Expense Non Operating": NaN,
        "Operating Income": NaN,
        "Operating Expense": NaN,
        "Selling General And Administration": NaN,
        "Gross Profit": NaN,
        "Cost Of Revenue": NaN,
        "Total Revenue": NaN,
        "Operating Revenue": NaN
    },
    "2022-09-30": {
        "Tax Effect Of Unusual Items": NaN,
        "Tax Rate For Calcs": NaN,
        "Normalized EBITDA": NaN,
        "Total Unusual Items": NaN,
        "Total Unusual Items Excluding Goodwill": NaN,
        "Net Income From Continuing Operation Net Minority Interest": NaN,
        "Reconciled Depreciation": NaN,
        "Reconciled Cost Of Revenue": NaN,
        "EBITDA": NaN,
        "EBIT": NaN,
        "Net Interest Income": NaN,
        "Interest Expense": NaN,
        "Normalized Income": NaN,
        "Net Income From Continuing And Discontinued Operation": NaN,
        "Total Expenses": NaN,
        "Total Operating Income As Reported": NaN,
        "Diluted Average Shares": 2442000.0,
        "Basic Average Shares": 2424000.0,
        "Diluted EPS": -0.13,
        "Basic EPS": -0.13,
        "Diluted NI Availto Com Stockholders": NaN,
        "Net Income Common Stockholders": NaN,
        "Net Income": NaN,
        "Net Income Including Noncontrolling Interests": NaN,
        "Net Income Discontinuous Operations": 271000.0,
        "Net Income Continuous Operations": NaN,
        "Tax Provision": NaN,
        "Pretax Income": NaN,
        "Other Income Expense": NaN,
        "Special Income Charges": NaN,
        "Gain On Sale Of Ppe": NaN,
        "Net Non Operating Interest Income Expense": NaN,
        "Interest Expense Non Operating": NaN,
        "Operating Income": NaN,
        "Operating Expense": NaN,
        "Selling General And Administration": NaN,
        "Gross Profit": NaN,
        "Cost Of Revenue": NaN,
        "Total Revenue": NaN,
        "Operating Revenue": NaN
    },
    "2024-06-30": {
        "Tax Effect Of Unusual Items": 0.0,
        "Tax Rate For Calcs": 0.0,
        "Normalized EBITDA": 938000.0,
        "Total Unusual Items": NaN,
        "Total Unusual Items Excluding Goodwill": NaN,
        "Net Income From Continuing Operation Net Minority Interest": 568000.0,
        "Reconciled Depreciation": 272000.0,
        "Reconciled Cost Of Revenue": 9210000.0,
        "EBITDA": 938000.0,
        "EBIT": 666000.0,
        "Net Interest Income": -98000.0,
        "Interest Expense": 98000.0,
        "Normalized Income": 568000.0,
        "Net Income From Continuing And Discontinued Operation": 556000.0,
        "Total Expenses": 11607000.0,
        "Total Operating Income As Reported": 666000.0,
        "Diluted Average Shares": 2546000.0,
        "Basic Average Shares": 2495000.0,
        "Diluted EPS": 0.22,
        "Basic EPS": 0.23,
        "Diluted NI Availto Com Stockholders": 556000.0,
        "Net Income Common Stockholders": 556000.0,
        "Net Income": 556000.0,
        "Net Income Including Noncontrolling Interests": 556000.0,
        "Net Income Discontinuous Operations": -12000.0,
        "Net Income Continuous Operations": 568000.0,
        "Tax Provision": 0.0,
        "Pretax Income": 568000.0,
        "Other Income Expense": NaN,
        "Special Income Charges": NaN,
        "Gain On Sale Of Ppe": NaN,
        "Other Special Charges": NaN,
        "Net Non Operating Interest Income Expense": -98000.0,
        "Interest Expense Non Operating": 98000.0,
        "Operating Income": 666000.0,
        "Operating Expense": 2397000.0,
        "Selling General And Administration": 2397000.0,
        "Gross Profit": 3063000.0,
        "Cost Of Revenue": 9210000.0,
        "Total Revenue": 12273000.0,
        "Operating Revenue": 12273000.0
    },
    "2024-09-30": {
        "Tax Effect Of Unusual Items": 0.0,
        "Tax Rate For Calcs": 0.0,
        "Normalized EBITDA": 514000.0,
        "Total Unusual Items": -570000.0,
        "Total Unusual Items Excluding Goodwill": -570000.0,
        "Net Income From Continuing Operation Net Minority Interest": -453000.0,
        "Reconciled Depreciation": 225000.0,
        "Reconciled Cost Of Revenue": 10162000.0,
        "EBITDA": -56000.0,
        "EBIT": -281000.0,
        "Net Interest Income": -172000.0,
        "Interest Expense": 172000.0,
        "Normalized Income": 117000.0,
        "Net Income From Continuing And Discontinued Operation": -496000.0,
        "Total Expenses": 12141000.0,
        "Total Operating Income As Reported": -281000.0,
        "Diluted Average Shares": 2508000.0,
        "Basic Average Shares": 2508000.0,
        "Diluted EPS": -0.2,
        "Basic EPS": -0.2,
        "Diluted NI Availto Com Stockholders": -496000.0,
        "Net Income Common Stockholders": -496000.0,
        "Net Income": -496000.0,
        "Net Income Including Noncontrolling Interests": -496000.0,
        "Net Income Discontinuous Operations": -43000.0,
        "Net Income Continuous Operations": -453000.0,
        "Tax Provision": 0.0,
        "Pretax Income": -453000.0,
        "Other Income Expense": -570000.0,
        "Special Income Charges": -570000.0,
        "Gain On Sale Of Ppe": NaN,
        "Other Special Charges": 570000.0,
        "Net Non Operating Interest Income Expense": -172000.0,
        "Interest Expense Non Operating": 172000.0,
        "Operating Income": 289000.0,
        "Operating Expense": 1979000.0,
        "Selling General And Administration": 1979000.0,
        "Gross Profit": 2268000.0,
        "Cost Of Revenue": 10162000.0,
        "Total Revenue": 12430000.0,
        "Operating Revenue": 12430000.0
    }
}