{
    "2023-03-31": {
        "Tax Effect Of Unusual Items": NaN,
        "Tax Rate For Calcs": NaN,
        "Normalized EBITDA": NaN,
        "Total Unusual Items": NaN,
        "Total Unusual Items Excluding Goodwill": NaN,
        "Net Income From Continuing Operation Net Minority Interest": NaN,
        "Reconciled Cost Of Revenue": NaN,
        "EBITDA": NaN,
        "EBIT": NaN,
        "Net Interest Income": NaN,
        "Interest Income": NaN,
        "Normalized Income": NaN,
        "Net Income From Continuing And Discontinued Operation": NaN,
        "Total Expenses": NaN,
        "Total Operating Income As Reported": NaN,
        "Diluted Average Shares": NaN,
        "Basic Average Shares": NaN,
        "Diluted EPS": NaN,
        "Basic EPS": NaN,
        "Diluted NI Availto Com Stockholders": NaN,
        "Net Income Common Stockholders": NaN,
        "Net Income": NaN,
        "Minority Interests": NaN,
        "Net Income Including Noncontrolling Interests": NaN,
        "Net Income Continuous Operations": NaN,
        "Tax Provision": NaN,
        "Pretax Income": NaN,
        "Other Income Expense": NaN,
        "Other Non Operating Income Expenses": NaN,
        "Special Income Charges": 0.0,
        "Write Off": 0.0,
        "Earnings From Equity Interest": NaN,
        "Gain On Sale Of Security": NaN,
        "Net Non Operating Interest Income Expense": NaN,
        "Interest Income Non Operating": NaN,
        "Operating Income": NaN,
        "Operating Expense": NaN,
        "Research And Development": NaN,
        "Selling General And Administration": NaN,
        "Selling And Marketing Expense": NaN,
        "General And Administrative Expense": NaN,
        "Other Gand A": NaN,
        "Salaries And Wages": NaN,
        "Gross Profit": NaN,
        "Cost Of Revenue": NaN,
        "Total Revenue": NaN,
        "Operating Revenue": NaN
    },
    "2022-12-31": {
        "Tax Effect Of Unusual Items": NaN,
        "Tax Rate For Calcs": NaN,
        "Normalized EBITDA": NaN,
        "Total Unusual Items": NaN,
        "Total Unusual Items Excluding Goodwill": NaN,
        "Net Income From Continuing Operation Net Minority Interest": NaN,
        "Reconciled Cost Of Revenue": NaN,
        "EBITDA": NaN,
        "EBIT": NaN,
        "Net Interest Income": NaN,
        "Interest Income": NaN,
        "Normalized Income": NaN,
        "Net Income From Continuing And Discontinued Operation": NaN,
        "Total Expenses": NaN,
        "Total Operating Income As Reported": NaN,
        "Diluted Average Shares": NaN,
        "Basic Average Shares": NaN,
        "Diluted EPS": NaN,
        "Basic EPS": NaN,
        "Diluted NI Availto Com Stockholders": NaN,
        "Net Income Common Stockholders": NaN,
        "Net Income": NaN,
        "Minority Interests": NaN,
        "Net Income Including Noncontrolling Interests": NaN,
        "Net Income Continuous Operations": NaN,
        "Tax Provision": NaN,
        "Pretax Income": NaN,
        "Other Income Expense": NaN,
        "Other Non Operating Income Expenses": NaN,
        "Special Income Charges": 0.0,
        "Write Off": 0.0,
        "Earnings From Equity Interest": NaN,
        "Gain On Sale Of Security": NaN,
        "Net Non Operating Interest Income Expense": NaN,
        "Interest Income Non Operating": NaN,
        "Operating Income": NaN,
        "Operating Expense": NaN,
        "Research And Development": NaN,
        "Selling General And Administration": NaN,
        "Selling And Marketing Expense": NaN,
        "General And Administrative Expense": NaN,
        "Other Gand A": NaN,
        "Salaries And Wages": NaN,
        "Gross Profit": NaN,
        "Cost Of Revenue": NaN,
        "Total Revenue": NaN,
        "Operating Revenue": NaN
    },
    "2022-09-30": {
        "Tax Effect Of Unusual Items": NaN,
        "Tax Rate For Calcs": NaN,
        "Normalized EBITDA": NaN,
        "Total Unusual Items": NaN,
        "Total Unusual Items Excluding Goodwill": NaN,
        "Net Income From Continuing Operation Net Minority Interest": NaN,
        "Reconciled Cost Of Revenue": NaN,
        "EBITDA": NaN,
        "EBIT": NaN,
        "Net Interest Income": NaN,
        "Interest Income": NaN,
        "Normalized Income": NaN,
        "Net Income From Continuing And Discontinued Operation": NaN,
        "Total Expenses": NaN,
        "Total Operating Income As Reported": NaN,
        "Diluted Average Shares": NaN,
        "Basic Average Shares": NaN,
        "Diluted EPS": NaN,
        "Basic EPS": NaN,
        "Diluted NI Availto Com Stockholders": NaN,
        "Net Income Common Stockholders": NaN,
        "Net Income": NaN,
        "Minority Interests": NaN,
        "Net Income Including Noncontrolling Interests": NaN,
        "Net Income Continuous Operations": NaN,
        "Tax Provision": NaN,
        "Pretax Income": NaN,
        "Other Income Expense": NaN,
        "Other Non Operating Income Expenses": NaN,
        "Special Income Charges": -7945000.0,
        "Write Off": 7945000.0,
        "Earnings From Equity Interest": NaN,
        "Gain On Sale Of Security": NaN,
        "Net Non Operating Interest Income Expense": NaN,
        "Interest Income Non Operating": NaN,
        "Operating Income": NaN,
        "Operating Expense": NaN,
        "Research And Development": NaN,
        "Selling General And Administration": NaN,
        "Selling And Marketing Expense": NaN,
        "General And Administrative Expense": NaN,
        "Other Gand A": NaN,
        "Salaries And Wages": NaN,
        "Gross Profit": NaN,
        "Cost Of Revenue": NaN,
        "Total Revenue": NaN,
        "Operating Revenue": NaN
    },
    "2022-06-30": {
        "Tax Effect Of Unusual Items": 789.183223,
        "Tax Rate For Calcs": 0.001686,
        "Normalized EBITDA": -42491000.0,
        "Total Unusual Items": 468000.0,
        "Total Unusual Items Excluding Goodwill": 468000.0,
        "Net Income From Continuing Operation Net Minority Interest": -32296000.0,
        "Reconciled Cost Of Revenue": 104479000.0,
        "EBITDA": -42023000.0,
        "EBIT": -42023000.0,
        "Net Interest Income": 5347000.0,
        "Interest Income": 5347000.0,
        "Normalized Income": -32763210.816777,
        "Net Income From Continuing And Discontinued Operation": -32296000.0,
        "Total Expenses": 351102000.0,
        "Total Operating Income As Reported": -42023000.0,
        "Diluted Average Shares": 107521722.0,
        "Basic Average Shares": 107521722.0,
        "Diluted EPS": -0.3,
        "Basic EPS": -0.3,
        "Diluted NI Availto Com Stockholders": -32296000.0,
        "Net Income Common Stockholders": -32296000.0,
        "Net Income": -32296000.0,
        "Minority Interests": 265000.0,
        "Net Income Including Noncontrolling Interests": -32561000.0,
        "Net Income Continuous Operations": -32561000.0,
        "Tax Provision": -55000.0,
        "Pretax Income": -32616000.0,
        "Other Income Expense": 4060000.0,
        "Other Non Operating Income Expenses": 4425000.0,
        "Special Income Charges": NaN,
        "Write Off": NaN,
        "Impairment Of Capital Assets": NaN,
        "Earnings From Equity Interest": -833000.0,
        "Gain On Sale Of Security": 468000.0,
        "Net Non Operating Interest Income Expense": 5347000.0,
        "Interest Income Non Operating": 5347000.0,
        "Operating Income": -42023000.0,
        "Operating Expense": 246623000.0,
        "Research And Development": 63089000.0,
        "Selling General And Administration": 183534000.0,
        "Selling And Marketing Expense": 121740000.0,
        "General And Administrative Expense": 61794000.0,
        "Other Gand A": 61794000.0,
        "Salaries And Wages": NaN,
        "Gross Profit": 204600000.0,
        "Cost Of Revenue": 104479000.0,
        "Total Revenue": 309079000.0,
        "Operating Revenue": 309079000.0
    },
    "2023-06-30": {
        "Tax Effect Of Unusual Items": NaN,
        "Tax Rate For Calcs": NaN,
        "Normalized EBITDA": NaN,
        "Total Unusual Items": NaN,
        "Total Unusual Items Excluding Goodwill": NaN,
        "Net Income From Continuing Operation Net Minority Interest": NaN,
        "Reconciled Cost Of Revenue": NaN,
        "EBITDA": NaN,
        "EBIT": NaN,
        "Net Interest Income": NaN,
        "Interest Income": NaN,
        "Normalized Income": NaN,
        "Net Income From Continuing And Discontinued Operation": NaN,
        "Total Expenses": NaN,
        "Total Operating Income As Reported": NaN,
        "Diluted Average Shares": NaN,
        "Basic Average Shares": NaN,
        "Diluted EPS": NaN,
        "Basic EPS": NaN,
        "Diluted NI Availto Com Stockholders": NaN,
        "Net Income Common Stockholders": NaN,
        "Net Income": NaN,
        "Minority Interests": NaN,
        "Net Income Including Noncontrolling Interests": NaN,
        "Net Income Continuous Operations": NaN,
        "Tax Provision": NaN,
        "Pretax Income": NaN,
        "Other Income Expense": NaN,
        "Other Non Operating Income Expenses": NaN,
        "Special Income Charges": NaN,
        "Write Off": NaN,
        "Earnings From Equity Interest": NaN,
        "Gain On Sale Of Security": NaN,
        "Net Non Operating Interest Income Expense": NaN,
        "Interest Income Non Operating": NaN,
        "Operating Income": NaN,
        "Operating Expense": NaN,
        "Research And Development": NaN,
        "Selling General And Administration": NaN,
        "Selling And Marketing Expense": NaN,
        "General And Administrative Expense": NaN,
        "Other Gand A": NaN,
        "Salaries And Wages": 16369000.0,
        "Gross Profit": NaN,
        "Cost Of Revenue": NaN,
        "Total Revenue": NaN,
        "Operating Revenue": NaN
    },
    "2023-09-30": {
        "Tax Effect Of Unusual Items": 187500.0,
        "Tax Rate For Calcs": 0.25,
        "Normalized EBITDA": -2742000.0,
        "Total Unusual Items": 750000.0,
        "Total Unusual Items Excluding Goodwill": 750000.0,
        "Net Income From Continuing Operation Net Minority Interest": 18305000.0,
        "Reconciled Cost Of Revenue": 142603000.0,
        "EBITDA": -1992000.0,
        "EBIT": -1992000.0,
        "Net Interest Income": 12130000.0,
        "Interest Income": 12130000.0,
        "Normalized Income": 17742500.0,
        "Net Income From Continuing And Discontinued Operation": 18305000.0,
        "Total Expenses": 387286000.0,
        "Total Operating Income As Reported": -1992000.0,
        "Diluted Average Shares": 100374015.0,
        "Basic Average Shares": 99895522.0,
        "Diluted EPS": 0.184615,
        "Basic EPS": 0.184615,
        "Diluted NI Availto Com Stockholders": 18305000.0,
        "Net Income Common Stockholders": 18305000.0,
        "Net Income": 18305000.0,
        "Minority Interests": -839000.0,
        "Net Income Including Noncontrolling Interests": 19144000.0,
        "Net Income Continuous Operations": 19144000.0,
        "Tax Provision": -2191000.0,
        "Pretax Income": 16953000.0,
        "Other Income Expense": 6815000.0,
        "Other Non Operating Income Expenses": 9887000.0,
        "Special Income Charges": 0.0,
        "Write Off": 0.0,
        "Earnings From Equity Interest": -3822000.0,
        "Gain On Sale Of Security": 750000.0,
        "Net Non Operating Interest Income Expense": 12130000.0,
        "Interest Income Non Operating": 12130000.0,
        "Operating Income": -1992000.0,
        "Operating Expense": 244683000.0,
        "Research And Development": 50597000.0,
        "Selling General And Administration": 194086000.0,
        "Selling And Marketing Expense": 143844000.0,
        "General And Administrative Expense": 50242000.0,
        "Other Gand A": 50242000.0,
        "Salaries And Wages": NaN,
        "Gross Profit": 242691000.0,
        "Cost Of Revenue": 142603000.0,
        "Total Revenue": 385294000.0,
        "Operating Revenue": 385294000.0
    },
    "2023-12-31": {
        "Tax Effect Of Unusual Items": 270000.0,
        "Tax Rate For Calcs": 0.25,
        "Normalized EBITDA": -5984000.0,
        "Total Unusual Items": 1080000.0,
        "Total Unusual Items Excluding Goodwill": 1080000.0,
        "Net Income From Continuing Operation Net Minority Interest": 17501000.0,
        "Reconciled Cost Of Revenue": 137634000.0,
        "EBITDA": -4904000.0,
        "EBIT": -4904000.0,
        "Net Interest Income": 10820000.0,
        "Interest Income": 10820000.0,
        "Normalized Income": 16691000.0,
        "Net Income From Continuing And Discontinued Operation": 17501000.0,
        "Total Expenses": 395470000.0,
        "Total Operating Income As Reported": -4904000.0,
        "Diluted Average Shares": 100115457.0,
        "Basic Average Shares": 99559396.0,
        "Diluted EPS": 0.176923,
        "Basic EPS": 0.176923,
        "Diluted NI Availto Com Stockholders": 17501000.0,
        "Net Income Common Stockholders": 17501000.0,
        "Net Income": 17501000.0,
        "Minority Interests": -1723000.0,
        "Net Income Including Noncontrolling Interests": 19224000.0,
        "Net Income Continuous Operations": 19224000.0,
        "Tax Provision": -10835000.0,
        "Pretax Income": 8389000.0,
        "Other Income Expense": 2473000.0,
        "Other Non Operating Income Expenses": 3424000.0,
        "Special Income Charges": -444000.0,
        "Write Off": 444000.0,
        "Earnings From Equity Interest": -2031000.0,
        "Gain On Sale Of Security": 1524000.0,
        "Net Non Operating Interest Income Expense": 10820000.0,
        "Interest Income Non Operating": 10820000.0,
        "Operating Income": -4904000.0,
        "Operating Expense": 257836000.0,
        "Research And Development": 44993000.0,
        "Selling General And Administration": 212843000.0,
        "Selling And Marketing Expense": 126175000.0,
        "General And Administrative Expense": 86668000.0,
        "Other Gand A": 86668000.0,
        "Salaries And Wages": NaN,
        "Gross Profit": 252932000.0,
        "Cost Of Revenue": 137634000.0,
        "Total Revenue": 390566000.0,
        "Operating Revenue": 390566000.0
    },
    "2024-03-31": {
        "Tax Effect Of Unusual Items": 280288.484369,
        "Tax Rate For Calcs": 0.11243,
        "Normalized EBITDA": -39326000.0,
        "Total Unusual Items": 2493000.0,
        "Total Unusual Items Excluding Goodwill": 2493000.0,
        "Net Income From Continuing Operation Net Minority Interest": -21240000.0,
        "Reconciled Cost Of Revenue": 117315000.0,
        "EBITDA": -36833000.0,
        "EBIT": -36833000.0,
        "Net Interest Income": 12313000.0,
        "Interest Income": 12313000.0,
        "Normalized Income": -23452711.515631,
        "Net Income From Continuing And Discontinued Operation": -21240000.0,
        "Total Expenses": 355115000.0,
        "Total Operating Income As Reported": -36833000.0,
        "Diluted Average Shares": 103416890.0,
        "Basic Average Shares": 103416890.0,
        "Diluted EPS": -0.207692,
        "Basic EPS": -0.207692,
        "Diluted NI Availto Com Stockholders": -21240000.0,
        "Net Income Common Stockholders": -21240000.0,
        "Net Income": -21240000.0,
        "Minority Interests": -1054000.0,
        "Net Income Including Noncontrolling Interests": -20186000.0,
        "Net Income Continuous Operations": -20186000.0,
        "Tax Provision": -2557000.0,
        "Pretax Income": -22743000.0,
        "Other Income Expense": 1777000.0,
        "Other Non Operating Income Expenses": 3280000.0,
        "Special Income Charges": 0.0,
        "Write Off": 0.0,
        "Earnings From Equity Interest": -3996000.0,
        "Gain On Sale Of Security": 2493000.0,
        "Net Non Operating Interest Income Expense": 12313000.0,
        "Interest Income Non Operating": 12313000.0,
        "Operating Income": -36833000.0,
        "Operating Expense": 237800000.0,
        "Research And Development": 39591000.0,
        "Selling General And Administration": 198209000.0,
        "Selling And Marketing Expense": 113256000.0,
        "General And Administrative Expense": 84953000.0,
        "Other Gand A": 84953000.0,
        "Salaries And Wages": NaN,
        "Gross Profit": 200967000.0,
        "Cost Of Revenue": 117315000.0,
        "Total Revenue": 318282000.0,
        "Operating Revenue": 318282000.0
    },
    "2024-06-30": {
        "Tax Effect Of Unusual Items": 201000.0,
        "Tax Rate For Calcs": 0.25,
        "Normalized EBITDA": 5920000.0,
        "Total Unusual Items": 804000.0,
        "Total Unusual Items Excluding Goodwill": 804000.0,
        "Net Income From Continuing Operation Net Minority Interest": 18941000.0,
        "Reconciled Cost Of Revenue": 155051000.0,
        "EBITDA": 6724000.0,
        "EBIT": 6724000.0,
        "Net Interest Income": 11718000.0,
        "Interest Income": 11718000.0,
        "Normalized Income": 18338000.0,
        "Net Income From Continuing And Discontinued Operation": 18941000.0,
        "Total Expenses": 400656000.0,
        "Total Operating Income As Reported": 6724000.0,
        "Diluted Average Shares": 103869236.0,
        "Basic Average Shares": 103463004.0,
        "Diluted EPS": 0.184615,
        "Basic EPS": 0.184615,
        "Diluted NI Availto Com Stockholders": 18941000.0,
        "Net Income Common Stockholders": 18941000.0,
        "Net Income": 18941000.0,
        "Minority Interests": -1182000.0,
        "Net Income Including Noncontrolling Interests": 20123000.0,
        "Net Income Continuous Operations": 20123000.0,
        "Tax Provision": -2571000.0,
        "Pretax Income": 17552000.0,
        "Other Income Expense": -890000.0,
        "Other Non Operating Income Expenses": 2039000.0,
        "Special Income Charges": NaN,
        "Write Off": NaN,
        "Earnings From Equity Interest": -3733000.0,
        "Gain On Sale Of Security": 804000.0,
        "Net Non Operating Interest Income Expense": 11718000.0,
        "Interest Income Non Operating": 11718000.0,
        "Operating Income": 6724000.0,
        "Operating Expense": 245605000.0,
        "Research And Development": 42498000.0,
        "Selling General And Administration": 203107000.0,
        "Selling And Marketing Expense": 132308000.0,
        "General And Administrative Expense": 70799000.0,
        "Other Gand A": 70799000.0,
        "Salaries And Wages": NaN,
        "Gross Profit": 252329000.0,
        "Cost Of Revenue": 155051000.0,
        "Total Revenue": 407380000.0,
        "Operating Revenue": 407380000.0
    },
    "2024-09-30": {
        "Tax Effect Of Unusual Items": 89127.070619,
        "Tax Rate For Calcs": 0.091412,
        "Normalized EBITDA": 3709000.0,
        "Total Unusual Items": 975000.0,
        "Total Unusual Items Excluding Goodwill": 975000.0,
        "Net Income From Continuing Operation Net Minority Interest": 20348000.0,
        "Reconciled Cost Of Revenue": 142168000.0,
        "EBITDA": 4684000.0,
        "EBIT": 4684000.0,
        "Net Interest Income": 14239000.0,
        "Interest Income": 14239000.0,
        "Normalized Income": 19462127.070619,
        "Net Income From Continuing And Discontinued Operation": 20348000.0,
        "Total Expenses": 367141000.0,
        "Total Operating Income As Reported": 4684000.0,
        "Diluted Average Shares": 103621073.0,
        "Basic Average Shares": 103341965.0,
        "Diluted EPS": 0.2,
        "Basic EPS": 0.2,
        "Diluted NI Availto Com Stockholders": 20348000.0,
        "Net Income Common Stockholders": 20348000.0,
        "Net Income": 20348000.0,
        "Minority Interests": -495000.0,
        "Net Income Including Noncontrolling Interests": 20843000.0,
        "Net Income Continuous Operations": 20843000.0,
        "Tax Provision": 2097000.0,
        "Pretax Income": 22940000.0,
        "Other Income Expense": 4017000.0,
        "Other Non Operating Income Expenses": 6915000.0,
        "Special Income Charges": NaN,
        "Write Off": NaN,
        "Earnings From Equity Interest": -3873000.0,
        "Gain On Sale Of Security": 975000.0,
        "Net Non Operating Interest Income Expense": 14239000.0,
        "Interest Income Non Operating": 14239000.0,
        "Operating Income": 4684000.0,
        "Operating Expense": 224973000.0,
        "Research And Development": 40188000.0,
        "Selling General And Administration": 184785000.0,
        "Selling And Marketing Expense": 114884000.0,
        "General And Administrative Expense": 69901000.0,
        "Other Gand A": 69901000.0,
        "Salaries And Wages": NaN,
        "Gross Profit": 229657000.0,
        "Cost Of Revenue": 142168000.0,
        "Total Revenue": 371825000.0,
        "Operating Revenue": 371825000.0
    }
}