{
    "2023-03-31": {
        "Tax Effect Of Unusual Items": 0.0,
        "Tax Rate For Calcs": 0.0,
        "Normalized EBITDA": -15045000.0,
        "Total Unusual Items": 0.0,
        "Total Unusual Items Excluding Goodwill": 0.0,
        "Net Income From Continuing Operation Net Minority Interest": -15622000.0,
        "Reconciled Depreciation": 576000.0,
        "EBITDA": -15045000.0,
        "EBIT": -15621000.0,
        "Net Interest Income": 627000.0,
        "Interest Expense": 1000.0,
        "Interest Income": 628000.0,
        "Normalized Income": -15622000.0,
        "Net Income From Continuing And Discontinued Operation": -15622000.0,
        "Total Expenses": 16417000.0,
        "Total Operating Income As Reported": -16243000.0,
        "Diluted Average Shares": 4604682.0,
        "Basic Average Shares": 4604682.0,
        "Diluted EPS": -3.39,
        "Basic EPS": -3.39,
        "Diluted NI Availto Com Stockholders": -15622000.0,
        "Net Income Common Stockholders": -15622000.0,
        "Net Income": -15622000.0,
        "Net Income Including Noncontrolling Interests": -15622000.0,
        "Net Income Continuous Operations": -15622000.0,
        "Tax Provision": NaN,
        "Pretax Income": -15622000.0,
        "Other Income Expense": -6000.0,
        "Other Non Operating Income Expenses": -6000.0,
        "Special Income Charges": 0.0,
        "Restructuring And Mergern Acquisition": 0.0,
        "Gain On Sale Of Security": NaN,
        "Net Non Operating Interest Income Expense": 627000.0,
        "Interest Expense Non Operating": 1000.0,
        "Interest Income Non Operating": 628000.0,
        "Operating Income": -16243000.0,
        "Operating Expense": 16417000.0,
        "Research And Development": 12450000.0,
        "Selling General And Administration": 3967000.0,
        "General And Administrative Expense": 3967000.0,
        "Other Gand A": 3967000.0,
        "Total Revenue": 174000.0,
        "Operating Revenue": 174000.0
    },
    "2022-12-31": {
        "Tax Effect Of Unusual Items": 0.0,
        "Tax Rate For Calcs": 0.0,
        "Normalized EBITDA": -16084000.0,
        "Net Income From Continuing Operation Net Minority Interest": -16696000.0,
        "Reconciled Depreciation": 613000.0,
        "EBITDA": -16084000.0,
        "EBIT": -16697000.0,
        "Net Interest Income": 610000.0,
        "Interest Expense": -1000.0,
        "Interest Income": 609000.0,
        "Normalized Income": -16696000.0,
        "Net Income From Continuing And Discontinued Operation": -16696000.0,
        "Total Expenses": 17409000.0,
        "Total Operating Income As Reported": -17303000.0,
        "Diluted Average Shares": NaN,
        "Basic Average Shares": NaN,
        "Diluted EPS": NaN,
        "Basic EPS": NaN,
        "Diluted NI Availto Com Stockholders": -16696000.0,
        "Net Income Common Stockholders": -16696000.0,
        "Net Income": -16696000.0,
        "Net Income Including Noncontrolling Interests": -16696000.0,
        "Net Income Continuous Operations": -16696000.0,
        "Tax Provision": NaN,
        "Pretax Income": -16696000.0,
        "Other Income Expense": -3000.0,
        "Other Non Operating Income Expenses": -3000.0,
        "Net Non Operating Interest Income Expense": 610000.0,
        "Interest Expense Non Operating": -1000.0,
        "Interest Income Non Operating": 609000.0,
        "Operating Income": -17303000.0,
        "Operating Expense": 17409000.0,
        "Research And Development": 13639000.0,
        "Selling General And Administration": 3770000.0,
        "General And Administrative Expense": 3770000.0,
        "Other Gand A": 3770000.0,
        "Total Revenue": 106000.0,
        "Operating Revenue": 106000.0
    },
    "2022-09-30": {
        "Tax Effect Of Unusual Items": 0.0,
        "Tax Rate For Calcs": 0.0,
        "Normalized EBITDA": -17261000.0,
        "Net Income From Continuing Operation Net Minority Interest": -17912000.0,
        "Reconciled Depreciation": 650000.0,
        "EBITDA": -17261000.0,
        "EBIT": -17911000.0,
        "Net Interest Income": 421000.0,
        "Interest Expense": 1000.0,
        "Interest Income": 422000.0,
        "Normalized Income": -17912000.0,
        "Net Income From Continuing And Discontinued Operation": -17912000.0,
        "Total Expenses": 19012000.0,
        "Total Operating Income As Reported": -18334000.0,
        "Diluted Average Shares": 4807207.0,
        "Basic Average Shares": 4807207.0,
        "Diluted EPS": -3.73,
        "Basic EPS": -3.73,
        "Diluted NI Availto Com Stockholders": -17912000.0,
        "Net Income Common Stockholders": -17912000.0,
        "Net Income": -17912000.0,
        "Net Income Including Noncontrolling Interests": -17912000.0,
        "Net Income Continuous Operations": -17912000.0,
        "Tax Provision": NaN,
        "Pretax Income": -17912000.0,
        "Other Income Expense": 1000.0,
        "Other Non Operating Income Expenses": 1000.0,
        "Net Non Operating Interest Income Expense": 421000.0,
        "Interest Expense Non Operating": 1000.0,
        "Interest Income Non Operating": 422000.0,
        "Operating Income": -18334000.0,
        "Operating Expense": 19012000.0,
        "Research And Development": 14610000.0,
        "Selling General And Administration": 4402000.0,
        "General And Administrative Expense": 4402000.0,
        "Other Gand A": 4402000.0,
        "Total Revenue": 678000.0,
        "Operating Revenue": 678000.0
    },
    "2022-06-30": {
        "Tax Effect Of Unusual Items": 0.0,
        "Tax Rate For Calcs": 0.0,
        "Normalized EBITDA": -15185000.0,
        "Net Income From Continuing Operation Net Minority Interest": -15842000.0,
        "Reconciled Depreciation": 656000.0,
        "EBITDA": -15185000.0,
        "EBIT": -15841000.0,
        "Net Interest Income": 168000.0,
        "Interest Expense": 1000.0,
        "Interest Income": 169000.0,
        "Normalized Income": -15842000.0,
        "Net Income From Continuing And Discontinued Operation": -15842000.0,
        "Total Expenses": 16169000.0,
        "Total Operating Income As Reported": -16017000.0,
        "Diluted Average Shares": 72106224.0,
        "Basic Average Shares": 72106224.0,
        "Diluted EPS": -0.22,
        "Basic EPS": -0.22,
        "Diluted NI Availto Com Stockholders": -15842000.0,
        "Net Income Common Stockholders": -15842000.0,
        "Net Income": -15842000.0,
        "Net Income Including Noncontrolling Interests": -15842000.0,
        "Net Income Continuous Operations": -15842000.0,
        "Tax Provision": NaN,
        "Pretax Income": -15842000.0,
        "Other Income Expense": 7000.0,
        "Other Non Operating Income Expenses": 7000.0,
        "Net Non Operating Interest Income Expense": 168000.0,
        "Interest Expense Non Operating": 1000.0,
        "Interest Income Non Operating": 169000.0,
        "Operating Income": -16017000.0,
        "Operating Expense": 16169000.0,
        "Research And Development": 12057000.0,
        "Selling General And Administration": 4112000.0,
        "General And Administrative Expense": 4112000.0,
        "Other Gand A": 4112000.0,
        "Total Revenue": 152000.0,
        "Operating Revenue": 152000.0
    },
    "2022-03-31": {
        "Diluted EPS": -0.22,
        "Total Revenue": 0,
        "Gross Profit": 0,
        "Operating Income": -16,
        "EBIT": -15,
        "Net Income": -16
    },
    "2021-12-31": {
        "Diluted EPS": -0.16,
        "Total Revenue": 1,
        "Gross Profit": 1,
        "Operating Income": -15,
        "EBIT": -15,
        "Net Income": -15
    },
    "2021-09-30": {
        "Diluted EPS": -0.29,
        "Total Revenue": 1,
        "Gross Profit": 1,
        "Operating Income": -16,
        "EBIT": -15,
        "Net Income": -16
    },
    "2021-06-30": {
        "Diluted EPS": -0.28,
        "Total Revenue": 0,
        "Gross Profit": 0,
        "Operating Income": -15,
        "EBIT": -14,
        "Net Income": -14
    },
    "2021-03-31": {
        "Diluted EPS": -0.36,
        "Total Revenue": NaN,
        "Gross Profit": NaN,
        "Operating Income": -15,
        "EBIT": -14,
        "Net Income": -15
    },
    "2020-12-31": {
        "Diluted EPS": -0.39,
        "Total Revenue": 0,
        "Gross Profit": 0,
        "Operating Income": -15,
        "EBIT": -14,
        "Net Income": -15
    },
    "2020-09-30": {
        "Diluted EPS": -0.36,
        "Total Revenue": NaN,
        "Gross Profit": NaN,
        "Operating Income": -13,
        "EBIT": -13,
        "Net Income": -13
    },
    "2020-06-30": {
        "Diluted EPS": -0.44,
        "Total Revenue": 0,
        "Gross Profit": 0,
        "Operating Income": -16,
        "EBIT": -15,
        "Net Income": -16
    },
    "2020-03-31": {
        "Diluted EPS": -0.46,
        "Total Revenue": 0,
        "Gross Profit": 0,
        "Operating Income": -16,
        "EBIT": -16,
        "Net Income": -16
    },
    "2019-12-31": {
        "Diluted EPS": -0.35,
        "Total Revenue": 1,
        "Gross Profit": 1,
        "Operating Income": -13,
        "EBIT": -13,
        "Net Income": -13
    },
    "2019-09-30": {
        "Diluted EPS": -0.39,
        "Total Revenue": 0,
        "Gross Profit": 0,
        "Operating Income": -14,
        "EBIT": -14,
        "Net Income": -13
    },
    "2019-06-30": {
        "Diluted EPS": -0.45,
        "Total Revenue": 0,
        "Gross Profit": 0,
        "Operating Income": -13,
        "EBIT": -13,
        "Net Income": -12
    },
    "2019-03-31": {
        "Diluted EPS": -0.51,
        "Total Revenue": 0,
        "Gross Profit": 0,
        "Operating Income": -14,
        "EBIT": -13,
        "Net Income": -13
    },
    "2018-12-31": {
        "Diluted EPS": -0.46,
        "Total Revenue": 0,
        "Gross Profit": 0,
        "Operating Income": -13,
        "EBIT": -13,
        "Net Income": -12
    },
    "2018-09-30": {
        "Diluted EPS": -0.43,
        "Total Revenue": 2,
        "Gross Profit": 2,
        "Operating Income": -12,
        "EBIT": -11,
        "Net Income": -11
    },
    "2018-06-30": {
        "Diluted EPS": -0.59,
        "Total Revenue": 0,
        "Gross Profit": 0,
        "Operating Income": -15,
        "EBIT": -15,
        "Net Income": -15
    },
    "2018-03-31": {
        "Diluted EPS": -0.55,
        "Total Revenue": 0,
        "Gross Profit": 0,
        "Operating Income": -12,
        "EBIT": -11,
        "Net Income": -11
    },
    "2017-12-31": {
        "Diluted EPS": 4.85,
        "Total Revenue": 0,
        "Gross Profit": 0,
        "Operating Income": -12,
        "EBIT": -11,
        "Net Income": -12
    },
    "2017-09-30": {
        "Diluted EPS": -1.66,
        "Total Revenue": 0,
        "Gross Profit": 0,
        "Operating Income": -12,
        "EBIT": -11,
        "Net Income": -12
    },
    "2017-06-30": {
        "Diluted EPS": -4.7,
        "Total Revenue": 2,
        "Gross Profit": 2,
        "Operating Income": -9,
        "EBIT": -9,
        "Net Income": -9
    },
    "2017-03-31": {
        "Diluted EPS": -4.49,
        "Total Revenue": 0,
        "Gross Profit": 0,
        "Operating Income": -7,
        "EBIT": -7,
        "Net Income": -7
    },
    "2016-12-31": {
        "Diluted EPS": -5.84,
        "Total Revenue": 0,
        "Gross Profit": 0,
        "Operating Income": -3,
        "EBIT": -3,
        "Net Income": -3
    },
    "2016-09-30": {
        "Diluted EPS": -3.33,
        "Total Revenue": 0,
        "Gross Profit": 0,
        "Operating Income": -5,
        "EBIT": -5,
        "Net Income": -5
    },
    "2016-06-30": {
        "Diluted EPS": -1.89,
        "Total Revenue": NaN,
        "Gross Profit": NaN,
        "Operating Income": -6,
        "EBIT": -6,
        "Net Income": -6
    },
    "2016-03-31": {
        "Diluted EPS": -2.24,
        "Total Revenue": NaN,
        "Gross Profit": NaN,
        "Operating Income": -7,
        "EBIT": -7,
        "Net Income": -7
    },
    "2015-12-31": {
        "Diluted EPS": NaN,
        "Total Revenue": NaN,
        "Gross Profit": NaN,
        "Operating Income": -9,
        "EBIT": -9,
        "Net Income": -9
    },
    "2015-09-30": {
        "Diluted EPS": -574.95,
        "Total Revenue": NaN,
        "Gross Profit": NaN,
        "Operating Income": -6,
        "EBIT": -6,
        "Net Income": -8
    },
    "2015-06-30": {
        "Diluted EPS": -551.92,
        "Total Revenue": NaN,
        "Gross Profit": NaN,
        "Operating Income": -6,
        "EBIT": -6,
        "Net Income": -7
    },
    "2015-03-31": {
        "Diluted EPS": -426.8,
        "Total Revenue": NaN,
        "Gross Profit": NaN,
        "Operating Income": -4,
        "EBIT": -4,
        "Net Income": -5
    },
    "2014-12-31": {
        "Diluted EPS": 0.0,
        "Total Revenue": NaN,
        "Gross Profit": NaN,
        "Operating Income": NaN,
        "EBIT": NaN,
        "Net Income": NaN
    },
    "2014-09-30": {
        "Diluted EPS": -515.96,
        "Total Revenue": NaN,
        "Gross Profit": NaN,
        "Operating Income": -5,
        "EBIT": -5,
        "Net Income": -6
    },
    "2014-06-30": {
        "Diluted EPS": 0.0,
        "Total Revenue": NaN,
        "Gross Profit": NaN,
        "Operating Income": NaN,
        "EBIT": NaN,
        "Net Income": NaN
    },
    "2013-12-31": {
        "Diluted EPS": 0.0,
        "Total Revenue": NaN,
        "Gross Profit": NaN,
        "Operating Income": NaN,
        "EBIT": NaN,
        "Net Income": NaN
    },
    "2012-12-31": {
        "Diluted EPS": 0.0,
        "Total Revenue": NaN,
        "Gross Profit": NaN,
        "Operating Income": NaN,
        "EBIT": NaN,
        "Net Income": NaN
    },
    "2023-06-30": {
        "Tax Effect Of Unusual Items": 0.0,
        "Tax Rate For Calcs": 0.21,
        "Normalized EBITDA": -14509000.0,
        "Total Unusual Items": NaN,
        "Total Unusual Items Excluding Goodwill": NaN,
        "Net Income From Continuing Operation Net Minority Interest": -15048000.0,
        "Reconciled Depreciation": 530000.0,
        "EBITDA": -14509000.0,
        "EBIT": -15039000.0,
        "Net Interest Income": 617000.0,
        "Interest Expense": 0.0,
        "Interest Income": 617000.0,
        "Normalized Income": -15048000.0,
        "Net Income From Continuing And Discontinued Operation": -15048000.0,
        "Total Expenses": 15689000.0,
        "Total Operating Income As Reported": -15654000.0,
        "Diluted Average Shares": 4681296.0,
        "Basic Average Shares": 4681296.0,
        "Diluted EPS": -3.15,
        "Basic EPS": -3.15,
        "Diluted NI Availto Com Stockholders": -15048000.0,
        "Net Income Common Stockholders": -15048000.0,
        "Net Income": -15048000.0,
        "Net Income Including Noncontrolling Interests": -15048000.0,
        "Net Income Continuous Operations": -15048000.0,
        "Tax Provision": 9000.0,
        "Pretax Income": -15039000.0,
        "Other Income Expense": -2000.0,
        "Other Non Operating Income Expenses": -2000.0,
        "Special Income Charges": NaN,
        "Restructuring And Mergern Acquisition": NaN,
        "Gain On Sale Of Security": NaN,
        "Net Non Operating Interest Income Expense": 617000.0,
        "Interest Expense Non Operating": 0.0,
        "Interest Income Non Operating": 617000.0,
        "Operating Income": -15654000.0,
        "Operating Expense": 15689000.0,
        "Research And Development": 11765000.0,
        "Selling General And Administration": 3924000.0,
        "General And Administrative Expense": 3924000.0,
        "Other Gand A": 3924000.0,
        "Total Revenue": 35000.0,
        "Operating Revenue": 35000.0
    },
    "2023-09-30": {
        "Tax Effect Of Unusual Items": 0.0,
        "Tax Rate For Calcs": 0.21,
        "Normalized EBITDA": -11626000.0,
        "Total Unusual Items": NaN,
        "Total Unusual Items Excluding Goodwill": NaN,
        "Net Income From Continuing Operation Net Minority Interest": -12078000.0,
        "Reconciled Depreciation": 449000.0,
        "EBITDA": -11626000.0,
        "EBIT": -12075000.0,
        "Net Interest Income": 549000.0,
        "Interest Expense": 0.0,
        "Interest Income": 549000.0,
        "Normalized Income": -12078000.0,
        "Net Income From Continuing And Discontinued Operation": -12078000.0,
        "Total Expenses": 13016000.0,
        "Total Operating Income As Reported": -12623000.0,
        "Diluted Average Shares": 4699847.0,
        "Basic Average Shares": 4699847.0,
        "Diluted EPS": -2.57,
        "Basic EPS": -2.57,
        "Diluted NI Availto Com Stockholders": -12078000.0,
        "Net Income Common Stockholders": -12078000.0,
        "Net Income": -12078000.0,
        "Net Income Including Noncontrolling Interests": -12078000.0,
        "Net Income Continuous Operations": -12078000.0,
        "Tax Provision": 3000.0,
        "Pretax Income": -12075000.0,
        "Other Income Expense": -1000.0,
        "Other Non Operating Income Expenses": -1000.0,
        "Special Income Charges": NaN,
        "Restructuring And Mergern Acquisition": NaN,
        "Gain On Sale Of Security": NaN,
        "Net Non Operating Interest Income Expense": 549000.0,
        "Interest Expense Non Operating": 0.0,
        "Interest Income Non Operating": 549000.0,
        "Operating Income": -12623000.0,
        "Operating Expense": 13016000.0,
        "Research And Development": 9616000.0,
        "Selling General And Administration": 3400000.0,
        "General And Administrative Expense": 3400000.0,
        "Other Gand A": 3400000.0,
        "Total Revenue": 393000.0,
        "Operating Revenue": 393000.0
    },
    "2023-12-31": {
        "Tax Effect Of Unusual Items": 0.0,
        "Tax Rate For Calcs": 0.21,
        "Normalized EBITDA": -14129000.0,
        "Total Unusual Items": NaN,
        "Total Unusual Items Excluding Goodwill": NaN,
        "Net Income From Continuing Operation Net Minority Interest": -14534000.0,
        "Reconciled Depreciation": 403000.0,
        "EBITDA": -14129000.0,
        "EBIT": -14532000.0,
        "Net Interest Income": 675000.0,
        "Interest Expense": 0.0,
        "Interest Income": 675000.0,
        "Normalized Income": -14534000.0,
        "Net Income From Continuing And Discontinued Operation": -14534000.0,
        "Total Expenses": 13410000.0,
        "Total Operating Income As Reported": -10641000.0,
        "Diluted Average Shares": NaN,
        "Basic Average Shares": NaN,
        "Diluted EPS": NaN,
        "Basic EPS": NaN,
        "Diluted NI Availto Com Stockholders": -14534000.0,
        "Net Income Common Stockholders": -14534000.0,
        "Net Income": -14534000.0,
        "Net Income Including Noncontrolling Interests": -14534000.0,
        "Net Income Continuous Operations": -14534000.0,
        "Tax Provision": 2000.0,
        "Pretax Income": -14532000.0,
        "Other Income Expense": -4566000.0,
        "Other Non Operating Income Expenses": -508000.0,
        "Special Income Charges": NaN,
        "Restructuring And Mergern Acquisition": NaN,
        "Gain On Sale Of Security": NaN,
        "Net Non Operating Interest Income Expense": 675000.0,
        "Interest Expense Non Operating": 0.0,
        "Interest Income Non Operating": 675000.0,
        "Operating Income": -10641000.0,
        "Operating Expense": 13410000.0,
        "Research And Development": 10140000.0,
        "Selling General And Administration": 3270000.0,
        "General And Administrative Expense": 3270000.0,
        "Other Gand A": 3270000.0,
        "Total Revenue": 2769000.0,
        "Operating Revenue": 2769000.0
    },
    "2024-03-31": {
        "Tax Effect Of Unusual Items": 0.0,
        "Tax Rate For Calcs": 0.0,
        "Normalized EBITDA": -9658000.0,
        "Total Unusual Items": -21559000.0,
        "Total Unusual Items Excluding Goodwill": -21559000.0,
        "Net Income From Continuing Operation Net Minority Interest": -31564000.0,
        "Reconciled Depreciation": 347000.0,
        "EBITDA": -31217000.0,
        "EBIT": -31564000.0,
        "Net Interest Income": 553000.0,
        "Interest Expense": 0.0,
        "Interest Income": 553000.0,
        "Normalized Income": -10005000.0,
        "Net Income From Continuing And Discontinued Operation": -31564000.0,
        "Total Expenses": 10564000.0,
        "Total Operating Income As Reported": -38845000.0,
        "Diluted Average Shares": 12131461.0,
        "Basic Average Shares": 12131461.0,
        "Diluted EPS": -2.6,
        "Basic EPS": -2.6,
        "Diluted NI Availto Com Stockholders": -31564000.0,
        "Net Income Common Stockholders": -31564000.0,
        "Net Income": -31564000.0,
        "Net Income Including Noncontrolling Interests": -31564000.0,
        "Net Income Continuous Operations": -31564000.0,
        "Tax Provision": NaN,
        "Pretax Income": -31564000.0,
        "Other Income Expense": -21561000.0,
        "Other Non Operating Income Expenses": -2000.0,
        "Special Income Charges": -28289000.0,
        "Restructuring And Mergern Acquisition": 28289000.0,
        "Gain On Sale Of Security": 6730000.0,
        "Net Non Operating Interest Income Expense": 553000.0,
        "Interest Expense Non Operating": 0.0,
        "Interest Income Non Operating": 553000.0,
        "Operating Income": -10556000.0,
        "Operating Expense": 10564000.0,
        "Research And Development": 7680000.0,
        "Selling General And Administration": 2884000.0,
        "General And Administrative Expense": 2884000.0,
        "Other Gand A": 2884000.0,
        "Total Revenue": 8000.0,
        "Operating Revenue": 8000.0
    }
}