{
    "2023-03-31": {
        "Tax Effect Of Unusual Items": 0.0,
        "Tax Rate For Calcs": 0.128,
        "Normalized EBITDA": 992000000.0,
        "Total Unusual Items": 0.0,
        "Total Unusual Items Excluding Goodwill": 0.0,
        "Net Income From Continuing Operation Net Minority Interest": 592000000.0,
        "Reconciled Depreciation": 257000000.0,
        "Reconciled Cost Of Revenue": 1666000000.0,
        "EBIT": 735000000.0,
        "Normalized Income": 592000000.0,
        "Net Income From Continuing And Discontinued Operation": 592000000.0,
        "Total Expenses": 4043000000.0,
        "Total Operating Income As Reported": 735000000.0,
        "Diluted Average Shares": 383200000.0,
        "Basic Average Shares": 379000000.0,
        "Diluted EPS": 1.54,
        "Basic EPS": 1.56,
        "Diluted NI Availto Com Stockholders": 592000000.0,
        "Net Income Common Stockholders": 592000000.0,
        "Net Income": 592000000.0,
        "Net Income Including Noncontrolling Interests": 592000000.0,
        "Net Income Continuous Operations": 592000000.0,
        "Tax Provision": 87000000.0,
        "Pretax Income": 679000000.0,
        "Other Income Expense": -56000000.0,
        "Other Non Operating Income Expenses": -56000000.0,
        "Special Income Charges": 0.0,
        "Other Special Charges": NaN,
        "Impairment Of Capital Assets": NaN,
        "Operating Income": 735000000.0,
        "Operating Expense": 2281000000.0,
        "Depreciation Amortization Depletion Income Statement": 161000000.0,
        "Depreciation And Amortization In Income Statement": 161000000.0,
        "Amortization": 161000000.0,
        "Amortization Of Intangibles Income Statement": 161000000.0,
        "Research And Development": 339000000.0,
        "Selling General And Administration": 1781000000.0,
        "Gross Profit": 3016000000.0,
        "Cost Of Revenue": 1762000000.0,
        "Total Revenue": 4778000000.0,
        "Operating Revenue": 4778000000.0
    },
    "2022-12-31": {
        "Tax Effect Of Unusual Items": -48620000.0,
        "Tax Rate For Calcs": 0.26,
        "Normalized EBITDA": 1441000000.0,
        "Total Unusual Items": -187000000.0,
        "Total Unusual Items Excluding Goodwill": -187000000.0,
        "Net Income From Continuing Operation Net Minority Interest": 563000000.0,
        "Reconciled Depreciation": 253000000.0,
        "Reconciled Cost Of Revenue": 1871000000.0,
        "EBIT": 1001000000.0,
        "Normalized Income": 701380000.0,
        "Net Income From Continuing And Discontinued Operation": 563000000.0,
        "Total Expenses": 4201000000.0,
        "Total Operating Income As Reported": 814000000.0,
        "Diluted Average Shares": 382200000.0,
        "Basic Average Shares": 378500000.0,
        "Diluted EPS": 1.47,
        "Basic EPS": 1.48,
        "Diluted NI Availto Com Stockholders": 563000000.0,
        "Net Income Common Stockholders": 563000000.0,
        "Net Income": 563000000.0,
        "Net Income Including Noncontrolling Interests": 563000000.0,
        "Net Income Continuous Operations": 563000000.0,
        "Tax Provision": 198000000.0,
        "Pretax Income": 761000000.0,
        "Other Income Expense": -240000000.0,
        "Other Non Operating Income Expenses": -53000000.0,
        "Special Income Charges": -187000000.0,
        "Other Special Charges": -29000000.0,
        "Impairment Of Capital Assets": 216000000.0,
        "Operating Income": 1001000000.0,
        "Operating Expense": 2235000000.0,
        "Depreciation Amortization Depletion Income Statement": 158000000.0,
        "Depreciation And Amortization In Income Statement": 158000000.0,
        "Amortization": 158000000.0,
        "Amortization Of Intangibles Income Statement": 158000000.0,
        "Research And Development": 326000000.0,
        "Selling General And Administration": 1751000000.0,
        "Gross Profit": 3236000000.0,
        "Cost Of Revenue": 1966000000.0,
        "Total Revenue": 5202000000.0,
        "Operating Revenue": 5202000000.0
    },
    "2022-09-30": {
        "Tax Effect Of Unusual Items": 0.0,
        "Tax Rate For Calcs": 0.0,
        "Normalized EBITDA": 1050000000.0,
        "Total Unusual Items": 4000000.0,
        "Total Unusual Items Excluding Goodwill": 4000000.0,
        "Net Income From Continuing Operation Net Minority Interest": 816000000.0,
        "Reconciled Depreciation": 250000000.0,
        "Reconciled Cost Of Revenue": 1606000000.0,
        "EBIT": 804000000.0,
        "Normalized Income": 812000000.0,
        "Net Income From Continuing And Discontinued Operation": 816000000.0,
        "Total Expenses": 3675000000.0,
        "Total Operating Income As Reported": 808000000.0,
        "Diluted Average Shares": 381800000.0,
        "Basic Average Shares": 378400000.0,
        "Diluted EPS": 2.14,
        "Basic EPS": 2.16,
        "Diluted NI Availto Com Stockholders": 816000000.0,
        "Net Income Common Stockholders": 816000000.0,
        "Net Income": 816000000.0,
        "Net Income Including Noncontrolling Interests": 816000000.0,
        "Net Income Continuous Operations": 816000000.0,
        "Tax Provision": 0.0,
        "Pretax Income": 816000000.0,
        "Other Income Expense": 12000000.0,
        "Other Non Operating Income Expenses": 8000000.0,
        "Special Income Charges": 4000000.0,
        "Other Special Charges": -4000000.0,
        "Impairment Of Capital Assets": NaN,
        "Operating Income": 804000000.0,
        "Operating Expense": 1978000000.0,
        "Depreciation Amortization Depletion Income Statement": 159000000.0,
        "Depreciation And Amortization In Income Statement": 159000000.0,
        "Amortization": 159000000.0,
        "Amortization Of Intangibles Income Statement": 159000000.0,
        "Research And Development": 364000000.0,
        "Selling General And Administration": 1455000000.0,
        "Gross Profit": 2782000000.0,
        "Cost Of Revenue": 1697000000.0,
        "Total Revenue": 4479000000.0,
        "Operating Revenue": 4479000000.0
    },
    "2022-06-30": {
        "Tax Effect Of Unusual Items": -356000.0,
        "Tax Rate For Calcs": 0.089,
        "Normalized EBITDA": 1033000000.0,
        "Total Unusual Items": -4000000.0,
        "Total Unusual Items Excluding Goodwill": -4000000.0,
        "Net Income From Continuing Operation Net Minority Interest": 656000000.0,
        "Reconciled Depreciation": 253000000.0,
        "Reconciled Cost Of Revenue": 1574000000.0,
        "EBIT": 776000000.0,
        "Normalized Income": 659644000.0,
        "Net Income From Continuing And Discontinued Operation": 656000000.0,
        "Total Expenses": 3717000000.0,
        "Total Operating Income As Reported": 772000000.0,
        "Diluted Average Shares": 382200000.0,
        "Basic Average Shares": 378300000.0,
        "Diluted EPS": 1.72,
        "Basic EPS": 1.73,
        "Diluted NI Availto Com Stockholders": 656000000.0,
        "Net Income Common Stockholders": 656000000.0,
        "Net Income": 656000000.0,
        "Net Income Including Noncontrolling Interests": 656000000.0,
        "Net Income Continuous Operations": 656000000.0,
        "Tax Provision": 64000000.0,
        "Pretax Income": 720000000.0,
        "Other Income Expense": -56000000.0,
        "Other Non Operating Income Expenses": -52000000.0,
        "Special Income Charges": -4000000.0,
        "Other Special Charges": 4000000.0,
        "Impairment Of Capital Assets": NaN,
        "Operating Income": 776000000.0,
        "Operating Expense": 2050000000.0,
        "Depreciation Amortization Depletion Income Statement": 160000000.0,
        "Depreciation And Amortization In Income Statement": 160000000.0,
        "Amortization": 160000000.0,
        "Amortization Of Intangibles Income Statement": 160000000.0,
        "Research And Development": 351000000.0,
        "Selling General And Administration": 1539000000.0,
        "Gross Profit": 2826000000.0,
        "Cost Of Revenue": 1667000000.0,
        "Total Revenue": 4493000000.0,
        "Operating Revenue": 4493000000.0
    },
    "2023-06-30": {
        "Tax Effect Of Unusual Items": -537000.0,
        "Tax Rate For Calcs": 0.179,
        "Normalized EBITDA": 1230000000.0,
        "Total Unusual Items": -3000000.0,
        "Total Unusual Items Excluding Goodwill": -3000000.0,
        "Net Income From Continuing Operation Net Minority Interest": 738000000.0,
        "Reconciled Depreciation": 259000000.0,
        "Reconciled Cost Of Revenue": 1717000000.0,
        "EBIT": 968000000.0,
        "Normalized Income": 740463000.0,
        "Net Income From Continuing And Discontinued Operation": 738000000.0,
        "Total Expenses": 4028000000.0,
        "Total Operating Income As Reported": 965000000.0,
        "Diluted Average Shares": 383900000.0,
        "Basic Average Shares": 379700000.0,
        "Diluted EPS": 1.93,
        "Basic EPS": 1.95,
        "Diluted NI Availto Com Stockholders": 738000000.0,
        "Net Income Common Stockholders": 738000000.0,
        "Net Income": 738000000.0,
        "Net Income Including Noncontrolling Interests": 738000000.0,
        "Net Income Continuous Operations": 738000000.0,
        "Tax Provision": 161000000.0,
        "Pretax Income": 899000000.0,
        "Other Income Expense": -69000000.0,
        "Other Non Operating Income Expenses": -66000000.0,
        "Special Income Charges": -3000000.0,
        "Other Special Charges": 3000000.0,
        "Impairment Of Capital Assets": NaN,
        "Operating Income": 968000000.0,
        "Operating Expense": 2213000000.0,
        "Depreciation Amortization Depletion Income Statement": 161000000.0,
        "Depreciation And Amortization In Income Statement": 161000000.0,
        "Amortization": 161000000.0,
        "Amortization Of Intangibles Income Statement": 161000000.0,
        "Research And Development": 346000000.0,
        "Selling General And Administration": 1706000000.0,
        "Gross Profit": 3181000000.0,
        "Cost Of Revenue": 1815000000.0,
        "Total Revenue": 4996000000.0,
        "Operating Revenue": 4996000000.0
    },
    "2022-03-31": {
        "Diluted EPS": 0.84,
        "Total Revenue": NaN,
        "Gross Profit": NaN,
        "Operating Income": 447,
        "EBIT": 689,
        "Net Income": 323
    },
    "2021-12-31": {
        "Diluted EPS": 1.73,
        "Total Revenue": NaN,
        "Gross Profit": NaN,
        "Operating Income": 819,
        "EBIT": NaN,
        "Net Income": 662
    },
    "2021-09-30": {
        "Diluted EPS": 1.14,
        "Total Revenue": NaN,
        "Gross Profit": NaN,
        "Operating Income": 574,
        "EBIT": 809,
        "Net Income": 438
    },
    "2021-06-30": {
        "Diluted EPS": 1.55,
        "Total Revenue": NaN,
        "Gross Profit": NaN,
        "Operating Income": 732,
        "EBIT": 973,
        "Net Income": 592
    },
    "2021-03-31": {
        "Diluted EPS": 0.79,
        "Total Revenue": NaN,
        "Gross Profit": NaN,
        "Operating Income": 459,
        "EBIT": 735,
        "Net Income": 302
    },
    "2020-12-31": {
        "Diluted EPS": 1.49,
        "Total Revenue": NaN,
        "Gross Profit": NaN,
        "Operating Income": 749,
        "EBIT": 972,
        "Net Income": 568
    },
    "2020-09-30": {
        "Diluted EPS": 1.63,
        "Total Revenue": NaN,
        "Gross Profit": NaN,
        "Operating Income": 859,
        "EBIT": NaN,
        "Net Income": 621
    },
    "2020-06-30": {
        "Diluted EPS": -0.22,
        "Total Revenue": NaN,
        "Gross Profit": NaN,
        "Operating Income": -20,
        "EBIT": 173,
        "Net Income": -83
    },
    "2020-03-31": {
        "Diluted EPS": 1.3,
        "Total Revenue": NaN,
        "Gross Profit": NaN,
        "Operating Income": 635,
        "EBIT": 833,
        "Net Income": 493
    },
    "2019-12-31": {
        "Diluted EPS": 1.9,
        "Total Revenue": NaN,
        "Gross Profit": NaN,
        "Operating Income": 944,
        "EBIT": NaN,
        "Net Income": 725
    },
    "2019-09-30": {
        "Diluted EPS": 1.23,
        "Total Revenue": NaN,
        "Gross Profit": NaN,
        "Operating Income": 628,
        "EBIT": 822,
        "Net Income": 466
    },
    "2019-06-30": {
        "Diluted EPS": 1.26,
        "Total Revenue": NaN,
        "Gross Profit": NaN,
        "Operating Income": 613,
        "EBIT": 812,
        "Net Income": 480
    },
    "2019-03-31": {
        "Diluted EPS": 1.09,
        "Total Revenue": NaN,
        "Gross Profit": NaN,
        "Operating Income": 528,
        "EBIT": 718,
        "Net Income": 412
    },
    "2018-12-31": {
        "Diluted EPS": 5.44,
        "Total Revenue": NaN,
        "Gross Profit": NaN,
        "Operating Income": 698,
        "EBIT": 874,
        "Net Income": NaN
    },
    "2018-09-30": {
        "Diluted EPS": 1.55,
        "Total Revenue": NaN,
        "Gross Profit": NaN,
        "Operating Income": 576,
        "EBIT": 761,
        "Net Income": 590
    },
    "2018-06-30": {
        "Diluted EPS": 1.19,
        "Total Revenue": NaN,
        "Gross Profit": NaN,
        "Operating Income": 672,
        "EBIT": 858,
        "Net Income": 452
    },
    "2018-03-31": {
        "Diluted EPS": 1.16,
        "Total Revenue": NaN,
        "Gross Profit": NaN,
        "Operating Income": 591,
        "EBIT": 767,
        "Net Income": 443
    },
    "2017-12-31": {
        "Diluted EPS": -0.66,
        "Total Revenue": NaN,
        "Gross Profit": NaN,
        "Operating Income": 714,
        "EBIT": 883,
        "Net Income": -249
    },
    "2017-09-30": {
        "Diluted EPS": 1.14,
        "Total Revenue": NaN,
        "Gross Profit": NaN,
        "Operating Income": 525,
        "EBIT": 688,
        "Net Income": 434
    },
    "2017-06-30": {
        "Diluted EPS": 1.03,
        "Total Revenue": NaN,
        "Gross Profit": NaN,
        "Operating Income": 502,
        "EBIT": 662,
        "Net Income": 391
    },
    "2017-03-31": {
        "Diluted EPS": 1.17,
        "Total Revenue": NaN,
        "Gross Profit": NaN,
        "Operating Income": 556,
        "EBIT": 706,
        "Net Income": 444
    },
    "2016-12-31": {
        "Diluted EPS": 1.34,
        "Total Revenue": NaN,
        "Gross Profit": NaN,
        "Operating Income": 670,
        "EBIT": 821,
        "Net Income": 510
    },
    "2016-09-30": {
        "Diluted EPS": 0.94,
        "Total Revenue": NaN,
        "Gross Profit": NaN,
        "Operating Income": 486,
        "EBIT": 634,
        "Net Income": 355
    },
    "2016-06-30": {
        "Diluted EPS": 1.0,
        "Total Revenue": NaN,
        "Gross Profit": NaN,
        "Operating Income": 500,
        "EBIT": 645,
        "Net Income": 380
    },
    "2016-03-31": {
        "Diluted EPS": 1.07,
        "Total Revenue": NaN,
        "Gross Profit": NaN,
        "Operating Income": 519,
        "EBIT": 621,
        "Net Income": 402
    },
    "2015-12-31": {
        "Diluted EPS": 1.38,
        "Total Revenue": NaN,
        "Gross Profit": NaN,
        "Operating Income": 648,
        "EBIT": 756,
        "Net Income": 522
    },
    "2015-09-30": {
        "Diluted EPS": 0.79,
        "Total Revenue": NaN,
        "Gross Profit": NaN,
        "Operating Income": 378,
        "EBIT": 479,
        "Net Income": 301
    },
    "2015-06-30": {
        "Diluted EPS": 1.03,
        "Total Revenue": NaN,
        "Gross Profit": NaN,
        "Operating Income": 429,
        "EBIT": 523,
        "Net Income": 392
    },
    "2015-03-31": {
        "Diluted EPS": 0.58,
        "Total Revenue": NaN,
        "Gross Profit": NaN,
        "Operating Income": 406,
        "EBIT": 500,
        "Net Income": 224
    },
    "2014-12-31": {
        "Diluted EPS": 0.67,
        "Total Revenue": NaN,
        "Gross Profit": NaN,
        "Operating Income": 468,
        "EBIT": 564,
        "Net Income": 260
    },
    "2014-09-30": {
        "Diluted EPS": 0.16,
        "Total Revenue": NaN,
        "Gross Profit": NaN,
        "Operating Income": 450,
        "EBIT": 547,
        "Net Income": 57
    },
    "2014-06-30": {
        "Diluted EPS": 0.33,
        "Total Revenue": NaN,
        "Gross Profit": NaN,
        "Operating Income": 197,
        "EBIT": 291,
        "Net Income": 128
    },
    "2014-03-31": {
        "Diluted EPS": 0.18,
        "Total Revenue": NaN,
        "Gross Profit": NaN,
        "Operating Income": 131,
        "EBIT": 222,
        "Net Income": 70
    },
    "2013-12-31": {
        "Diluted EPS": 1.01,
        "Total Revenue": NaN,
        "Gross Profit": NaN,
        "Operating Income": 430,
        "EBIT": 512,
        "Net Income": 386
    },
    "2013-09-30": {
        "Diluted EPS": 0.27,
        "Total Revenue": NaN,
        "Gross Profit": NaN,
        "Operating Income": 150,
        "EBIT": 226,
        "Net Income": 103
    },
    "2013-06-30": {
        "Diluted EPS": 0.56,
        "Total Revenue": NaN,
        "Gross Profit": NaN,
        "Operating Income": 290,
        "EBIT": 401,
        "Net Income": 213
    },
    "2013-03-31": {
        "Diluted EPS": 0.79,
        "Total Revenue": NaN,
        "Gross Profit": NaN,
        "Operating Income": 386,
        "EBIT": 424,
        "Net Income": 304
    },
    "2012-12-31": {
        "Diluted EPS": 0.71,
        "Total Revenue": NaN,
        "Gross Profit": NaN,
        "Operating Income": 370,
        "EBIT": 532,
        "Net Income": 270
    },
    "2012-09-30": {
        "Diluted EPS": 0.92,
        "Total Revenue": NaN,
        "Gross Profit": NaN,
        "Operating Income": 450,
        "EBIT": 488,
        "Net Income": 353
    },
    "2012-06-30": {
        "Diluted EPS": 0.85,
        "Total Revenue": NaN,
        "Gross Profit": NaN,
        "Operating Income": 445,
        "EBIT": 452,
        "Net Income": 325
    },
    "2012-03-31": {
        "Diluted EPS": 0.91,
        "Total Revenue": NaN,
        "Gross Profit": NaN,
        "Operating Income": 476,
        "EBIT": 546,
        "Net Income": 350
    },
    "2011-12-31": {
        "Diluted EPS": 1.04,
        "Total Revenue": NaN,
        "Gross Profit": NaN,
        "Operating Income": 418,
        "EBIT": 219,
        "Net Income": 401
    },
    "2011-09-30": {
        "Diluted EPS": 0.84,
        "Total Revenue": NaN,
        "Gross Profit": NaN,
        "Operating Income": 444,
        "EBIT": 568,
        "Net Income": 327
    },
    "2011-06-30": {
        "Diluted EPS": 0.79,
        "Total Revenue": NaN,
        "Gross Profit": NaN,
        "Operating Income": 401,
        "EBIT": 521,
        "Net Income": 310
    },
    "2011-03-31": {
        "Diluted EPS": 0.78,
        "Total Revenue": NaN,
        "Gross Profit": NaN,
        "Operating Income": 423,
        "EBIT": 538,
        "Net Income": 307
    },
    "2010-12-31": {
        "Diluted EPS": 0.74,
        "Total Revenue": NaN,
        "Gross Profit": NaN,
        "Operating Income": 386,
        "EBIT": 252,
        "Net Income": 295
    },
    "2010-09-30": {
        "Diluted EPS": 0.85,
        "Total Revenue": NaN,
        "Gross Profit": NaN,
        "Operating Income": 471,
        "EBIT": 572,
        "Net Income": 337
    },
    "2010-06-30": {
        "Diluted EPS": 0.8,
        "Total Revenue": NaN,
        "Gross Profit": NaN,
        "Operating Income": 448,
        "EBIT": 547,
        "Net Income": 319
    },
    "2010-03-31": {
        "Diluted EPS": 0.8,
        "Total Revenue": NaN,
        "Gross Profit": NaN,
        "Operating Income": 446,
        "EBIT": 546,
        "Net Income": 322
    },
    "2009-12-31": {
        "Diluted EPS": 0.76,
        "Total Revenue": NaN,
        "Gross Profit": NaN,
        "Operating Income": 514,
        "EBIT": 618,
        "Net Income": 306
    },
    "2009-09-30": {
        "Diluted EPS": 0.57,
        "Total Revenue": NaN,
        "Gross Profit": NaN,
        "Operating Income": 311,
        "EBIT": 500,
        "Net Income": 229
    },
    "2009-06-30": {
        "Diluted EPS": 0.73,
        "Total Revenue": NaN,
        "Gross Profit": NaN,
        "Operating Income": 390,
        "EBIT": 390,
        "Net Income": 291
    },
    "2009-03-31": {
        "Diluted EPS": 0.71,
        "Total Revenue": NaN,
        "Gross Profit": NaN,
        "Operating Income": 379,
        "EBIT": 471,
        "Net Income": 281
    }
}