{
    "2023-03-31": {
        "Tax Effect Of Unusual Items": NaN,
        "Tax Rate For Calcs": NaN,
        "Normalized EBITDA": NaN,
        "Total Unusual Items": NaN,
        "Total Unusual Items Excluding Goodwill": NaN,
        "Net Income From Continuing Operation Net Minority Interest": NaN,
        "Reconciled Depreciation": NaN,
        "EBITDA": NaN,
        "EBIT": NaN,
        "Net Interest Income": NaN,
        "Interest Expense": NaN,
        "Interest Income": NaN,
        "Normalized Income": NaN,
        "Net Income From Continuing And Discontinued Operation": NaN,
        "Total Expenses": NaN,
        "Total Operating Income As Reported": NaN,
        "Diluted Average Shares": 27842218.0,
        "Basic Average Shares": 27842218.0,
        "Diluted EPS": -0.85,
        "Basic EPS": -0.85,
        "Diluted NI Availto Com Stockholders": NaN,
        "Net Income Common Stockholders": NaN,
        "Net Income": NaN,
        "Net Income Including Noncontrolling Interests": NaN,
        "Net Income Continuous Operations": NaN,
        "Pretax Income": NaN,
        "Other Income Expense": NaN,
        "Special Income Charges": NaN,
        "Restructuring And Mergern Acquisition": NaN,
        "Gain On Sale Of Security": NaN,
        "Net Non Operating Interest Income Expense": NaN,
        "Interest Expense Non Operating": NaN,
        "Interest Income Non Operating": NaN,
        "Operating Income": NaN,
        "Operating Expense": NaN,
        "Research And Development": NaN,
        "Selling General And Administration": NaN,
        "General And Administrative Expense": NaN,
        "Other Gand A": NaN,
        "Total Revenue": NaN,
        "Operating Revenue": NaN
    },
    "2022-12-31": {
        "Tax Effect Of Unusual Items": NaN,
        "Tax Rate For Calcs": NaN,
        "Normalized EBITDA": NaN,
        "Total Unusual Items": NaN,
        "Total Unusual Items Excluding Goodwill": NaN,
        "Net Income From Continuing Operation Net Minority Interest": NaN,
        "Reconciled Depreciation": NaN,
        "EBITDA": NaN,
        "EBIT": NaN,
        "Net Interest Income": NaN,
        "Interest Expense": NaN,
        "Interest Income": NaN,
        "Normalized Income": NaN,
        "Net Income From Continuing And Discontinued Operation": NaN,
        "Total Expenses": NaN,
        "Total Operating Income As Reported": NaN,
        "Diluted Average Shares": NaN,
        "Basic Average Shares": NaN,
        "Diluted EPS": NaN,
        "Basic EPS": NaN,
        "Diluted NI Availto Com Stockholders": NaN,
        "Net Income Common Stockholders": NaN,
        "Net Income": NaN,
        "Net Income Including Noncontrolling Interests": NaN,
        "Net Income Continuous Operations": NaN,
        "Pretax Income": NaN,
        "Other Income Expense": NaN,
        "Other Non Operating Income Expenses": 0.0,
        "Special Income Charges": 0.0,
        "Restructuring And Mergern Acquisition": 0.0,
        "Gain On Sale Of Security": NaN,
        "Net Non Operating Interest Income Expense": NaN,
        "Interest Expense Non Operating": NaN,
        "Interest Income Non Operating": NaN,
        "Operating Income": NaN,
        "Operating Expense": NaN,
        "Research And Development": NaN,
        "Selling General And Administration": NaN,
        "General And Administrative Expense": NaN,
        "Other Gand A": NaN,
        "Total Revenue": NaN,
        "Operating Revenue": NaN
    },
    "2022-09-30": {
        "Tax Effect Of Unusual Items": NaN,
        "Tax Rate For Calcs": NaN,
        "Normalized EBITDA": NaN,
        "Total Unusual Items": NaN,
        "Total Unusual Items Excluding Goodwill": NaN,
        "Net Income From Continuing Operation Net Minority Interest": NaN,
        "Reconciled Depreciation": NaN,
        "EBITDA": NaN,
        "EBIT": NaN,
        "Net Interest Income": NaN,
        "Interest Expense": NaN,
        "Interest Income": NaN,
        "Normalized Income": NaN,
        "Net Income From Continuing And Discontinued Operation": NaN,
        "Total Expenses": NaN,
        "Total Operating Income As Reported": NaN,
        "Diluted Average Shares": 9417069.0,
        "Basic Average Shares": 9417069.0,
        "Diluted EPS": -3.21,
        "Basic EPS": -3.21,
        "Diluted NI Availto Com Stockholders": NaN,
        "Net Income Common Stockholders": NaN,
        "Net Income": NaN,
        "Net Income Including Noncontrolling Interests": NaN,
        "Net Income Continuous Operations": NaN,
        "Pretax Income": NaN,
        "Other Income Expense": NaN,
        "Other Non Operating Income Expenses": -9510000.0,
        "Special Income Charges": -9510000.0,
        "Restructuring And Mergern Acquisition": 9510000.0,
        "Gain On Sale Of Security": NaN,
        "Net Non Operating Interest Income Expense": NaN,
        "Interest Expense Non Operating": NaN,
        "Interest Income Non Operating": NaN,
        "Operating Income": NaN,
        "Operating Expense": NaN,
        "Research And Development": NaN,
        "Selling General And Administration": NaN,
        "General And Administrative Expense": NaN,
        "Other Gand A": NaN,
        "Total Revenue": NaN,
        "Operating Revenue": NaN
    },
    "2022-06-30": {
        "Tax Effect Of Unusual Items": 0.0,
        "Tax Rate For Calcs": 0.0,
        "Normalized EBITDA": -32931000.0,
        "Total Unusual Items": 157000.0,
        "Total Unusual Items Excluding Goodwill": 157000.0,
        "Net Income From Continuing Operation Net Minority Interest": -34481000.0,
        "Reconciled Depreciation": 726000.0,
        "EBITDA": -32774000.0,
        "EBIT": -33500000.0,
        "Net Interest Income": -869000.0,
        "Interest Expense": 981000.0,
        "Interest Income": 112000.0,
        "Normalized Income": -34638000.0,
        "Net Income From Continuing And Discontinued Operation": -34481000.0,
        "Total Expenses": 40045000.0,
        "Total Operating Income As Reported": -33769000.0,
        "Diluted Average Shares": 6382378.0,
        "Basic Average Shares": 6382378.0,
        "Diluted EPS": -5.4,
        "Basic EPS": -5.4,
        "Diluted NI Availto Com Stockholders": -34481000.0,
        "Net Income Common Stockholders": -34481000.0,
        "Net Income": -34481000.0,
        "Net Income Including Noncontrolling Interests": -34481000.0,
        "Net Income Continuous Operations": -34481000.0,
        "Pretax Income": -34481000.0,
        "Other Income Expense": 157000.0,
        "Other Non Operating Income Expenses": NaN,
        "Gain On Sale Of Security": 157000.0,
        "Net Non Operating Interest Income Expense": -869000.0,
        "Interest Expense Non Operating": 981000.0,
        "Interest Income Non Operating": 112000.0,
        "Operating Income": -33769000.0,
        "Operating Expense": 40045000.0,
        "Research And Development": 33100000.0,
        "Selling General And Administration": 6945000.0,
        "General And Administrative Expense": 6945000.0,
        "Other Gand A": 6945000.0,
        "Total Revenue": 6276000.0,
        "Operating Revenue": 6276000.0
    },
    "2022-03-31": {
        "Diluted EPS": -3.99,
        "Total Revenue": 5,
        "Gross Profit": 5,
        "Operating Income": -27,
        "EBIT": -26,
        "Net Income": -25
    },
    "2021-12-31": {
        "Diluted EPS": -3.8,
        "Total Revenue": 8,
        "Gross Profit": 8,
        "Operating Income": -25,
        "EBIT": -24,
        "Net Income": -24
    },
    "2021-09-30": {
        "Diluted EPS": -4.14,
        "Total Revenue": 6,
        "Gross Profit": 6,
        "Operating Income": -27,
        "EBIT": -26,
        "Net Income": -26
    },
    "2021-06-30": {
        "Diluted EPS": -3.6,
        "Total Revenue": 5,
        "Gross Profit": 5,
        "Operating Income": -26,
        "EBIT": -25,
        "Net Income": -22
    },
    "2021-03-31": {
        "Diluted EPS": -2.3,
        "Total Revenue": 5,
        "Gross Profit": 5,
        "Operating Income": -21,
        "EBIT": -20,
        "Net Income": -14
    },
    "2020-12-31": {
        "Diluted EPS": -6.2,
        "Total Revenue": 6,
        "Gross Profit": 6,
        "Operating Income": -29,
        "EBIT": -28,
        "Net Income": -30
    },
    "2020-09-30": {
        "Diluted EPS": -4.3,
        "Total Revenue": 4,
        "Gross Profit": 4,
        "Operating Income": -19,
        "EBIT": -18,
        "Net Income": -19
    },
    "2020-06-30": {
        "Diluted EPS": -3.8,
        "Total Revenue": 3,
        "Gross Profit": 3,
        "Operating Income": -17,
        "EBIT": -16,
        "Net Income": -17
    },
    "2020-03-31": {
        "Diluted EPS": -3.9,
        "Total Revenue": 2,
        "Gross Profit": 2,
        "Operating Income": -17,
        "EBIT": -17,
        "Net Income": -17
    },
    "2019-12-31": {
        "Diluted EPS": -4.5,
        "Total Revenue": 1,
        "Gross Profit": 1,
        "Operating Income": -20,
        "EBIT": -19,
        "Net Income": -20
    },
    "2019-09-30": {
        "Diluted EPS": -4.7,
        "Total Revenue": 1,
        "Gross Profit": 1,
        "Operating Income": -20,
        "EBIT": -20,
        "Net Income": -20
    },
    "2019-06-30": {
        "Diluted EPS": -4.7,
        "Total Revenue": 0,
        "Gross Profit": 0,
        "Operating Income": -20,
        "EBIT": -20,
        "Net Income": -19
    },
    "2019-03-31": {
        "Diluted EPS": -4.9,
        "Total Revenue": 0,
        "Gross Profit": 0,
        "Operating Income": -17,
        "EBIT": -16,
        "Net Income": -16
    },
    "2018-12-31": {
        "Diluted EPS": -5.3,
        "Total Revenue": 1,
        "Gross Profit": 1,
        "Operating Income": -19,
        "EBIT": -18,
        "Net Income": -18
    },
    "2018-09-30": {
        "Diluted EPS": -4.7,
        "Total Revenue": 0,
        "Gross Profit": 0,
        "Operating Income": -16,
        "EBIT": -16,
        "Net Income": -16
    },
    "2018-06-30": {
        "Diluted EPS": -4.3,
        "Total Revenue": 0,
        "Gross Profit": 0,
        "Operating Income": -15,
        "EBIT": -14,
        "Net Income": -14
    },
    "2018-03-31": {
        "Diluted EPS": -4.8,
        "Total Revenue": 0,
        "Gross Profit": 0,
        "Operating Income": -15,
        "EBIT": -14,
        "Net Income": -14
    },
    "2017-12-31": {
        "Diluted EPS": -5.9,
        "Total Revenue": NaN,
        "Gross Profit": NaN,
        "Operating Income": -16,
        "EBIT": -15,
        "Net Income": -15
    },
    "2017-09-30": {
        "Diluted EPS": -5.3,
        "Total Revenue": NaN,
        "Gross Profit": NaN,
        "Operating Income": -14,
        "EBIT": -14,
        "Net Income": -14
    },
    "2017-06-30": {
        "Diluted EPS": -5.2,
        "Total Revenue": NaN,
        "Gross Profit": NaN,
        "Operating Income": -14,
        "EBIT": -13,
        "Net Income": -13
    },
    "2017-03-31": {
        "Diluted EPS": -4.9,
        "Total Revenue": 1,
        "Gross Profit": 1,
        "Operating Income": -12,
        "EBIT": -11,
        "Net Income": -12
    },
    "2016-12-31": {
        "Diluted EPS": 71.7,
        "Total Revenue": NaN,
        "Gross Profit": NaN,
        "Operating Income": -11,
        "EBIT": -11,
        "Net Income": -11
    },
    "2016-09-30": {
        "Diluted EPS": -6.5,
        "Total Revenue": NaN,
        "Gross Profit": NaN,
        "Operating Income": -14,
        "EBIT": -14,
        "Net Income": -14
    },
    "2016-06-30": {
        "Diluted EPS": -54.2,
        "Total Revenue": NaN,
        "Gross Profit": NaN,
        "Operating Income": -12,
        "EBIT": -12,
        "Net Income": -14
    },
    "2016-03-31": {
        "Diluted EPS": -51.5,
        "Total Revenue": NaN,
        "Gross Profit": NaN,
        "Operating Income": -11,
        "EBIT": -10,
        "Net Income": -12
    },
    "2015-12-31": {
        "Diluted EPS": 0.0,
        "Total Revenue": NaN,
        "Gross Profit": NaN,
        "Operating Income": NaN,
        "EBIT": NaN,
        "Net Income": NaN
    },
    "2015-09-30": {
        "Diluted EPS": -45.1,
        "Total Revenue": NaN,
        "Gross Profit": NaN,
        "Operating Income": -8,
        "EBIT": -8,
        "Net Income": -10
    },
    "2015-06-30": {
        "Diluted EPS": -41.6,
        "Total Revenue": 0,
        "Gross Profit": 0,
        "Operating Income": -6,
        "EBIT": -6,
        "Net Income": -7
    },
    "2014-12-31": {
        "Diluted EPS": 0.0,
        "Total Revenue": NaN,
        "Gross Profit": NaN,
        "Operating Income": NaN,
        "EBIT": NaN,
        "Net Income": NaN
    },
    "2023-06-30": {
        "Tax Effect Of Unusual Items": NaN,
        "Tax Rate For Calcs": NaN,
        "Normalized EBITDA": NaN,
        "Total Unusual Items": NaN,
        "Total Unusual Items Excluding Goodwill": NaN,
        "Net Income From Continuing Operation Net Minority Interest": NaN,
        "Reconciled Depreciation": NaN,
        "EBITDA": NaN,
        "EBIT": NaN,
        "Net Interest Income": NaN,
        "Interest Expense": NaN,
        "Interest Income": NaN,
        "Normalized Income": NaN,
        "Net Income From Continuing And Discontinued Operation": NaN,
        "Total Expenses": NaN,
        "Total Operating Income As Reported": NaN,
        "Diluted Average Shares": 27913448.0,
        "Basic Average Shares": 27913448.0,
        "Diluted EPS": -1.3,
        "Basic EPS": -1.3,
        "Diluted NI Availto Com Stockholders": NaN,
        "Net Income Common Stockholders": NaN,
        "Net Income": NaN,
        "Net Income Including Noncontrolling Interests": NaN,
        "Net Income Continuous Operations": NaN,
        "Pretax Income": NaN,
        "Other Income Expense": NaN,
        "Special Income Charges": NaN,
        "Restructuring And Mergern Acquisition": NaN,
        "Gain On Sale Of Security": NaN,
        "Net Non Operating Interest Income Expense": NaN,
        "Interest Expense Non Operating": NaN,
        "Interest Income Non Operating": NaN,
        "Operating Income": NaN,
        "Operating Expense": NaN,
        "Research And Development": NaN,
        "Selling General And Administration": NaN,
        "General And Administrative Expense": NaN,
        "Other Gand A": NaN,
        "Total Revenue": NaN,
        "Operating Revenue": NaN
    },
    "2023-09-30": {
        "Tax Effect Of Unusual Items": 0.0,
        "Tax Rate For Calcs": 0.0,
        "Normalized EBITDA": -30037000.0,
        "Total Unusual Items": -8191000.0,
        "Total Unusual Items Excluding Goodwill": -8191000.0,
        "Net Income From Continuing Operation Net Minority Interest": -40143000.0,
        "Reconciled Depreciation": 612000.0,
        "EBITDA": -38228000.0,
        "EBIT": -38840000.0,
        "Net Interest Income": 330000.0,
        "Interest Expense": 1303000.0,
        "Interest Income": 1633000.0,
        "Normalized Income": -31952000.0,
        "Net Income From Continuing And Discontinued Operation": -40143000.0,
        "Total Expenses": 36044000.0,
        "Total Operating Income As Reported": -34636000.0,
        "Diluted Average Shares": 27990558.0,
        "Basic Average Shares": 27990558.0,
        "Diluted EPS": -1.43,
        "Basic EPS": -1.43,
        "Diluted NI Availto Com Stockholders": -40143000.0,
        "Net Income Common Stockholders": -40143000.0,
        "Net Income": -40143000.0,
        "Net Income Including Noncontrolling Interests": -40143000.0,
        "Net Income Continuous Operations": -40143000.0,
        "Pretax Income": -40143000.0,
        "Other Income Expense": -8191000.0,
        "Special Income Charges": -2354000.0,
        "Restructuring And Mergern Acquisition": 2354000.0,
        "Gain On Sale Of Security": -5837000.0,
        "Net Non Operating Interest Income Expense": 330000.0,
        "Interest Expense Non Operating": 1303000.0,
        "Interest Income Non Operating": 1633000.0,
        "Operating Income": -32282000.0,
        "Operating Expense": 36044000.0,
        "Research And Development": 28280000.0,
        "Selling General And Administration": 7764000.0,
        "General And Administrative Expense": 7764000.0,
        "Other Gand A": 7764000.0,
        "Total Revenue": 3762000.0,
        "Operating Revenue": 3762000.0
    },
    "2023-12-31": {
        "Tax Effect Of Unusual Items": 0.0,
        "Tax Rate For Calcs": 0.0,
        "Normalized EBITDA": -25370000.0,
        "Total Unusual Items": -37333000.0,
        "Total Unusual Items Excluding Goodwill": -37333000.0,
        "Net Income From Continuing Operation Net Minority Interest": -64384000.0,
        "Reconciled Depreciation": 352000.0,
        "EBITDA": -62703000.0,
        "EBIT": -63055000.0,
        "Net Interest Income": -46000.0,
        "Interest Expense": 1329000.0,
        "Interest Income": 1283000.0,
        "Normalized Income": -27051000.0,
        "Net Income From Continuing And Discontinued Operation": -64384000.0,
        "Total Expenses": 27391000.0,
        "Total Operating Income As Reported": -27140000.0,
        "Diluted Average Shares": NaN,
        "Basic Average Shares": NaN,
        "Diluted EPS": NaN,
        "Basic EPS": NaN,
        "Diluted NI Availto Com Stockholders": -64384000.0,
        "Net Income Common Stockholders": -64384000.0,
        "Net Income": -64384000.0,
        "Net Income Including Noncontrolling Interests": -64384000.0,
        "Net Income Continuous Operations": -64384000.0,
        "Pretax Income": -64384000.0,
        "Other Income Expense": -37333000.0,
        "Special Income Charges": -135000.0,
        "Restructuring And Mergern Acquisition": 135000.0,
        "Gain On Sale Of Security": -37198000.0,
        "Net Non Operating Interest Income Expense": -46000.0,
        "Interest Expense Non Operating": 1329000.0,
        "Interest Income Non Operating": 1283000.0,
        "Operating Income": -27005000.0,
        "Operating Expense": 27391000.0,
        "Research And Development": 21503000.0,
        "Selling General And Administration": 5888000.0,
        "General And Administrative Expense": 5888000.0,
        "Other Gand A": 5888000.0,
        "Total Revenue": 386000.0,
        "Operating Revenue": 386000.0
    },
    "2024-03-31": {
        "Tax Effect Of Unusual Items": 0.0,
        "Tax Rate For Calcs": 0.0,
        "Normalized EBITDA": -29041000.0,
        "Total Unusual Items": 26974000.0,
        "Total Unusual Items Excluding Goodwill": 26974000.0,
        "Net Income From Continuing Operation Net Minority Interest": -3708000.0,
        "Reconciled Depreciation": 334000.0,
        "EBITDA": -2067000.0,
        "EBIT": -2401000.0,
        "Net Interest Income": 239000.0,
        "Interest Expense": 1307000.0,
        "Interest Income": 1546000.0,
        "Normalized Income": -30682000.0,
        "Net Income From Continuing And Discontinued Operation": -3708000.0,
        "Total Expenses": 30921000.0,
        "Total Operating Income As Reported": -30921000.0,
        "Diluted Average Shares": 38978046.0,
        "Basic Average Shares": 38978046.0,
        "Diluted EPS": -0.1,
        "Basic EPS": -0.1,
        "Diluted NI Availto Com Stockholders": -3708000.0,
        "Net Income Common Stockholders": -3708000.0,
        "Net Income": -3708000.0,
        "Net Income Including Noncontrolling Interests": -3708000.0,
        "Net Income Continuous Operations": -3708000.0,
        "Pretax Income": -3708000.0,
        "Other Income Expense": 26974000.0,
        "Special Income Charges": NaN,
        "Restructuring And Mergern Acquisition": NaN,
        "Gain On Sale Of Security": 26974000.0,
        "Net Non Operating Interest Income Expense": 239000.0,
        "Interest Expense Non Operating": 1307000.0,
        "Interest Income Non Operating": 1546000.0,
        "Operating Income": -30921000.0,
        "Operating Expense": 30921000.0,
        "Research And Development": 24655000.0,
        "Selling General And Administration": 6266000.0,
        "General And Administrative Expense": 6266000.0,
        "Other Gand A": 6266000.0,
        "Total Revenue": 0.0,
        "Operating Revenue": 0.0
    },
    "2024-06-30": {
        "Tax Effect Of Unusual Items": 0.0,
        "Tax Rate For Calcs": 0.0,
        "Normalized EBITDA": -26000000.0,
        "Total Unusual Items": 4386000.0,
        "Total Unusual Items Excluding Goodwill": 4386000.0,
        "Net Income From Continuing Operation Net Minority Interest": -23327000.0,
        "Reconciled Depreciation": 331000.0,
        "EBITDA": -21614000.0,
        "EBIT": -21945000.0,
        "Net Interest Income": -297000.0,
        "Interest Expense": 1382000.0,
        "Interest Income": 1085000.0,
        "Normalized Income": -27713000.0,
        "Net Income From Continuing And Discontinued Operation": -23327000.0,
        "Total Expenses": 27416000.0,
        "Total Operating Income As Reported": -27416000.0,
        "Diluted Average Shares": 39269434.0,
        "Basic Average Shares": 39269434.0,
        "Diluted EPS": -0.59,
        "Basic EPS": -0.59,
        "Diluted NI Availto Com Stockholders": -23327000.0,
        "Net Income Common Stockholders": -23327000.0,
        "Net Income": -23327000.0,
        "Net Income Including Noncontrolling Interests": -23327000.0,
        "Net Income Continuous Operations": -23327000.0,
        "Pretax Income": -23327000.0,
        "Other Income Expense": 4386000.0,
        "Special Income Charges": NaN,
        "Restructuring And Mergern Acquisition": NaN,
        "Gain On Sale Of Security": 4386000.0,
        "Net Non Operating Interest Income Expense": -297000.0,
        "Interest Expense Non Operating": 1382000.0,
        "Interest Income Non Operating": 1085000.0,
        "Operating Income": -27416000.0,
        "Operating Expense": 27416000.0,
        "Research And Development": 21953000.0,
        "Selling General And Administration": 5463000.0,
        "General And Administrative Expense": 5463000.0,
        "Other Gand A": 5463000.0,
        "Total Revenue": 0.0,
        "Operating Revenue": 0.0
    },
    "2024-09-30": {
        "Tax Effect Of Unusual Items": 0.0,
        "Tax Rate For Calcs": 0.0,
        "Normalized EBITDA": -25064000.0,
        "Total Unusual Items": 20305000.0,
        "Total Unusual Items Excluding Goodwill": 20305000.0,
        "Net Income From Continuing Operation Net Minority Interest": -6396000.0,
        "Reconciled Depreciation": 325000.0,
        "EBITDA": -4759000.0,
        "EBIT": -5084000.0,
        "Net Interest Income": -519000.0,
        "Interest Expense": 1312000.0,
        "Interest Income": 793000.0,
        "Normalized Income": -26701000.0,
        "Net Income From Continuing And Discontinued Operation": -6396000.0,
        "Total Expenses": 26182000.0,
        "Total Operating Income As Reported": -26182000.0,
        "Diluted Average Shares": 39335772.0,
        "Basic Average Shares": 39335772.0,
        "Diluted EPS": -0.16,
        "Basic EPS": -0.16,
        "Diluted NI Availto Com Stockholders": -6396000.0,
        "Net Income Common Stockholders": -6396000.0,
        "Net Income": -6396000.0,
        "Net Income Including Noncontrolling Interests": -6396000.0,
        "Net Income Continuous Operations": -6396000.0,
        "Pretax Income": -6396000.0,
        "Other Income Expense": 20305000.0,
        "Special Income Charges": 0.0,
        "Restructuring And Mergern Acquisition": 0.0,
        "Gain On Sale Of Security": 20305000.0,
        "Net Non Operating Interest Income Expense": -519000.0,
        "Interest Expense Non Operating": 1312000.0,
        "Interest Income Non Operating": 793000.0,
        "Operating Income": -26182000.0,
        "Operating Expense": 26182000.0,
        "Research And Development": 20527000.0,
        "Selling General And Administration": 5655000.0,
        "General And Administrative Expense": 5655000.0,
        "Other Gand A": 5655000.0,
        "Total Revenue": 0.0,
        "Operating Revenue": 0.0
    }
}