{
    "2023-06-30": {
        "Tax Effect Of Unusual Items": 0.0,
        "Tax Rate For Calcs": 0.228,
        "Normalized EBITDA": 12448000000.0,
        "Total Unusual Items": 0.0,
        "Total Unusual Items Excluding Goodwill": 0.0,
        "Net Income From Continuing Operation Net Minority Interest": 4489000000.0,
        "Reconciled Depreciation": 4675000000.0,
        "Reconciled Cost Of Revenue": 11827000000.0,
        "EBITDA": 12448000000.0,
        "EBIT": 7773000000.0,
        "Net Interest Income": -1608000000.0,
        "Interest Expense": 1608000000.0,
        "Normalized Income": 4489000000.0,
        "Net Income From Continuing And Discontinued Operation": 4489000000.0,
        "Total Expenses": 23511000000.0,
        "Total Operating Income As Reported": 6406000000.0,
        "Diluted Average Shares": 7180000000.0,
        "Basic Average Shares": 7180000000.0,
        "Diluted EPS": 0.61,
        "Basic EPS": 0.61,
        "Diluted NI Availto Com Stockholders": 4437000000.0,
        "Average Dilution Earnings": 0.0,
        "Net Income Common Stockholders": 4437000000.0,
        "Preferred Stock Dividends": 52000000.0,
        "Net Income": 4489000000.0,
        "Minority Interests": -273000000.0,
        "Net Income Including Noncontrolling Interests": 4762000000.0,
        "Net Income Discontinuous Operations": 0.0,
        "Net Income Continuous Operations": 4762000000.0,
        "Tax Provision": 1403000000.0,
        "Pretax Income": 6165000000.0,
        "Other Income Expense": 1367000000.0,
        "Other Non Operating Income Expenses": 987000000.0,
        "Special Income Charges": 0.0,
        "Write Off": 0.0,
        "Impairment Of Capital Assets": 0.0,
        "Earnings From Equity Interest": 380000000.0,
        "Net Non Operating Interest Income Expense": -1608000000.0,
        "Interest Expense Non Operating": 1608000000.0,
        "Operating Income": 6406000000.0,
        "Operating Expense": 11684000000.0,
        "Depreciation Amortization Depletion Income Statement": 4675000000.0,
        "Depreciation And Amortization In Income Statement": 4675000000.0,
        "Selling General And Administration": 7009000000.0,
        "Gross Profit": 18090000000.0,
        "Cost Of Revenue": 11827000000.0,
        "Total Revenue": 29917000000.0,
        "Operating Revenue": 29917000000.0
    },
    "2023-03-31": {
        "Tax Effect Of Unusual Items": 0.0,
        "Tax Rate For Calcs": 0.228,
        "Normalized EBITDA": 12106000000.0,
        "Total Unusual Items": 0.0,
        "Total Unusual Items Excluding Goodwill": 0.0,
        "Net Income From Continuing Operation Net Minority Interest": 4228000000.0,
        "Reconciled Depreciation": 4631000000.0,
        "Reconciled Cost Of Revenue": 12331000000.0,
        "EBITDA": 12106000000.0,
        "EBIT": 7475000000.0,
        "Net Interest Income": -1708000000.0,
        "Interest Expense": 1708000000.0,
        "Normalized Income": 4228000000.0,
        "Net Income From Continuing And Discontinued Operation": 4228000000.0,
        "Total Expenses": 24137000000.0,
        "Total Operating Income As Reported": 6002000000.0,
        "Diluted Average Shares": 7474000000.0,
        "Basic Average Shares": 7168000000.0,
        "Diluted EPS": 0.57,
        "Basic EPS": 0.58,
        "Diluted NI Availto Com Stockholders": 4252000000.0,
        "Average Dilution Earnings": 76000000.0,
        "Net Income Common Stockholders": 4176000000.0,
        "Preferred Stock Dividends": 52000000.0,
        "Net Income": 4228000000.0,
        "Minority Interests": -225000000.0,
        "Net Income Including Noncontrolling Interests": 4453000000.0,
        "Net Income Discontinuous Operations": 0.0,
        "Net Income Continuous Operations": 4453000000.0,
        "Tax Provision": 1314000000.0,
        "Pretax Income": 5767000000.0,
        "Other Income Expense": 1473000000.0,
        "Other Non Operating Income Expenses": 935000000.0,
        "Special Income Charges": 0.0,
        "Write Off": 0.0,
        "Impairment Of Capital Assets": NaN,
        "Earnings From Equity Interest": 538000000.0,
        "Net Non Operating Interest Income Expense": -1708000000.0,
        "Interest Expense Non Operating": 1708000000.0,
        "Operating Income": 6002000000.0,
        "Operating Expense": 11806000000.0,
        "Depreciation Amortization Depletion Income Statement": 4631000000.0,
        "Depreciation And Amortization In Income Statement": 4631000000.0,
        "Selling General And Administration": 7175000000.0,
        "Gross Profit": 17808000000.0,
        "Cost Of Revenue": 12331000000.0,
        "Total Revenue": 30139000000.0,
        "Operating Revenue": 30139000000.0
    },
    "2022-12-31": {
        "Tax Effect Of Unusual Items": NaN,
        "Tax Rate For Calcs": NaN,
        "Normalized EBITDA": NaN,
        "Total Unusual Items": NaN,
        "Total Unusual Items Excluding Goodwill": NaN,
        "Net Income From Continuing Operation Net Minority Interest": NaN,
        "Reconciled Depreciation": NaN,
        "Reconciled Cost Of Revenue": NaN,
        "EBITDA": NaN,
        "EBIT": NaN,
        "Net Interest Income": NaN,
        "Interest Expense": NaN,
        "Normalized Income": NaN,
        "Net Income From Continuing And Discontinued Operation": NaN,
        "Total Expenses": NaN,
        "Total Operating Income As Reported": NaN,
        "Diluted Average Shares": NaN,
        "Basic Average Shares": NaN,
        "Diluted EPS": NaN,
        "Basic EPS": NaN,
        "Diluted NI Availto Com Stockholders": NaN,
        "Average Dilution Earnings": NaN,
        "Net Income Common Stockholders": NaN,
        "Preferred Stock Dividends": NaN,
        "Net Income": NaN,
        "Minority Interests": NaN,
        "Net Income Including Noncontrolling Interests": NaN,
        "Net Income Discontinuous Operations": -35000000.0,
        "Net Income Continuous Operations": NaN,
        "Tax Provision": NaN,
        "Pretax Income": NaN,
        "Other Income Expense": NaN,
        "Other Non Operating Income Expenses": NaN,
        "Special Income Charges": NaN,
        "Write Off": NaN,
        "Impairment Of Capital Assets": 26753000000.0,
        "Earnings From Equity Interest": NaN,
        "Net Non Operating Interest Income Expense": NaN,
        "Interest Expense Non Operating": NaN,
        "Operating Income": NaN,
        "Operating Expense": NaN,
        "Depreciation Amortization Depletion Income Statement": NaN,
        "Depreciation And Amortization In Income Statement": NaN,
        "Selling General And Administration": NaN,
        "Gross Profit": NaN,
        "Cost Of Revenue": NaN,
        "Total Revenue": NaN,
        "Operating Revenue": NaN
    },
    "2022-09-30": {
        "Tax Effect Of Unusual Items": NaN,
        "Tax Rate For Calcs": NaN,
        "Normalized EBITDA": NaN,
        "Total Unusual Items": NaN,
        "Total Unusual Items Excluding Goodwill": NaN,
        "Net Income From Continuing Operation Net Minority Interest": NaN,
        "Reconciled Depreciation": NaN,
        "Reconciled Cost Of Revenue": NaN,
        "EBITDA": NaN,
        "EBIT": NaN,
        "Net Interest Income": NaN,
        "Interest Expense": NaN,
        "Normalized Income": NaN,
        "Net Income From Continuing And Discontinued Operation": NaN,
        "Total Expenses": NaN,
        "Total Operating Income As Reported": NaN,
        "Diluted Average Shares": NaN,
        "Basic Average Shares": NaN,
        "Diluted EPS": NaN,
        "Basic EPS": NaN,
        "Diluted NI Availto Com Stockholders": NaN,
        "Average Dilution Earnings": NaN,
        "Net Income Common Stockholders": NaN,
        "Preferred Stock Dividends": NaN,
        "Net Income": NaN,
        "Minority Interests": NaN,
        "Net Income Including Noncontrolling Interests": NaN,
        "Net Income Discontinuous Operations": NaN,
        "Net Income Continuous Operations": NaN,
        "Tax Provision": NaN,
        "Pretax Income": NaN,
        "Other Income Expense": NaN,
        "Other Non Operating Income Expenses": NaN,
        "Special Income Charges": NaN,
        "Write Off": NaN,
        "Impairment Of Capital Assets": 114000000.0,
        "Earnings From Equity Interest": NaN,
        "Net Non Operating Interest Income Expense": NaN,
        "Interest Expense Non Operating": NaN,
        "Operating Income": NaN,
        "Operating Expense": NaN,
        "Depreciation Amortization Depletion Income Statement": NaN,
        "Depreciation And Amortization In Income Statement": NaN,
        "Selling General And Administration": NaN,
        "Gross Profit": NaN,
        "Cost Of Revenue": NaN,
        "Total Revenue": NaN,
        "Operating Revenue": NaN
    },
    "2022-06-30": {
        "Tax Effect Of Unusual Items": -152105271.565495,
        "Tax Rate For Calcs": 0.241054,
        "Normalized EBITDA": 12843000000.0,
        "Total Unusual Items": -631000000.0,
        "Total Unusual Items Excluding Goodwill": -631000000.0,
        "Net Income From Continuing Operation Net Minority Interest": 4371000000.0,
        "Reconciled Depreciation": 3373000000.0,
        "Reconciled Cost Of Revenue": 13418000000.0,
        "EBITDA": 12212000000.0,
        "EBIT": 7762000000.0,
        "Net Interest Income": -1502000000.0,
        "Interest Expense": 1502000000.0,
        "Normalized Income": 4849894728.434505,
        "Net Income From Continuing And Discontinued Operation": 4157000000.0,
        "Total Expenses": 24056000000.0,
        "Total Operating Income As Reported": 4956000000.0,
        "Diluted Average Shares": 7611000000.0,
        "Basic Average Shares": 7169000000.0,
        "Diluted EPS": 0.56,
        "Basic EPS": 0.57,
        "Diluted NI Availto Com Stockholders": 4105000000.0,
        "Average Dilution Earnings": 143000000.0,
        "Net Income Common Stockholders": 4105000000.0,
        "Preferred Stock Dividends": 52000000.0,
        "Net Income": 4157000000.0,
        "Minority Interests": -380000000.0,
        "Net Income Including Noncontrolling Interests": 4537000000.0,
        "Net Income Discontinuous Operations": -214000000.0,
        "Net Income Continuous Operations": 4751000000.0,
        "Tax Provision": 1509000000.0,
        "Pretax Income": 6260000000.0,
        "Other Income Expense": 2175000000.0,
        "Other Non Operating Income Expenses": 2302000000.0,
        "Special Income Charges": -631000000.0,
        "Gain On Sale Of Ppe": -631000000.0,
        "Impairment Of Capital Assets": 631000000.0,
        "Earnings From Equity Interest": 504000000.0,
        "Net Non Operating Interest Income Expense": -1502000000.0,
        "Interest Expense Non Operating": 1502000000.0,
        "Operating Income": 5587000000.0,
        "Operating Expense": 11715000000.0,
        "Depreciation Amortization Depletion Income Statement": 4450000000.0,
        "Depreciation And Amortization In Income Statement": 4450000000.0,
        "Selling General And Administration": 7265000000.0,
        "Gross Profit": 17302000000.0,
        "Cost Of Revenue": 12341000000.0,
        "Total Revenue": 29643000000.0,
        "Operating Revenue": 29643000000.0
    },
    "2023-09-30": {
        "Tax Effect Of Unusual Items": -140128000.0,
        "Tax Rate For Calcs": 0.232,
        "Normalized EBITDA": 11951000000.0,
        "Total Unusual Items": -604000000.0,
        "Total Unusual Items Excluding Goodwill": -604000000.0,
        "Net Income From Continuing Operation Net Minority Interest": 3495000000.0,
        "Reconciled Depreciation": 4705000000.0,
        "Reconciled Cost Of Revenue": 12054000000.0,
        "EBITDA": 11347000000.0,
        "EBIT": 6642000000.0,
        "Net Interest Income": -1662000000.0,
        "Interest Expense": 1662000000.0,
        "Normalized Income": 3958872000.0,
        "Net Income From Continuing And Discontinued Operation": 3495000000.0,
        "Total Expenses": 23964000000.0,
        "Total Operating Income As Reported": 5782000000.0,
        "Diluted Average Shares": 7185000000.0,
        "Basic Average Shares": 7185000000.0,
        "Diluted EPS": 0.48,
        "Basic EPS": 0.48,
        "Diluted NI Availto Com Stockholders": 3444000000.0,
        "Average Dilution Earnings": 0.0,
        "Net Income Common Stockholders": 3444000000.0,
        "Preferred Stock Dividends": 51000000.0,
        "Net Income": 3495000000.0,
        "Minority Interests": -331000000.0,
        "Net Income Including Noncontrolling Interests": 3826000000.0,
        "Net Income Discontinuous Operations": 0.0,
        "Net Income Continuous Operations": 3826000000.0,
        "Tax Provision": 1154000000.0,
        "Pretax Income": 4980000000.0,
        "Other Income Expense": 256000000.0,
        "Other Non Operating Income Expenses": 440000000.0,
        "Special Income Charges": -604000000.0,
        "Write Off": 604000000.0,
        "Impairment Of Capital Assets": 604000000.0,
        "Earnings From Equity Interest": 420000000.0,
        "Net Non Operating Interest Income Expense": -1662000000.0,
        "Interest Expense Non Operating": 1662000000.0,
        "Operating Income": 6386000000.0,
        "Operating Expense": 11910000000.0,
        "Depreciation Amortization Depletion Income Statement": 4705000000.0,
        "Depreciation And Amortization In Income Statement": 4705000000.0,
        "Selling General And Administration": 7205000000.0,
        "Gross Profit": 18296000000.0,
        "Cost Of Revenue": 12054000000.0,
        "Total Revenue": 30350000000.0,
        "Operating Revenue": 30350000000.0
    },
    "2023-12-31": {
        "Tax Effect Of Unusual Items": -71017029.972752,
        "Tax Rate For Calcs": 0.120572,
        "Normalized EBITDA": 10017000000.0,
        "Total Unusual Items": -589000000.0,
        "Total Unusual Items Excluding Goodwill": -589000000.0,
        "Net Income From Continuing Operation Net Minority Interest": 2188000000.0,
        "Reconciled Depreciation": 4766000000.0,
        "Reconciled Cost Of Revenue": 13911000000.0,
        "EBITDA": 9428000000.0,
        "EBIT": 4662000000.0,
        "Net Interest Income": -1726000000.0,
        "Interest Expense": 1726000000.0,
        "Normalized Income": 2705982970.027248,
        "Net Income From Continuing And Discontinued Operation": 2188000000.0,
        "Total Expenses": 26162000000.0,
        "Total Operating Income As Reported": 5271000000.0,
        "Diluted Average Shares": 7191000000.0,
        "Basic Average Shares": 7190000000.0,
        "Diluted EPS": 0.3,
        "Basic EPS": 0.3,
        "Diluted NI Availto Com Stockholders": 2138000000.0,
        "Average Dilution Earnings": 3000000.0,
        "Net Income Common Stockholders": 2135000000.0,
        "Preferred Stock Dividends": 53000000.0,
        "Net Income": 2188000000.0,
        "Minority Interests": -394000000.0,
        "Net Income Including Noncontrolling Interests": 2582000000.0,
        "Net Income Discontinuous Operations": 0.0,
        "Net Income Continuous Operations": 2582000000.0,
        "Tax Provision": 354000000.0,
        "Pretax Income": 2936000000.0,
        "Other Income Expense": -1198000000.0,
        "Other Non Operating Income Expenses": -946000000.0,
        "Special Income Charges": -589000000.0,
        "Write Off": 589000000.0,
        "Impairment Of Capital Assets": NaN,
        "Earnings From Equity Interest": 337000000.0,
        "Net Non Operating Interest Income Expense": -1726000000.0,
        "Interest Expense Non Operating": 1726000000.0,
        "Operating Income": 5860000000.0,
        "Operating Expense": 12251000000.0,
        "Depreciation Amortization Depletion Income Statement": 4766000000.0,
        "Depreciation And Amortization In Income Statement": 4766000000.0,
        "Selling General And Administration": 7485000000.0,
        "Gross Profit": 18111000000.0,
        "Cost Of Revenue": 13911000000.0,
        "Total Revenue": 32022000000.0,
        "Operating Revenue": 32022000000.0
    },
    "2024-03-31": {
        "Tax Effect Of Unusual Items": -36570000.0,
        "Tax Rate For Calcs": 0.23,
        "Normalized EBITDA": 11799000000.0,
        "Total Unusual Items": -159000000.0,
        "Total Unusual Items Excluding Goodwill": -159000000.0,
        "Net Income From Continuing Operation Net Minority Interest": 3445000000.0,
        "Reconciled Depreciation": 5047000000.0,
        "Reconciled Cost Of Revenue": 11954000000.0,
        "EBITDA": 11640000000.0,
        "EBIT": 6593000000.0,
        "Net Interest Income": -1724000000.0,
        "Interest Expense": 1724000000.0,
        "Normalized Income": 3567430000.0,
        "Net Income From Continuing And Discontinued Operation": 3445000000.0,
        "Total Expenses": 24022000000.0,
        "Total Operating Income As Reported": 5847000000.0,
        "Diluted Average Shares": 7193000000.0,
        "Basic Average Shares": 7192000000.0,
        "Diluted EPS": 0.47,
        "Basic EPS": 0.47,
        "Diluted NI Availto Com Stockholders": 3395000000.0,
        "Average Dilution Earnings": 0.0,
        "Net Income Common Stockholders": 3395000000.0,
        "Preferred Stock Dividends": 50000000.0,
        "Net Income": 3445000000.0,
        "Minority Interests": -306000000.0,
        "Net Income Including Noncontrolling Interests": 3751000000.0,
        "Net Income Discontinuous Operations": NaN,
        "Net Income Continuous Operations": 3751000000.0,
        "Tax Provision": 1118000000.0,
        "Pretax Income": 4869000000.0,
        "Other Income Expense": 587000000.0,
        "Other Non Operating Income Expenses": 451000000.0,
        "Special Income Charges": -159000000.0,
        "Write Off": 159000000.0,
        "Impairment Of Capital Assets": NaN,
        "Earnings From Equity Interest": 295000000.0,
        "Net Non Operating Interest Income Expense": -1724000000.0,
        "Interest Expense Non Operating": 1724000000.0,
        "Operating Income": 6006000000.0,
        "Operating Expense": 12068000000.0,
        "Depreciation Amortization Depletion Income Statement": 5047000000.0,
        "Depreciation And Amortization In Income Statement": 5047000000.0,
        "Selling General And Administration": 7021000000.0,
        "Gross Profit": 18074000000.0,
        "Cost Of Revenue": 11954000000.0,
        "Total Revenue": 30028000000.0,
        "Operating Revenue": 30028000000.0
    }
}