{
    "2023-03-31": {
        "Tax Effect Of Unusual Items": NaN,
        "Tax Rate For Calcs": NaN,
        "Normalized EBITDA": NaN,
        "Net Income From Continuing Operation Net Minority Interest": NaN,
        "Reconciled Depreciation": NaN,
        "Reconciled Cost Of Revenue": NaN,
        "EBITDA": NaN,
        "EBIT": NaN,
        "Net Interest Income": NaN,
        "Interest Income": NaN,
        "Normalized Income": NaN,
        "Net Income From Continuing And Discontinued Operation": NaN,
        "Total Expenses": NaN,
        "Total Operating Income As Reported": NaN,
        "Diluted Average Shares": 6034180.0,
        "Basic Average Shares": 5996180.0,
        "Diluted EPS": 0.13,
        "Basic EPS": 0.13,
        "Diluted NI Availto Com Stockholders": NaN,
        "Net Income Common Stockholders": NaN,
        "Net Income": NaN,
        "Net Income Including Noncontrolling Interests": NaN,
        "Net Income Continuous Operations": NaN,
        "Tax Provision": NaN,
        "Pretax Income": NaN,
        "Other Income Expense": NaN,
        "Other Non Operating Income Expenses": NaN,
        "Net Non Operating Interest Income Expense": NaN,
        "Interest Income Non Operating": NaN,
        "Operating Income": NaN,
        "Operating Expense": NaN,
        "Selling General And Administration": NaN,
        "Gross Profit": NaN,
        "Cost Of Revenue": NaN,
        "Total Revenue": NaN,
        "Operating Revenue": NaN
    },
    "2022-12-31": {
        "Tax Effect Of Unusual Items": 0.0,
        "Tax Rate For Calcs": 0.21,
        "Normalized EBITDA": 393000.0,
        "Net Income From Continuing Operation Net Minority Interest": 69000.0,
        "Reconciled Depreciation": 54000.0,
        "Reconciled Cost Of Revenue": 908000.0,
        "EBITDA": 393000.0,
        "EBIT": 339000.0,
        "Net Interest Income": 18000.0,
        "Interest Income": 18000.0,
        "Normalized Income": 69000.0,
        "Net Income From Continuing And Discontinued Operation": 69000.0,
        "Total Expenses": 1442000.0,
        "Total Operating Income As Reported": 339000.0,
        "Diluted Average Shares": NaN,
        "Basic Average Shares": NaN,
        "Diluted EPS": NaN,
        "Basic EPS": NaN,
        "Diluted NI Availto Com Stockholders": 69000.0,
        "Net Income Common Stockholders": 69000.0,
        "Net Income": 69000.0,
        "Net Income Including Noncontrolling Interests": 69000.0,
        "Net Income Continuous Operations": 69000.0,
        "Tax Provision": 328000.0,
        "Pretax Income": 397000.0,
        "Other Income Expense": 40000.0,
        "Other Non Operating Income Expenses": 40000.0,
        "Net Non Operating Interest Income Expense": 18000.0,
        "Interest Income Non Operating": 18000.0,
        "Operating Income": 339000.0,
        "Operating Expense": 534000.0,
        "Selling General And Administration": 534000.0,
        "Gross Profit": 873000.0,
        "Cost Of Revenue": 908000.0,
        "Total Revenue": 1781000.0,
        "Operating Revenue": 1781000.0
    },
    "2022-09-30": {
        "Tax Effect Of Unusual Items": NaN,
        "Tax Rate For Calcs": NaN,
        "Normalized EBITDA": NaN,
        "Net Income From Continuing Operation Net Minority Interest": NaN,
        "Reconciled Depreciation": NaN,
        "Reconciled Cost Of Revenue": NaN,
        "EBITDA": NaN,
        "EBIT": NaN,
        "Net Interest Income": NaN,
        "Interest Income": NaN,
        "Normalized Income": NaN,
        "Net Income From Continuing And Discontinued Operation": NaN,
        "Total Expenses": NaN,
        "Total Operating Income As Reported": NaN,
        "Diluted Average Shares": 6026180.0,
        "Basic Average Shares": 5996180.0,
        "Diluted EPS": 0.08,
        "Basic EPS": 0.08,
        "Diluted NI Availto Com Stockholders": NaN,
        "Net Income Common Stockholders": NaN,
        "Net Income": NaN,
        "Net Income Including Noncontrolling Interests": NaN,
        "Net Income Continuous Operations": NaN,
        "Tax Provision": NaN,
        "Pretax Income": NaN,
        "Other Income Expense": NaN,
        "Other Non Operating Income Expenses": NaN,
        "Net Non Operating Interest Income Expense": NaN,
        "Interest Income Non Operating": NaN,
        "Operating Income": NaN,
        "Operating Expense": NaN,
        "Selling General And Administration": NaN,
        "Gross Profit": NaN,
        "Cost Of Revenue": NaN,
        "Total Revenue": NaN,
        "Operating Revenue": NaN
    },
    "2022-06-30": {
        "Tax Effect Of Unusual Items": 0.0,
        "Tax Rate For Calcs": 0.061256,
        "Normalized EBITDA": 987000.0,
        "Net Income From Continuing Operation Net Minority Interest": 613000.0,
        "Reconciled Depreciation": 28000.0,
        "Reconciled Cost Of Revenue": 1300000.0,
        "EBITDA": 987000.0,
        "EBIT": 959000.0,
        "Net Interest Income": 4000.0,
        "Interest Income": 4000.0,
        "Normalized Income": 613000.0,
        "Net Income From Continuing And Discontinued Operation": 613000.0,
        "Total Expenses": 1831000.0,
        "Total Operating Income As Reported": 959000.0,
        "Diluted Average Shares": 5994180.0,
        "Basic Average Shares": 5936180.0,
        "Diluted EPS": 0.1,
        "Basic EPS": 0.1,
        "Diluted NI Availto Com Stockholders": 613000.0,
        "Net Income Common Stockholders": 613000.0,
        "Net Income": 613000.0,
        "Net Income Including Noncontrolling Interests": 613000.0,
        "Net Income Continuous Operations": 613000.0,
        "Tax Provision": 40000.0,
        "Pretax Income": 653000.0,
        "Other Income Expense": -310000.0,
        "Other Non Operating Income Expenses": -310000.0,
        "Net Non Operating Interest Income Expense": 4000.0,
        "Interest Income Non Operating": 4000.0,
        "Operating Income": 959000.0,
        "Operating Expense": 531000.0,
        "Selling General And Administration": 531000.0,
        "Gross Profit": 1490000.0,
        "Cost Of Revenue": 1300000.0,
        "Total Revenue": 2790000.0,
        "Operating Revenue": 2790000.0
    },
    "2022-03-31": {
        "Diluted EPS": 0.34,
        "Total Revenue": 2,
        "Gross Profit": 1,
        "Operating Income": 0,
        "EBIT": 0,
        "Net Income": 2
    },
    "2021-12-31": {
        "Diluted EPS": 0.07,
        "Total Revenue": 2,
        "Gross Profit": 1,
        "Operating Income": 1,
        "EBIT": 1,
        "Net Income": 0
    },
    "2021-09-30": {
        "Diluted EPS": 0.11,
        "Total Revenue": 2,
        "Gross Profit": 1,
        "Operating Income": 1,
        "EBIT": 1,
        "Net Income": 1
    },
    "2021-06-30": {
        "Diluted EPS": 0.1,
        "Total Revenue": 2,
        "Gross Profit": 1,
        "Operating Income": 0,
        "EBIT": 0,
        "Net Income": 1
    },
    "2021-03-31": {
        "Diluted EPS": 0.06,
        "Total Revenue": 2,
        "Gross Profit": 1,
        "Operating Income": 0,
        "EBIT": 0,
        "Net Income": 0
    },
    "2020-12-31": {
        "Diluted EPS": 0.11,
        "Total Revenue": 2,
        "Gross Profit": 1,
        "Operating Income": 0,
        "EBIT": 1,
        "Net Income": 1
    },
    "2020-09-30": {
        "Diluted EPS": 0.08,
        "Total Revenue": 2,
        "Gross Profit": 1,
        "Operating Income": 0,
        "EBIT": 0,
        "Net Income": 0
    },
    "2020-06-30": {
        "Diluted EPS": 0.02,
        "Total Revenue": 1,
        "Gross Profit": 1,
        "Operating Income": 0,
        "EBIT": 0,
        "Net Income": 0
    },
    "2020-03-31": {
        "Diluted EPS": 0.02,
        "Total Revenue": 1,
        "Gross Profit": 1,
        "Operating Income": 0,
        "EBIT": 0,
        "Net Income": 0
    },
    "2019-12-31": {
        "Diluted EPS": -0.01,
        "Total Revenue": 2,
        "Gross Profit": 1,
        "Operating Income": 0,
        "EBIT": 0,
        "Net Income": 0
    },
    "2019-09-30": {
        "Diluted EPS": 0.08,
        "Total Revenue": 2,
        "Gross Profit": 1,
        "Operating Income": 0,
        "EBIT": 0,
        "Net Income": 0
    },
    "2019-06-30": {
        "Diluted EPS": 0.04,
        "Total Revenue": 2,
        "Gross Profit": 1,
        "Operating Income": 0,
        "EBIT": 0,
        "Net Income": 0
    },
    "2019-03-31": {
        "Diluted EPS": 0.03,
        "Total Revenue": 1,
        "Gross Profit": 1,
        "Operating Income": 0,
        "EBIT": 0,
        "Net Income": 0
    },
    "2018-12-31": {
        "Diluted EPS": 0.11,
        "Total Revenue": 3,
        "Gross Profit": 1,
        "Operating Income": 1,
        "EBIT": 1,
        "Net Income": 1
    },
    "2018-09-30": {
        "Diluted EPS": 0.05,
        "Total Revenue": 2,
        "Gross Profit": 1,
        "Operating Income": 0,
        "EBIT": 0,
        "Net Income": 0
    },
    "2018-06-30": {
        "Diluted EPS": 0.07,
        "Total Revenue": 2,
        "Gross Profit": 1,
        "Operating Income": 0,
        "EBIT": 0,
        "Net Income": 0
    },
    "2018-03-31": {
        "Diluted EPS": 0.01,
        "Total Revenue": 2,
        "Gross Profit": 1,
        "Operating Income": 0,
        "EBIT": 0,
        "Net Income": 0
    },
    "2017-12-31": {
        "Diluted EPS": -0.01,
        "Total Revenue": 2,
        "Gross Profit": 1,
        "Operating Income": 0,
        "EBIT": 0,
        "Net Income": 0
    },
    "2017-09-30": {
        "Diluted EPS": 0.04,
        "Total Revenue": 2,
        "Gross Profit": 1,
        "Operating Income": 0,
        "EBIT": 0,
        "Net Income": 0
    },
    "2017-06-30": {
        "Diluted EPS": 0.04,
        "Total Revenue": 2,
        "Gross Profit": 1,
        "Operating Income": 0,
        "EBIT": 0,
        "Net Income": 0
    },
    "2017-03-31": {
        "Diluted EPS": 0.05,
        "Total Revenue": 2,
        "Gross Profit": 1,
        "Operating Income": 0,
        "EBIT": 0,
        "Net Income": 0
    },
    "2016-12-31": {
        "Diluted EPS": -0.57,
        "Total Revenue": 2,
        "Gross Profit": -3,
        "Operating Income": -3,
        "EBIT": -3,
        "Net Income": -3
    },
    "2016-09-30": {
        "Diluted EPS": 0.01,
        "Total Revenue": 2,
        "Gross Profit": 1,
        "Operating Income": 0,
        "EBIT": 0,
        "Net Income": 0
    },
    "2016-06-30": {
        "Diluted EPS": 0.01,
        "Total Revenue": 2,
        "Gross Profit": 1,
        "Operating Income": 0,
        "EBIT": 0,
        "Net Income": 0
    },
    "2016-03-31": {
        "Diluted EPS": -0.01,
        "Total Revenue": 2,
        "Gross Profit": 1,
        "Operating Income": 0,
        "EBIT": 0,
        "Net Income": 0
    },
    "2015-12-31": {
        "Diluted EPS": -0.03,
        "Total Revenue": 1,
        "Gross Profit": 0,
        "Operating Income": 0,
        "EBIT": 0,
        "Net Income": 0
    },
    "2015-09-30": {
        "Diluted EPS": -0.01,
        "Total Revenue": 2,
        "Gross Profit": 1,
        "Operating Income": 0,
        "EBIT": 0,
        "Net Income": 0
    },
    "2015-06-30": {
        "Diluted EPS": -0.01,
        "Total Revenue": 2,
        "Gross Profit": 0,
        "Operating Income": 0,
        "EBIT": 0,
        "Net Income": 0
    },
    "2015-03-31": {
        "Diluted EPS": -0.06,
        "Total Revenue": 1,
        "Gross Profit": 0,
        "Operating Income": 0,
        "EBIT": 0,
        "Net Income": 0
    },
    "2014-12-31": {
        "Diluted EPS": -0.1,
        "Total Revenue": 1,
        "Gross Profit": 0,
        "Operating Income": 0,
        "EBIT": 0,
        "Net Income": -1
    },
    "2014-09-30": {
        "Diluted EPS": -0.03,
        "Total Revenue": 2,
        "Gross Profit": 0,
        "Operating Income": 0,
        "EBIT": 0,
        "Net Income": 0
    },
    "2014-06-30": {
        "Diluted EPS": -0.03,
        "Total Revenue": 2,
        "Gross Profit": 0,
        "Operating Income": 0,
        "EBIT": 0,
        "Net Income": 0
    },
    "2014-03-31": {
        "Diluted EPS": -0.05,
        "Total Revenue": 1,
        "Gross Profit": 0,
        "Operating Income": 0,
        "EBIT": 0,
        "Net Income": 0
    },
    "2013-12-31": {
        "Diluted EPS": -0.06,
        "Total Revenue": 1,
        "Gross Profit": 0,
        "Operating Income": 0,
        "EBIT": 0,
        "Net Income": 0
    },
    "2013-09-30": {
        "Diluted EPS": -0.03,
        "Total Revenue": 2,
        "Gross Profit": 0,
        "Operating Income": 0,
        "EBIT": 0,
        "Net Income": 0
    },
    "2013-06-30": {
        "Diluted EPS": -0.04,
        "Total Revenue": 2,
        "Gross Profit": 0,
        "Operating Income": 0,
        "EBIT": 0,
        "Net Income": 0
    },
    "2013-03-31": {
        "Diluted EPS": -0.04,
        "Total Revenue": 2,
        "Gross Profit": 0,
        "Operating Income": 0,
        "EBIT": 0,
        "Net Income": 0
    },
    "2012-12-31": {
        "Diluted EPS": 0.0,
        "Total Revenue": 2,
        "Gross Profit": 1,
        "Operating Income": 0,
        "EBIT": 0,
        "Net Income": 0
    },
    "2012-09-30": {
        "Diluted EPS": -0.03,
        "Total Revenue": 2,
        "Gross Profit": 0,
        "Operating Income": 0,
        "EBIT": 0,
        "Net Income": 0
    },
    "2012-06-30": {
        "Diluted EPS": -0.06,
        "Total Revenue": 1,
        "Gross Profit": 0,
        "Operating Income": 0,
        "EBIT": 0,
        "Net Income": 0
    },
    "2012-03-31": {
        "Diluted EPS": -0.05,
        "Total Revenue": 2,
        "Gross Profit": 0,
        "Operating Income": 0,
        "EBIT": 0,
        "Net Income": 0
    },
    "2011-12-31": {
        "Diluted EPS": -0.02,
        "Total Revenue": 2,
        "Gross Profit": 0,
        "Operating Income": 0,
        "EBIT": 0,
        "Net Income": 0
    },
    "2011-09-30": {
        "Diluted EPS": -0.03,
        "Total Revenue": 2,
        "Gross Profit": 0,
        "Operating Income": 0,
        "EBIT": 0,
        "Net Income": 0
    },
    "2011-06-30": {
        "Diluted EPS": 0.0,
        "Total Revenue": 2,
        "Gross Profit": 1,
        "Operating Income": 0,
        "EBIT": 0,
        "Net Income": 0
    },
    "2011-03-31": {
        "Diluted EPS": -0.06,
        "Total Revenue": 2,
        "Gross Profit": 0,
        "Operating Income": 0,
        "EBIT": 0,
        "Net Income": 0
    },
    "2010-12-31": {
        "Diluted EPS": -0.03,
        "Total Revenue": 2,
        "Gross Profit": 1,
        "Operating Income": 0,
        "EBIT": 0,
        "Net Income": 0
    },
    "2010-09-30": {
        "Diluted EPS": -0.01,
        "Total Revenue": 2,
        "Gross Profit": 1,
        "Operating Income": 0,
        "EBIT": 0,
        "Net Income": 0
    },
    "2010-06-30": {
        "Diluted EPS": -0.01,
        "Total Revenue": 2,
        "Gross Profit": 1,
        "Operating Income": 0,
        "EBIT": 0,
        "Net Income": 0
    },
    "2010-03-31": {
        "Diluted EPS": -0.02,
        "Total Revenue": 2,
        "Gross Profit": 0,
        "Operating Income": 0,
        "EBIT": 0,
        "Net Income": 0
    },
    "2009-12-31": {
        "Diluted EPS": -0.02,
        "Total Revenue": 1,
        "Gross Profit": 0,
        "Operating Income": 0,
        "EBIT": 0,
        "Net Income": 0
    },
    "2009-09-30": {
        "Diluted EPS": -0.03,
        "Total Revenue": 2,
        "Gross Profit": 0,
        "Operating Income": 0,
        "EBIT": 0,
        "Net Income": 0
    },
    "2009-06-30": {
        "Diluted EPS": -0.06,
        "Total Revenue": 1,
        "Gross Profit": 0,
        "Operating Income": 0,
        "EBIT": 0,
        "Net Income": 0
    },
    "2009-03-31": {
        "Diluted EPS": -0.06,
        "Total Revenue": 1,
        "Gross Profit": 0,
        "Operating Income": 0,
        "EBIT": 0,
        "Net Income": 0
    },
    "2023-06-30": {
        "Tax Effect Of Unusual Items": NaN,
        "Tax Rate For Calcs": NaN,
        "Normalized EBITDA": NaN,
        "Net Income From Continuing Operation Net Minority Interest": NaN,
        "Reconciled Depreciation": NaN,
        "Reconciled Cost Of Revenue": NaN,
        "EBITDA": NaN,
        "EBIT": NaN,
        "Net Interest Income": NaN,
        "Interest Income": NaN,
        "Normalized Income": NaN,
        "Net Income From Continuing And Discontinued Operation": NaN,
        "Total Expenses": NaN,
        "Total Operating Income As Reported": NaN,
        "Diluted Average Shares": 6033180.0,
        "Basic Average Shares": 5996180.0,
        "Diluted EPS": 0.09,
        "Basic EPS": 0.09,
        "Diluted NI Availto Com Stockholders": NaN,
        "Net Income Common Stockholders": NaN,
        "Net Income": NaN,
        "Net Income Including Noncontrolling Interests": NaN,
        "Net Income Continuous Operations": NaN,
        "Tax Provision": NaN,
        "Pretax Income": NaN,
        "Other Income Expense": NaN,
        "Other Non Operating Income Expenses": NaN,
        "Net Non Operating Interest Income Expense": NaN,
        "Interest Income Non Operating": NaN,
        "Operating Income": NaN,
        "Operating Expense": NaN,
        "Selling General And Administration": NaN,
        "Gross Profit": NaN,
        "Cost Of Revenue": NaN,
        "Total Revenue": NaN,
        "Operating Revenue": NaN
    },
    "2023-09-30": {
        "Tax Effect Of Unusual Items": 0.0,
        "Tax Rate For Calcs": 0.131078,
        "Normalized EBITDA": 421000.0,
        "Net Income From Continuing Operation Net Minority Interest": 411000.0,
        "Reconciled Depreciation": 33000.0,
        "Reconciled Cost Of Revenue": 645000.0,
        "EBITDA": 421000.0,
        "EBIT": 388000.0,
        "Net Interest Income": 72000.0,
        "Interest Income": 72000.0,
        "Normalized Income": 411000.0,
        "Net Income From Continuing And Discontinued Operation": 411000.0,
        "Total Expenses": 1175000.0,
        "Total Operating Income As Reported": 388000.0,
        "Diluted Average Shares": 6035847.0,
        "Basic Average Shares": 6007847.0,
        "Diluted EPS": 0.07,
        "Basic EPS": 0.07,
        "Diluted NI Availto Com Stockholders": 411000.0,
        "Net Income Common Stockholders": 411000.0,
        "Net Income": 411000.0,
        "Net Income Including Noncontrolling Interests": 411000.0,
        "Net Income Continuous Operations": 411000.0,
        "Tax Provision": 62000.0,
        "Pretax Income": 473000.0,
        "Other Income Expense": 13000.0,
        "Other Non Operating Income Expenses": 13000.0,
        "Net Non Operating Interest Income Expense": 72000.0,
        "Interest Income Non Operating": 72000.0,
        "Operating Income": 388000.0,
        "Operating Expense": 530000.0,
        "Selling General And Administration": 530000.0,
        "Gross Profit": 918000.0,
        "Cost Of Revenue": 645000.0,
        "Total Revenue": 1563000.0,
        "Operating Revenue": 1563000.0
    },
    "2023-12-31": {
        "Tax Effect Of Unusual Items": 0.0,
        "Tax Rate For Calcs": 0.21,
        "Normalized EBITDA": 44000.0,
        "Net Income From Continuing Operation Net Minority Interest": 141000.0,
        "Reconciled Depreciation": 58000.0,
        "Reconciled Cost Of Revenue": 438000.0,
        "EBITDA": 44000.0,
        "EBIT": -14000.0,
        "Net Interest Income": 82000.0,
        "Interest Income": 82000.0,
        "Normalized Income": 141000.0,
        "Net Income From Continuing And Discontinued Operation": 141000.0,
        "Total Expenses": 983000.0,
        "Total Operating Income As Reported": -14000.0,
        "Diluted Average Shares": NaN,
        "Basic Average Shares": NaN,
        "Diluted EPS": NaN,
        "Basic EPS": NaN,
        "Diluted NI Availto Com Stockholders": 141000.0,
        "Net Income Common Stockholders": 141000.0,
        "Net Income": 141000.0,
        "Net Income Including Noncontrolling Interests": 141000.0,
        "Net Income Continuous Operations": 141000.0,
        "Tax Provision": 269000.0,
        "Pretax Income": 410000.0,
        "Other Income Expense": 342000.0,
        "Other Non Operating Income Expenses": 342000.0,
        "Net Non Operating Interest Income Expense": 82000.0,
        "Interest Income Non Operating": 82000.0,
        "Operating Income": -14000.0,
        "Operating Expense": 545000.0,
        "Selling General And Administration": 545000.0,
        "Gross Profit": 531000.0,
        "Cost Of Revenue": 438000.0,
        "Total Revenue": 969000.0,
        "Operating Revenue": 969000.0
    },
    "2024-03-31": {
        "Tax Effect Of Unusual Items": 0.0,
        "Tax Rate For Calcs": 0.014286,
        "Normalized EBITDA": -41000.0,
        "Net Income From Continuing Operation Net Minority Interest": 552000.0,
        "Reconciled Depreciation": 33000.0,
        "Reconciled Cost Of Revenue": 467000.0,
        "EBITDA": -41000.0,
        "EBIT": -74000.0,
        "Net Interest Income": 78000.0,
        "Interest Income": 78000.0,
        "Normalized Income": 552000.0,
        "Net Income From Continuing And Discontinued Operation": 552000.0,
        "Total Expenses": 1037000.0,
        "Total Operating Income As Reported": -74000.0,
        "Diluted Average Shares": 6031180.0,
        "Basic Average Shares": 6021180.0,
        "Diluted EPS": 0.09,
        "Basic EPS": 0.09,
        "Diluted NI Availto Com Stockholders": 552000.0,
        "Net Income Common Stockholders": 552000.0,
        "Net Income": 552000.0,
        "Net Income Including Noncontrolling Interests": 552000.0,
        "Net Income Continuous Operations": 552000.0,
        "Tax Provision": 8000.0,
        "Pretax Income": 560000.0,
        "Other Income Expense": 556000.0,
        "Other Non Operating Income Expenses": 556000.0,
        "Net Non Operating Interest Income Expense": 78000.0,
        "Interest Income Non Operating": 78000.0,
        "Operating Income": -74000.0,
        "Operating Expense": 570000.0,
        "Selling General And Administration": 570000.0,
        "Gross Profit": 496000.0,
        "Cost Of Revenue": 467000.0,
        "Total Revenue": 963000.0,
        "Operating Revenue": 963000.0
    },
    "2024-06-30": {
        "Tax Effect Of Unusual Items": 0.0,
        "Tax Rate For Calcs": 0.016949,
        "Normalized EBITDA": 122000.0,
        "Net Income From Continuing Operation Net Minority Interest": 406000.0,
        "Reconciled Depreciation": 43000.0,
        "Reconciled Cost Of Revenue": 562000.0,
        "EBITDA": 122000.0,
        "EBIT": 79000.0,
        "Net Interest Income": 77000.0,
        "Interest Income": 77000.0,
        "Normalized Income": 406000.0,
        "Net Income From Continuing And Discontinued Operation": 406000.0,
        "Total Expenses": 1145000.0,
        "Total Operating Income As Reported": 79000.0,
        "Diluted Average Shares": 6022180.0,
        "Basic Average Shares": 6022180.0,
        "Diluted EPS": 0.07,
        "Basic EPS": 0.07,
        "Diluted NI Availto Com Stockholders": 406000.0,
        "Net Income Common Stockholders": 406000.0,
        "Net Income": 406000.0,
        "Net Income Including Noncontrolling Interests": 406000.0,
        "Net Income Continuous Operations": 406000.0,
        "Tax Provision": 7000.0,
        "Pretax Income": 413000.0,
        "Other Income Expense": 257000.0,
        "Other Non Operating Income Expenses": 257000.0,
        "Net Non Operating Interest Income Expense": 77000.0,
        "Interest Income Non Operating": 77000.0,
        "Operating Income": 79000.0,
        "Operating Expense": 583000.0,
        "Selling General And Administration": 583000.0,
        "Gross Profit": 662000.0,
        "Cost Of Revenue": 562000.0,
        "Total Revenue": 1224000.0,
        "Operating Revenue": 1224000.0
    },
    "2024-09-30": {
        "Tax Effect Of Unusual Items": 0.0,
        "Tax Rate For Calcs": 0.031621,
        "Normalized EBITDA": 79000.0,
        "Net Income From Continuing Operation Net Minority Interest": 245000.0,
        "Reconciled Depreciation": 57000.0,
        "Reconciled Cost Of Revenue": 635000.0,
        "EBITDA": 79000.0,
        "EBIT": 22000.0,
        "Net Interest Income": 68000.0,
        "Interest Income": 68000.0,
        "Normalized Income": 245000.0,
        "Net Income From Continuing And Discontinued Operation": 245000.0,
        "Total Expenses": 1165000.0,
        "Total Operating Income As Reported": 22000.0,
        "Diluted Average Shares": 6021180.0,
        "Basic Average Shares": 6021180.0,
        "Diluted EPS": 0.04,
        "Basic EPS": 0.04,
        "Diluted NI Availto Com Stockholders": 245000.0,
        "Net Income Common Stockholders": 245000.0,
        "Net Income": 245000.0,
        "Net Income Including Noncontrolling Interests": 245000.0,
        "Net Income Continuous Operations": 245000.0,
        "Tax Provision": 8000.0,
        "Pretax Income": 253000.0,
        "Other Income Expense": 163000.0,
        "Other Non Operating Income Expenses": 163000.0,
        "Net Non Operating Interest Income Expense": 68000.0,
        "Interest Income Non Operating": 68000.0,
        "Operating Income": 22000.0,
        "Operating Expense": 530000.0,
        "Selling General And Administration": 530000.0,
        "Gross Profit": 552000.0,
        "Cost Of Revenue": 635000.0,
        "Total Revenue": 1187000.0,
        "Operating Revenue": 1187000.0
    }
}