{
    "2023-06-30": {
        "Tax Effect Of Unusual Items": 0.0,
        "Tax Rate For Calcs": 0.337895,
        "Normalized EBITDA": 366109000000.0,
        "Net Income From Continuing Operation Net Minority Interest": 89395000000.0,
        "Reconciled Depreciation": 171501000000.0,
        "Reconciled Cost Of Revenue": 279036000000.0,
        "EBITDA": 366109000000.0,
        "EBIT": 194608000000.0,
        "Net Interest Income": -33120000000.0,
        "Interest Expense": 59575000000.0,
        "Interest Income": 26455000000.0,
        "Normalized Income": 89395000000.0,
        "Net Income From Continuing And Discontinued Operation": 89395000000.0,
        "Total Expenses": 890047000000.0,
        "Total Operating Income As Reported": 168571000000.0,
        "Diluted Average Shares": 3130077031.0,
        "Basic Average Shares": 3108838906.0,
        "Diluted EPS": 28.56,
        "Basic EPS": 28.755,
        "Diluted NI Availto Com Stockholders": 89395000000.0,
        "Net Income Common Stockholders": 89395000000.0,
        "Net Income": 89395000000.0,
        "Minority Interests": -11000000.0,
        "Net Income Including Noncontrolling Interests": 89406000000.0,
        "Net Income Continuous Operations": 89406000000.0,
        "Tax Provision": 45627000000.0,
        "Pretax Income": 135033000000.0,
        "Other Income Expense": -418000000.0,
        "Earnings From Equity Interest": -418000000.0,
        "Net Non Operating Interest Income Expense": -33120000000.0,
        "Interest Expense Non Operating": 59575000000.0,
        "Interest Income Non Operating": 26455000000.0,
        "Operating Income": 168571000000.0,
        "Operating Expense": 568933000000.0,
        "Other Operating Expenses": 28656000000.0,
        "Depreciation Amortization Depletion Income Statement": 129423000000.0,
        "Depreciation And Amortization In Income Statement": 129423000000.0,
        "Amortization": 129423000000.0,
        "Amortization Of Intangibles Income Statement": 129423000000.0,
        "Research And Development": 162741000000.0,
        "Selling General And Administration": 248113000000.0,
        "Gross Profit": 737504000000.0,
        "Cost Of Revenue": 321114000000.0,
        "Total Revenue": 1058618000000.0,
        "Operating Revenue": 1058618000000.0
    },
    "2023-03-31": {
        "Tax Effect Of Unusual Items": 0.0,
        "Tax Rate For Calcs": 0.350183,
        "Normalized EBITDA": 199533000000.0,
        "Net Income From Continuing Operation Net Minority Interest": 31134000000.0,
        "Reconciled Depreciation": 161410000000.0,
        "Reconciled Cost Of Revenue": 281586000000.0,
        "EBITDA": 199533000000.0,
        "EBIT": 38123000000.0,
        "Net Interest Income": -64006000000.0,
        "Interest Expense": -9792000000.0,
        "Interest Income": -49622000000.0,
        "Normalized Income": 31134000000.0,
        "Net Income From Continuing And Discontinued Operation": 31134000000.0,
        "Total Expenses": 804992000000.0,
        "Total Operating Income As Reported": 88562000000.0,
        "Diluted Average Shares": NaN,
        "Basic Average Shares": NaN,
        "Diluted EPS": NaN,
        "Basic EPS": NaN,
        "Diluted NI Availto Com Stockholders": 31134000000.0,
        "Net Income Common Stockholders": 31134000000.0,
        "Net Income": 31134000000.0,
        "Minority Interests": -2000000.0,
        "Net Income Including Noncontrolling Interests": 31135000000.0,
        "Net Income Continuous Operations": 31136000000.0,
        "Tax Provision": 16779000000.0,
        "Pretax Income": 47915000000.0,
        "Other Income Expense": -39241000000.0,
        "Earnings From Equity Interest": 16919000000.0,
        "Net Non Operating Interest Income Expense": -64006000000.0,
        "Interest Expense Non Operating": -9792000000.0,
        "Interest Income Non Operating": -49622000000.0,
        "Operating Income": 151164000000.0,
        "Operating Expense": 495220000000.0,
        "Other Operating Expenses": -53744000000.0,
        "Depreciation Amortization Depletion Income Statement": 133224000000.0,
        "Depreciation And Amortization In Income Statement": 133224000000.0,
        "Amortization": 133224000000.0,
        "Amortization Of Intangibles Income Statement": 133224000000.0,
        "Research And Development": 160944000000.0,
        "Selling General And Administration": 254796000000.0,
        "Gross Profit": 646384000000.0,
        "Cost Of Revenue": 309772000000.0,
        "Total Revenue": 956156000000.0,
        "Operating Revenue": 956156000000.0
    },
    "2022-12-31": {
        "Tax Effect Of Unusual Items": NaN,
        "Tax Rate For Calcs": NaN,
        "Normalized EBITDA": NaN,
        "Net Income From Continuing Operation Net Minority Interest": NaN,
        "Reconciled Depreciation": NaN,
        "Reconciled Cost Of Revenue": NaN,
        "EBITDA": NaN,
        "EBIT": NaN,
        "Net Interest Income": NaN,
        "Interest Expense": NaN,
        "Interest Income": NaN,
        "Normalized Income": NaN,
        "Net Income From Continuing And Discontinued Operation": NaN,
        "Total Expenses": NaN,
        "Total Operating Income As Reported": NaN,
        "Diluted Average Shares": 3140832000.0,
        "Basic Average Shares": 3109048000.0,
        "Diluted EPS": 37.93,
        "Basic EPS": 38.315,
        "Diluted NI Availto Com Stockholders": NaN,
        "Net Income Common Stockholders": NaN,
        "Net Income": NaN,
        "Minority Interests": NaN,
        "Net Income Including Noncontrolling Interests": NaN,
        "Net Income Continuous Operations": NaN,
        "Tax Provision": NaN,
        "Pretax Income": NaN,
        "Other Income Expense": NaN,
        "Earnings From Equity Interest": NaN,
        "Net Non Operating Interest Income Expense": NaN,
        "Interest Expense Non Operating": NaN,
        "Interest Income Non Operating": NaN,
        "Operating Income": NaN,
        "Operating Expense": NaN,
        "Other Operating Expenses": NaN,
        "Depreciation Amortization Depletion Income Statement": NaN,
        "Depreciation And Amortization In Income Statement": NaN,
        "Amortization": NaN,
        "Amortization Of Intangibles Income Statement": NaN,
        "Research And Development": NaN,
        "Selling General And Administration": NaN,
        "Gross Profit": NaN,
        "Cost Of Revenue": NaN,
        "Total Revenue": NaN,
        "Operating Revenue": NaN
    },
    "2022-09-30": {
        "Tax Effect Of Unusual Items": NaN,
        "Tax Rate For Calcs": NaN,
        "Normalized EBITDA": NaN,
        "Net Income From Continuing Operation Net Minority Interest": NaN,
        "Reconciled Depreciation": NaN,
        "Reconciled Cost Of Revenue": NaN,
        "EBITDA": NaN,
        "EBIT": NaN,
        "Net Interest Income": NaN,
        "Interest Expense": NaN,
        "Interest Income": NaN,
        "Normalized Income": NaN,
        "Net Income From Continuing And Discontinued Operation": NaN,
        "Total Expenses": NaN,
        "Total Operating Income As Reported": NaN,
        "Diluted Average Shares": 3127466000.0,
        "Basic Average Shares": 3104814000.0,
        "Diluted EPS": 19.74,
        "Basic EPS": 19.885,
        "Diluted NI Availto Com Stockholders": NaN,
        "Net Income Common Stockholders": NaN,
        "Net Income": NaN,
        "Minority Interests": NaN,
        "Net Income Including Noncontrolling Interests": NaN,
        "Net Income Continuous Operations": NaN,
        "Tax Provision": NaN,
        "Pretax Income": NaN,
        "Other Income Expense": NaN,
        "Earnings From Equity Interest": NaN,
        "Net Non Operating Interest Income Expense": NaN,
        "Interest Expense Non Operating": NaN,
        "Interest Income Non Operating": NaN,
        "Operating Income": NaN,
        "Operating Expense": NaN,
        "Other Operating Expenses": NaN,
        "Depreciation Amortization Depletion Income Statement": NaN,
        "Depreciation And Amortization In Income Statement": NaN,
        "Amortization": NaN,
        "Amortization Of Intangibles Income Statement": NaN,
        "Research And Development": NaN,
        "Selling General And Administration": NaN,
        "Gross Profit": NaN,
        "Cost Of Revenue": NaN,
        "Total Revenue": NaN,
        "Operating Revenue": NaN
    },
    "2022-06-30": {
        "Tax Effect Of Unusual Items": 0.0,
        "Tax Rate For Calcs": 0.324507,
        "Normalized EBITDA": 369225000000.0,
        "Net Income From Continuing Operation Net Minority Interest": 105014000000.0,
        "Reconciled Depreciation": 158283000000.0,
        "Reconciled Cost Of Revenue": 265876000000.0,
        "EBITDA": 369225000000.0,
        "EBIT": 210942000000.0,
        "Net Interest Income": 5456000000.0,
        "Interest Expense": 55469000000.0,
        "Interest Income": 60925000000.0,
        "Normalized Income": 105014000000.0,
        "Net Income From Continuing And Discontinued Operation": 105014000000.0,
        "Total Expenses": 821949000000.0,
        "Total Operating Income As Reported": 150515000000.0,
        "Diluted Average Shares": 3108762581.0,
        "Basic Average Shares": 3091411242.0,
        "Diluted EPS": 33.78,
        "Basic EPS": 33.97,
        "Diluted NI Availto Com Stockholders": 105014000000.0,
        "Net Income Common Stockholders": 105014000000.0,
        "Net Income": 105014000000.0,
        "Minority Interests": -7000000.0,
        "Net Income Including Noncontrolling Interests": 105021000000.0,
        "Net Income Continuous Operations": 105021000000.0,
        "Tax Provision": 50452000000.0,
        "Pretax Income": 155473000000.0,
        "Other Income Expense": -497000000.0,
        "Earnings From Equity Interest": -497000000.0,
        "Net Non Operating Interest Income Expense": 5456000000.0,
        "Interest Expense Non Operating": 55469000000.0,
        "Interest Income Non Operating": 60925000000.0,
        "Operating Income": 150516000000.0,
        "Operating Expense": 529067000000.0,
        "Other Operating Expenses": 22703000000.0,
        "Depreciation Amortization Depletion Income Statement": 131277000000.0,
        "Depreciation And Amortization In Income Statement": 131277000000.0,
        "Amortization": 131277000000.0,
        "Amortization Of Intangibles Income Statement": 131277000000.0,
        "Research And Development": 143607000000.0,
        "Selling General And Administration": 231480000000.0,
        "Gross Profit": 679583000000.0,
        "Cost Of Revenue": 292882000000.0,
        "Total Revenue": 972465000000.0,
        "Operating Revenue": 972465000000.0
    },
    "2022-03-31": {
        "Diluted EPS": -0.23,
        "Total Revenue": NaN,
        "Gross Profit": NaN,
        "Operating Income": -72,
        "EBIT": NaN,
        "Net Income": -703
    },
    "2021-12-31": {
        "Diluted EPS": 0.16,
        "Total Revenue": NaN,
        "Gross Profit": NaN,
        "Operating Income": NaN,
        "EBIT": NaN,
        "Net Income": 508
    },
    "2021-09-30": {
        "Diluted EPS": 0.13,
        "Total Revenue": NaN,
        "Gross Profit": NaN,
        "Operating Income": 887,
        "EBIT": NaN,
        "Net Income": 418
    },
    "2021-06-30": {
        "Diluted EPS": 0.58,
        "Total Revenue": NaN,
        "Gross Profit": NaN,
        "Operating Income": NaN,
        "EBIT": NaN,
        "Net Income": NaN
    },
    "2021-03-31": {
        "Diluted EPS": 0.58,
        "Total Revenue": NaN,
        "Gross Profit": NaN,
        "Operating Income": NaN,
        "EBIT": NaN,
        "Net Income": NaN
    },
    "2020-12-31": {
        "Diluted EPS": 0.28,
        "Total Revenue": NaN,
        "Gross Profit": NaN,
        "Operating Income": NaN,
        "EBIT": NaN,
        "Net Income": 887
    },
    "2020-09-30": {
        "Diluted EPS": 0.01,
        "Total Revenue": NaN,
        "Gross Profit": NaN,
        "Operating Income": 454,
        "EBIT": NaN,
        "Net Income": 38
    },
    "2020-06-30": {
        "Diluted EPS": 0.25,
        "Total Revenue": NaN,
        "Gross Profit": NaN,
        "Operating Income": NaN,
        "EBIT": NaN,
        "Net Income": 767
    },
    "2020-03-31": {
        "Diluted EPS": 0.13,
        "Total Revenue": NaN,
        "Gross Profit": NaN,
        "Operating Income": -34,
        "EBIT": NaN,
        "Net Income": 391
    },
    "2019-12-31": {
        "Diluted EPS": -0.1,
        "Total Revenue": NaN,
        "Gross Profit": NaN,
        "Operating Income": 492,
        "EBIT": NaN,
        "Net Income": -296
    },
    "2019-09-30": {
        "Diluted EPS": 0.16,
        "Total Revenue": NaN,
        "Gross Profit": NaN,
        "Operating Income": 376,
        "EBIT": NaN,
        "Net Income": 501
    },
    "2019-06-30": {
        "Diluted EPS": -0.06,
        "Total Revenue": NaN,
        "Gross Profit": NaN,
        "Operating Income": 90,
        "EBIT": NaN,
        "Net Income": -188
    },
    "2018-12-31": {
        "Diluted EPS": 0.21,
        "Total Revenue": NaN,
        "Gross Profit": NaN,
        "Operating Income": NaN,
        "EBIT": NaN,
        "Net Income": 336
    },
    "2018-06-30": {
        "Diluted EPS": 0.46,
        "Total Revenue": NaN,
        "Gross Profit": NaN,
        "Operating Income": 910,
        "EBIT": 910,
        "Net Income": 720
    },
    "2017-06-30": {
        "Diluted EPS": 0.84,
        "Total Revenue": NaN,
        "Gross Profit": NaN,
        "Operating Income": NaN,
        "EBIT": NaN,
        "Net Income": NaN
    },
    "2016-06-30": {
        "Diluted EPS": 0.59,
        "Total Revenue": NaN,
        "Gross Profit": NaN,
        "Operating Income": NaN,
        "EBIT": NaN,
        "Net Income": 926
    },
    "2015-06-30": {
        "Diluted EPS": 0.13,
        "Total Revenue": NaN,
        "Gross Profit": NaN,
        "Operating Income": 406,
        "EBIT": 406,
        "Net Income": 202
    },
    "2015-03-31": {
        "Diluted EPS": -1.2,
        "Total Revenue": NaN,
        "Gross Profit": NaN,
        "Operating Income": NaN,
        "EBIT": NaN,
        "Net Income": NaN
    },
    "2014-12-31": {
        "Diluted EPS": 0.1,
        "Total Revenue": NaN,
        "Gross Profit": -606,
        "Operating Income": NaN,
        "EBIT": NaN,
        "Net Income": 156
    },
    "2014-09-30": {
        "Diluted EPS": 0.16,
        "Total Revenue": NaN,
        "Gross Profit": NaN,
        "Operating Income": NaN,
        "EBIT": NaN,
        "Net Income": 260
    },
    "2014-06-30": {
        "Diluted EPS": 0.21,
        "Total Revenue": NaN,
        "Gross Profit": NaN,
        "Operating Income": 612,
        "EBIT": 612,
        "Net Income": 326
    },
    "2014-03-31": {
        "Diluted EPS": -0.03,
        "Total Revenue": NaN,
        "Gross Profit": NaN,
        "Operating Income": NaN,
        "EBIT": NaN,
        "Net Income": -43
    },
    "2013-12-31": {
        "Diluted EPS": 0.29,
        "Total Revenue": NaN,
        "Gross Profit": NaN,
        "Operating Income": NaN,
        "EBIT": NaN,
        "Net Income": 457
    },
    "2013-09-30": {
        "Diluted EPS": 0.23,
        "Total Revenue": NaN,
        "Gross Profit": NaN,
        "Operating Income": NaN,
        "EBIT": NaN,
        "Net Income": 360
    },
    "2013-06-30": {
        "Diluted EPS": 0.19,
        "Total Revenue": NaN,
        "Gross Profit": NaN,
        "Operating Income": 509,
        "EBIT": 509,
        "Net Income": 296
    },
    "2013-03-31": {
        "Diluted EPS": 0.29,
        "Total Revenue": NaN,
        "Gross Profit": NaN,
        "Operating Income": NaN,
        "EBIT": NaN,
        "Net Income": 462
    },
    "2012-12-31": {
        "Diluted EPS": 0.15,
        "Total Revenue": NaN,
        "Gross Profit": NaN,
        "Operating Income": NaN,
        "EBIT": NaN,
        "Net Income": 236
    },
    "2012-09-30": {
        "Diluted EPS": 0.26,
        "Total Revenue": NaN,
        "Gross Profit": NaN,
        "Operating Income": NaN,
        "EBIT": NaN,
        "Net Income": 409
    },
    "2012-06-30": {
        "Diluted EPS": 0.71,
        "Total Revenue": NaN,
        "Gross Profit": NaN,
        "Operating Income": 892,
        "EBIT": 892,
        "Net Income": NaN
    },
    "2012-03-31": {
        "Diluted EPS": -0.29,
        "Total Revenue": NaN,
        "Gross Profit": NaN,
        "Operating Income": NaN,
        "EBIT": NaN,
        "Net Income": -460
    },
    "2011-12-31": {
        "Diluted EPS": 0.2,
        "Total Revenue": NaN,
        "Gross Profit": NaN,
        "Operating Income": NaN,
        "EBIT": NaN,
        "Net Income": 322
    },
    "2011-09-30": {
        "Diluted EPS": 0.49,
        "Total Revenue": NaN,
        "Gross Profit": NaN,
        "Operating Income": NaN,
        "EBIT": NaN,
        "Net Income": 775
    },
    "2011-03-31": {
        "Diluted EPS": 0.25,
        "Total Revenue": NaN,
        "Gross Profit": NaN,
        "Operating Income": NaN,
        "EBIT": NaN,
        "Net Income": 394
    },
    "2010-03-31": {
        "Diluted EPS": 0.27,
        "Total Revenue": NaN,
        "Gross Profit": NaN,
        "Operating Income": NaN,
        "EBIT": NaN,
        "Net Income": 426
    },
    "2009-09-30": {
        "Diluted EPS": -0.21,
        "Total Revenue": 2,
        "Gross Profit": 2,
        "Operating Income": 2,
        "EBIT": 2,
        "Net Income": -1
    },
    "2009-03-31": {
        "Diluted EPS": 0.44,
        "Total Revenue": NaN,
        "Gross Profit": NaN,
        "Operating Income": NaN,
        "EBIT": NaN,
        "Net Income": 705
    },
    "2023-09-30": {
        "Tax Effect Of Unusual Items": 0.0,
        "Tax Rate For Calcs": 0.232,
        "Normalized EBITDA": 202284000000.0,
        "Net Income From Continuing Operation Net Minority Interest": -48030000000.0,
        "Reconciled Depreciation": 182696000000.0,
        "Reconciled Cost Of Revenue": 401128000000.0,
        "EBITDA": 202284000000.0,
        "EBIT": -37958000000.0,
        "Net Interest Income": -48663000000.0,
        "Interest Expense": 58022000000.0,
        "Interest Income": 9359000000.0,
        "Normalized Income": -48030000000.0,
        "Net Income From Continuing And Discontinued Operation": -48030000000.0,
        "Total Expenses": 1092431000000.0,
        "Total Operating Income As Reported": -49342000000.0,
        "Diluted Average Shares": 3130592000.0,
        "Basic Average Shares": 3130592000.0,
        "Diluted EPS": -15.34,
        "Basic EPS": -15.34,
        "Diluted NI Availto Com Stockholders": -48030000000.0,
        "Net Income Common Stockholders": -48030000000.0,
        "Net Income": -48030000000.0,
        "Minority Interests": -59000000.0,
        "Net Income Including Noncontrolling Interests": -47971000000.0,
        "Net Income Continuous Operations": -47971000000.0,
        "Tax Provision": -48009000000.0,
        "Pretax Income": -95980000000.0,
        "Other Income Expense": 2025000000.0,
        "Earnings From Equity Interest": 2025000000.0,
        "Net Non Operating Interest Income Expense": -48663000000.0,
        "Interest Expense Non Operating": 58022000000.0,
        "Interest Income Non Operating": 9359000000.0,
        "Operating Income": -49342000000.0,
        "Operating Expense": 748849000000.0,
        "Other Operating Expenses": 71709000000.0,
        "Depreciation Amortization Depletion Income Statement": 240242000000.0,
        "Depreciation And Amortization In Income Statement": 240242000000.0,
        "Amortization": 240242000000.0,
        "Amortization Of Intangibles Income Statement": 240242000000.0,
        "Research And Development": 183946000000.0,
        "Selling General And Administration": 252952000000.0,
        "Gross Profit": 699507000000.0,
        "Cost Of Revenue": 343582000000.0,
        "Total Revenue": 1043089000000.0,
        "Operating Revenue": 1043089000000.0
    },
    "2023-12-31": {
        "Tax Effect Of Unusual Items": 0.0,
        "Tax Rate For Calcs": 0.232,
        "Normalized EBITDA": 314889000000.0,
        "Net Income From Continuing Operation Net Minority Interest": 105720000000.0,
        "Reconciled Depreciation": 187061000000.0,
        "Reconciled Cost Of Revenue": 329758000000.0,
        "EBITDA": 314889000000.0,
        "EBIT": 127828000000.0,
        "Net Interest Income": -44779000000.0,
        "Interest Expense": 66568000000.0,
        "Interest Income": 21789000000.0,
        "Normalized Income": 105720000000.0,
        "Net Income From Continuing And Discontinued Operation": 105720000000.0,
        "Total Expenses": 1044771000000.0,
        "Total Operating Income As Reported": 104914000000.0,
        "Diluted Average Shares": NaN,
        "Basic Average Shares": NaN,
        "Diluted EPS": NaN,
        "Basic EPS": NaN,
        "Diluted NI Availto Com Stockholders": 105720000000.0,
        "Net Income Common Stockholders": 105720000000.0,
        "Net Income": 105720000000.0,
        "Minority Interests": -35000000.0,
        "Net Income Including Noncontrolling Interests": 105755000000.0,
        "Net Income Continuous Operations": 105756000000.0,
        "Tax Provision": -44496000000.0,
        "Pretax Income": 61260000000.0,
        "Other Income Expense": 39624000000.0,
        "Earnings From Equity Interest": 1124000000.0,
        "Net Non Operating Interest Income Expense": -44779000000.0,
        "Interest Expense Non Operating": 66568000000.0,
        "Interest Income Non Operating": 21789000000.0,
        "Operating Income": 66415000000.0,
        "Operating Expense": 665290000000.0,
        "Other Operating Expenses": 73051000000.0,
        "Depreciation Amortization Depletion Income Statement": 137338000000.0,
        "Depreciation And Amortization In Income Statement": 137338000000.0,
        "Amortization": 137338000000.0,
        "Amortization Of Intangibles Income Statement": 137338000000.0,
        "Research And Development": 187381000000.0,
        "Selling General And Administration": 267520000000.0,
        "Gross Profit": 731705000000.0,
        "Cost Of Revenue": 379481000000.0,
        "Total Revenue": 1111186000000.0,
        "Operating Revenue": 1111186000000.0
    },
    "2024-03-31": {
        "Tax Effect Of Unusual Items": 0.0,
        "Tax Rate For Calcs": 0.232,
        "Normalized EBITDA": 86094000000.0,
        "Net Income From Continuing Operation Net Minority Interest": -3018000000.0,
        "Reconciled Depreciation": 186744000000.0,
        "Reconciled Cost Of Revenue": 340871000000.0,
        "EBITDA": 86094000000.0,
        "EBIT": -100650000000.0,
        "Net Interest Income": -13901000000.0,
        "Interest Expense": -53128000000.0,
        "Interest Income": -34808000000.0,
        "Normalized Income": -3018000000.0,
        "Net Income From Continuing And Discontinued Operation": -3018000000.0,
        "Total Expenses": 965111000000.0,
        "Total Operating Income As Reported": -10069000000.0,
        "Diluted Average Shares": NaN,
        "Basic Average Shares": NaN,
        "Diluted EPS": NaN,
        "Basic EPS": NaN,
        "Diluted NI Availto Com Stockholders": -3018000000.0,
        "Net Income Common Stockholders": -3018000000.0,
        "Net Income": -3018000000.0,
        "Minority Interests": -24000000.0,
        "Net Income Including Noncontrolling Interests": -2994000000.0,
        "Net Income Continuous Operations": -2994000000.0,
        "Tax Provision": -44528000000.0,
        "Pretax Income": -47522000000.0,
        "Other Income Expense": -119376000000.0,
        "Earnings From Equity Interest": 3742000000.0,
        "Net Non Operating Interest Income Expense": -13901000000.0,
        "Interest Expense Non Operating": -53128000000.0,
        "Interest Income Non Operating": -34808000000.0,
        "Operating Income": 85758000000.0,
        "Operating Expense": 582610000000.0,
        "Other Operating Expenses": -43594000000.0,
        "Depreciation Amortization Depletion Income Statement": 145114000000.0,
        "Depreciation And Amortization In Income Statement": 145114000000.0,
        "Amortization": 145114000000.0,
        "Amortization Of Intangibles Income Statement": 145114000000.0,
        "Research And Development": 195856000000.0,
        "Selling General And Administration": 285234000000.0,
        "Gross Profit": 668368000000.0,
        "Cost Of Revenue": 382501000000.0,
        "Total Revenue": 1050869000000.0,
        "Operating Revenue": 1050869000000.0
    }
}