{
    "2023-03-31": {
        "Tax Effect Of Unusual Items": 0.0,
        "Tax Rate For Calcs": 0.0,
        "Normalized EBITDA": -14477000.0,
        "Total Unusual Items": -4481000.0,
        "Total Unusual Items Excluding Goodwill": -4481000.0,
        "Net Income From Continuing Operation Net Minority Interest": -22497000.0,
        "Reconciled Depreciation": 639000.0,
        "EBIT": -19597000.0,
        "Net Interest Income": 1581000.0,
        "Interest Income": NaN,
        "Normalized Income": -18016000.0,
        "Net Income From Continuing And Discontinued Operation": -22497000.0,
        "Total Expenses": 19597000.0,
        "Total Operating Income As Reported": -24078000.0,
        "Diluted Average Shares": 41796830.0,
        "Basic Average Shares": 41796830.0,
        "Diluted EPS": -0.54,
        "Basic EPS": -0.54,
        "Diluted NI Availto Com Stockholders": -22497000.0,
        "Net Income Common Stockholders": -22497000.0,
        "Net Income": -22497000.0,
        "Net Income Including Noncontrolling Interests": -22497000.0,
        "Net Income Continuous Operations": -22497000.0,
        "Pretax Income": -22497000.0,
        "Other Income Expense": -4481000.0,
        "Special Income Charges": -4481000.0,
        "Restructuring And Mergern Acquisition": 4481000.0,
        "Net Non Operating Interest Income Expense": 1581000.0,
        "Total Other Finance Cost": -1581000.0,
        "Interest Income Non Operating": NaN,
        "Operating Income": -19597000.0,
        "Operating Expense": 19597000.0,
        "Research And Development": 13415000.0,
        "Selling General And Administration": 6182000.0,
        "General And Administrative Expense": 6182000.0,
        "Other Gand A": 2765000.0,
        "Salaries And Wages": 3417000.0,
        "Total Revenue": 0.0,
        "Operating Revenue": 0.0
    },
    "2022-12-31": {
        "Tax Effect Of Unusual Items": 0.0,
        "Tax Rate For Calcs": 0.0,
        "Normalized EBITDA": -19272000.0,
        "Total Unusual Items": NaN,
        "Total Unusual Items Excluding Goodwill": NaN,
        "Net Income From Continuing Operation Net Minority Interest": -18528000.0,
        "Reconciled Depreciation": 553000.0,
        "EBIT": -19825000.0,
        "Net Interest Income": 1297000.0,
        "Interest Income": NaN,
        "Normalized Income": -18528000.0,
        "Net Income From Continuing And Discontinued Operation": -18528000.0,
        "Total Expenses": 19825000.0,
        "Total Operating Income As Reported": -19825000.0,
        "Diluted Average Shares": NaN,
        "Basic Average Shares": NaN,
        "Diluted EPS": NaN,
        "Basic EPS": NaN,
        "Diluted NI Availto Com Stockholders": -18528000.0,
        "Net Income Common Stockholders": -18528000.0,
        "Net Income": -18528000.0,
        "Net Income Including Noncontrolling Interests": -18528000.0,
        "Net Income Continuous Operations": -18528000.0,
        "Pretax Income": -18528000.0,
        "Other Income Expense": NaN,
        "Special Income Charges": NaN,
        "Restructuring And Mergern Acquisition": NaN,
        "Net Non Operating Interest Income Expense": 1297000.0,
        "Total Other Finance Cost": -1297000.0,
        "Interest Income Non Operating": NaN,
        "Operating Income": -19825000.0,
        "Operating Expense": 19825000.0,
        "Research And Development": 14641000.0,
        "Selling General And Administration": 5184000.0,
        "General And Administrative Expense": 5184000.0,
        "Other Gand A": 2460000.0,
        "Salaries And Wages": 2724000.0,
        "Total Revenue": 0.0,
        "Operating Revenue": 0.0
    },
    "2022-09-30": {
        "Tax Effect Of Unusual Items": 0.0,
        "Tax Rate For Calcs": 0.0,
        "Normalized EBITDA": -19253000.0,
        "Total Unusual Items": NaN,
        "Total Unusual Items Excluding Goodwill": NaN,
        "Net Income From Continuing Operation Net Minority Interest": -19011000.0,
        "Reconciled Depreciation": 570000.0,
        "EBIT": -19823000.0,
        "Net Interest Income": 812000.0,
        "Interest Income": NaN,
        "Normalized Income": -19011000.0,
        "Net Income From Continuing And Discontinued Operation": -19011000.0,
        "Total Expenses": 19823000.0,
        "Total Operating Income As Reported": -19823000.0,
        "Diluted Average Shares": 41375537.0,
        "Basic Average Shares": 41375537.0,
        "Diluted EPS": -0.46,
        "Basic EPS": -0.46,
        "Diluted NI Availto Com Stockholders": -19011000.0,
        "Net Income Common Stockholders": -19011000.0,
        "Net Income": -19011000.0,
        "Net Income Including Noncontrolling Interests": -19011000.0,
        "Net Income Continuous Operations": -19011000.0,
        "Pretax Income": -19011000.0,
        "Other Income Expense": NaN,
        "Special Income Charges": NaN,
        "Restructuring And Mergern Acquisition": NaN,
        "Net Non Operating Interest Income Expense": 812000.0,
        "Total Other Finance Cost": -812000.0,
        "Interest Income Non Operating": NaN,
        "Operating Income": -19823000.0,
        "Operating Expense": 19823000.0,
        "Research And Development": 14981000.0,
        "Selling General And Administration": 4842000.0,
        "General And Administrative Expense": 4842000.0,
        "Other Gand A": 2143000.0,
        "Salaries And Wages": 2699000.0,
        "Total Revenue": 0.0,
        "Operating Revenue": 0.0
    },
    "2022-06-30": {
        "Tax Effect Of Unusual Items": 0.0,
        "Tax Rate For Calcs": 0.0,
        "Normalized EBITDA": -17864000.0,
        "Total Unusual Items": NaN,
        "Total Unusual Items Excluding Goodwill": NaN,
        "Net Income From Continuing Operation Net Minority Interest": -18096000.0,
        "Reconciled Depreciation": 551000.0,
        "EBIT": -18415000.0,
        "Net Interest Income": 319000.0,
        "Interest Income": NaN,
        "Normalized Income": -18096000.0,
        "Net Income From Continuing And Discontinued Operation": -18096000.0,
        "Total Expenses": 18415000.0,
        "Total Operating Income As Reported": -18415000.0,
        "Diluted Average Shares": 41088085.0,
        "Basic Average Shares": 41088085.0,
        "Diluted EPS": -0.44,
        "Basic EPS": -0.44,
        "Diluted NI Availto Com Stockholders": -18096000.0,
        "Net Income Common Stockholders": -18096000.0,
        "Net Income": -18096000.0,
        "Net Income Including Noncontrolling Interests": -18096000.0,
        "Net Income Continuous Operations": -18096000.0,
        "Pretax Income": -18096000.0,
        "Other Income Expense": NaN,
        "Special Income Charges": NaN,
        "Restructuring And Mergern Acquisition": NaN,
        "Net Non Operating Interest Income Expense": 319000.0,
        "Total Other Finance Cost": -319000.0,
        "Interest Income Non Operating": NaN,
        "Operating Income": -18415000.0,
        "Operating Expense": 18415000.0,
        "Research And Development": 13187000.0,
        "Selling General And Administration": 5228000.0,
        "General And Administrative Expense": 5228000.0,
        "Other Gand A": 2756000.0,
        "Salaries And Wages": 2472000.0,
        "Total Revenue": 0.0,
        "Operating Revenue": 0.0
    },
    "2022-03-31": {
        "Diluted EPS": -0.45,
        "Total Revenue": NaN,
        "Gross Profit": NaN,
        "Operating Income": -18,
        "EBIT": -18,
        "Net Income": -18
    },
    "2021-12-31": {
        "Diluted EPS": 0.39,
        "Total Revenue": NaN,
        "Gross Profit": NaN,
        "Operating Income": -14,
        "EBIT": -14,
        "Net Income": -14
    },
    "2021-09-30": {
        "Diluted EPS": -0.32,
        "Total Revenue": NaN,
        "Gross Profit": NaN,
        "Operating Income": -13,
        "EBIT": -13,
        "Net Income": -13
    },
    "2021-06-30": {
        "Diluted EPS": -0.41,
        "Total Revenue": NaN,
        "Gross Profit": NaN,
        "Operating Income": -11,
        "EBIT": -11,
        "Net Income": -11
    },
    "2021-03-31": {
        "Diluted EPS": -1.3,
        "Total Revenue": NaN,
        "Gross Profit": NaN,
        "Operating Income": -9,
        "EBIT": -9,
        "Net Income": -9
    },
    "2020-12-31": {
        "Diluted EPS": -0.97,
        "Total Revenue": NaN,
        "Gross Profit": NaN,
        "Operating Income": -7,
        "EBIT": -6,
        "Net Income": -7
    },
    "2020-09-30": {
        "Diluted EPS": -0.94,
        "Total Revenue": NaN,
        "Gross Profit": NaN,
        "Operating Income": -6,
        "EBIT": -6,
        "Net Income": -6
    },
    "2020-06-30": {
        "Diluted EPS": -0.73,
        "Total Revenue": NaN,
        "Gross Profit": NaN,
        "Operating Income": -5,
        "EBIT": -5,
        "Net Income": -5
    },
    "2020-03-31": {
        "Diluted EPS": -0.76,
        "Total Revenue": NaN,
        "Gross Profit": NaN,
        "Operating Income": -5,
        "EBIT": -5,
        "Net Income": -5
    },
    "2019-12-31": {
        "Diluted EPS": 0.0,
        "Total Revenue": NaN,
        "Gross Profit": NaN,
        "Operating Income": NaN,
        "EBIT": NaN,
        "Net Income": NaN
    },
    "2023-06-30": {
        "Tax Effect Of Unusual Items": 0.0,
        "Tax Rate For Calcs": 0.0,
        "Normalized EBITDA": -3465000.0,
        "Total Unusual Items": -6388000.0,
        "Total Unusual Items Excluding Goodwill": -6388000.0,
        "Net Income From Continuing Operation Net Minority Interest": -14738000.0,
        "Reconciled Depreciation": 261000.0,
        "EBIT": -10114000.0,
        "Net Interest Income": 1764000.0,
        "Interest Income": 1764000.0,
        "Normalized Income": -8350000.0,
        "Net Income From Continuing And Discontinued Operation": -14738000.0,
        "Total Expenses": 10114000.0,
        "Total Operating Income As Reported": -16502000.0,
        "Diluted Average Shares": 42171841.0,
        "Basic Average Shares": 42171841.0,
        "Diluted EPS": -0.35,
        "Basic EPS": -0.35,
        "Diluted NI Availto Com Stockholders": -14738000.0,
        "Net Income Common Stockholders": -14738000.0,
        "Net Income": -14738000.0,
        "Net Income Including Noncontrolling Interests": -14738000.0,
        "Net Income Continuous Operations": -14738000.0,
        "Pretax Income": -14738000.0,
        "Other Income Expense": -6388000.0,
        "Special Income Charges": -6388000.0,
        "Restructuring And Mergern Acquisition": 6388000.0,
        "Net Non Operating Interest Income Expense": 1764000.0,
        "Total Other Finance Cost": NaN,
        "Interest Income Non Operating": 1764000.0,
        "Operating Income": -10114000.0,
        "Operating Expense": 10114000.0,
        "Research And Development": 4088000.0,
        "Selling General And Administration": 6026000.0,
        "General And Administrative Expense": 6026000.0,
        "Other Gand A": 4596000.0,
        "Salaries And Wages": 1430000.0,
        "Total Revenue": 0.0,
        "Operating Revenue": 0.0
    }
}