{
    "2023-03-31": {
        "Tax Effect Of Unusual Items": 0.0,
        "Tax Rate For Calcs": 0.0,
        "Normalized EBITDA": -9655000.0,
        "Total Unusual Items": NaN,
        "Total Unusual Items Excluding Goodwill": NaN,
        "Net Income From Continuing Operation Net Minority Interest": -9045000.0,
        "Reconciled Depreciation": 77000.0,
        "EBITDA": -9655000.0,
        "EBIT": -9732000.0,
        "Net Interest Income": 687000.0,
        "Interest Income": 687000.0,
        "Normalized Income": -9045000.0,
        "Net Income From Continuing And Discontinued Operation": -9045000.0,
        "Total Expenses": 9732000.0,
        "Total Operating Income As Reported": -9732000.0,
        "Diluted Average Shares": 11303869.0,
        "Basic Average Shares": 11303869.0,
        "Diluted EPS": -0.8,
        "Basic EPS": -0.8,
        "Diluted NI Availto Com Stockholders": -9045000.0,
        "Net Income Common Stockholders": -9045000.0,
        "Net Income": -9045000.0,
        "Net Income Including Noncontrolling Interests": -9045000.0,
        "Net Income Continuous Operations": -9045000.0,
        "Pretax Income": -9045000.0,
        "Other Income Expense": NaN,
        "Gain On Sale Of Security": NaN,
        "Net Non Operating Interest Income Expense": 687000.0,
        "Interest Income Non Operating": 687000.0,
        "Operating Income": -9732000.0,
        "Operating Expense": 9732000.0,
        "Research And Development": 5143000.0,
        "Selling General And Administration": 4589000.0,
        "General And Administrative Expense": 4589000.0,
        "Other Gand A": 4589000.0,
        "Salaries And Wages": NaN,
        "Total Revenue": 0.0,
        "Operating Revenue": 0.0
    },
    "2022-12-31": {
        "Tax Effect Of Unusual Items": 0.0,
        "Tax Rate For Calcs": 0.0,
        "Normalized EBITDA": -38860000.0,
        "Total Unusual Items": NaN,
        "Total Unusual Items Excluding Goodwill": NaN,
        "Net Income From Continuing Operation Net Minority Interest": -38967000.0,
        "Reconciled Depreciation": -949000.0,
        "EBITDA": -38860000.0,
        "EBIT": -38860000.0,
        "Net Interest Income": 525000.0,
        "Interest Expense": 107000.0,
        "Interest Income": 632000.0,
        "Normalized Income": -38967000.0,
        "Net Income From Continuing And Discontinued Operation": -38967000.0,
        "Total Expenses": 9992000.0,
        "Total Operating Income As Reported": -39509000.0,
        "Diluted Average Shares": 11267389.0,
        "Basic Average Shares": 11267389.0,
        "Diluted EPS": -3.46,
        "Basic EPS": -3.46,
        "Diluted NI Availto Com Stockholders": -38967000.0,
        "Net Income Common Stockholders": -38967000.0,
        "Net Income": -38967000.0,
        "Net Income Including Noncontrolling Interests": -38967000.0,
        "Net Income Continuous Operations": -38967000.0,
        "Pretax Income": -38967000.0,
        "Other Income Expense": NaN,
        "Gain On Sale Of Security": NaN,
        "Net Non Operating Interest Income Expense": 525000.0,
        "Interest Expense Non Operating": 107000.0,
        "Interest Income Non Operating": 632000.0,
        "Operating Income": -9992000.0,
        "Operating Expense": 9992000.0,
        "Research And Development": 4989000.0,
        "Selling General And Administration": 5003000.0,
        "General And Administrative Expense": 5003000.0,
        "Other Gand A": 5003000.0,
        "Salaries And Wages": NaN,
        "Total Revenue": 0.0,
        "Operating Revenue": 0.0
    },
    "2022-09-30": {
        "Tax Effect Of Unusual Items": 0.0,
        "Tax Rate For Calcs": 0.0,
        "Normalized EBITDA": -6329000.0,
        "Total Unusual Items": NaN,
        "Total Unusual Items Excluding Goodwill": NaN,
        "Net Income From Continuing Operation Net Minority Interest": -7691000.0,
        "Reconciled Depreciation": 1088000.0,
        "EBITDA": -6329000.0,
        "EBIT": -7417000.0,
        "Net Interest Income": 283000.0,
        "Interest Expense": 274000.0,
        "Interest Income": 557000.0,
        "Normalized Income": -7691000.0,
        "Net Income From Continuing And Discontinued Operation": -7691000.0,
        "Total Expenses": 7974000.0,
        "Total Operating Income As Reported": -7974000.0,
        "Diluted Average Shares": 11265475.0,
        "Basic Average Shares": 11265475.0,
        "Diluted EPS": -0.68,
        "Basic EPS": -0.68,
        "Diluted NI Availto Com Stockholders": -7691000.0,
        "Net Income Common Stockholders": -7691000.0,
        "Net Income": -7691000.0,
        "Net Income Including Noncontrolling Interests": -7691000.0,
        "Net Income Continuous Operations": -7691000.0,
        "Pretax Income": -7691000.0,
        "Other Income Expense": NaN,
        "Special Income Charges": NaN,
        "Impairment Of Capital Assets": NaN,
        "Gain On Sale Of Security": NaN,
        "Net Non Operating Interest Income Expense": 283000.0,
        "Interest Expense Non Operating": 274000.0,
        "Interest Income Non Operating": 557000.0,
        "Operating Income": -7974000.0,
        "Operating Expense": 7974000.0,
        "Research And Development": 3466000.0,
        "Selling General And Administration": 4508000.0,
        "General And Administrative Expense": 4508000.0,
        "Other Gand A": 4508000.0,
        "Salaries And Wages": NaN,
        "Total Revenue": 0.0,
        "Operating Revenue": 0.0
    },
    "2022-06-30": {
        "Tax Effect Of Unusual Items": 0.0,
        "Tax Rate For Calcs": 0.0,
        "Normalized EBITDA": -8140000.0,
        "Total Unusual Items": NaN,
        "Total Unusual Items Excluding Goodwill": NaN,
        "Net Income From Continuing Operation Net Minority Interest": -8539000.0,
        "Reconciled Depreciation": 53000.0,
        "EBITDA": -8140000.0,
        "EBIT": -8193000.0,
        "Net Interest Income": 166000.0,
        "Interest Expense": 346000.0,
        "Interest Income": 512000.0,
        "Normalized Income": -8539000.0,
        "Net Income From Continuing And Discontinued Operation": -8539000.0,
        "Total Expenses": 8705000.0,
        "Total Operating Income As Reported": -8705000.0,
        "Diluted Average Shares": 11255215.0,
        "Basic Average Shares": 11255215.0,
        "Diluted EPS": -0.76,
        "Basic EPS": -0.76,
        "Diluted NI Availto Com Stockholders": -8539000.0,
        "Net Income Common Stockholders": -8539000.0,
        "Net Income": -8539000.0,
        "Net Income Including Noncontrolling Interests": -8539000.0,
        "Net Income Continuous Operations": -8539000.0,
        "Pretax Income": -8539000.0,
        "Other Income Expense": NaN,
        "Special Income Charges": NaN,
        "Impairment Of Capital Assets": NaN,
        "Gain On Sale Of Security": NaN,
        "Net Non Operating Interest Income Expense": 166000.0,
        "Interest Expense Non Operating": 346000.0,
        "Interest Income Non Operating": 512000.0,
        "Operating Income": -8705000.0,
        "Operating Expense": 8705000.0,
        "Research And Development": 3084000.0,
        "Selling General And Administration": 5621000.0,
        "General And Administrative Expense": 5621000.0,
        "Other Gand A": 5621000.0,
        "Salaries And Wages": NaN,
        "Total Revenue": 0.0,
        "Operating Revenue": 0.0
    },
    "2022-03-31": {
        "Diluted EPS": -0.96,
        "Total Revenue": NaN,
        "Gross Profit": NaN,
        "Operating Income": -11,
        "EBIT": -10,
        "Net Income": -11
    },
    "2021-12-31": {
        "Diluted EPS": -0.91,
        "Total Revenue": NaN,
        "Gross Profit": NaN,
        "Operating Income": -10,
        "EBIT": -9,
        "Net Income": -10
    },
    "2021-09-30": {
        "Diluted EPS": -0.96,
        "Total Revenue": NaN,
        "Gross Profit": NaN,
        "Operating Income": -11,
        "EBIT": -11,
        "Net Income": -11
    },
    "2021-06-30": {
        "Diluted EPS": -1.14,
        "Total Revenue": NaN,
        "Gross Profit": NaN,
        "Operating Income": -13,
        "EBIT": -12,
        "Net Income": -13
    },
    "2021-03-31": {
        "Diluted EPS": -1.2,
        "Total Revenue": NaN,
        "Gross Profit": NaN,
        "Operating Income": -14,
        "EBIT": -13,
        "Net Income": -13
    },
    "2020-12-31": {
        "Diluted EPS": -0.41,
        "Total Revenue": NaN,
        "Gross Profit": NaN,
        "Operating Income": -9,
        "EBIT": -9,
        "Net Income": -9
    },
    "2020-09-30": {
        "Diluted EPS": -1.26,
        "Total Revenue": NaN,
        "Gross Profit": NaN,
        "Operating Income": -8,
        "EBIT": -8,
        "Net Income": -8
    },
    "2020-06-30": {
        "Diluted EPS": -1.22,
        "Total Revenue": NaN,
        "Gross Profit": NaN,
        "Operating Income": -7,
        "EBIT": -7,
        "Net Income": -7
    },
    "2020-03-31": {
        "Diluted EPS": -1.81,
        "Total Revenue": NaN,
        "Gross Profit": NaN,
        "Operating Income": -10,
        "EBIT": -10,
        "Net Income": -10
    },
    "2019-12-31": {
        "Diluted EPS": -0.98,
        "Total Revenue": NaN,
        "Gross Profit": NaN,
        "Operating Income": -3,
        "EBIT": -3,
        "Net Income": -3
    },
    "2019-09-30": {
        "Diluted EPS": -0.92,
        "Total Revenue": NaN,
        "Gross Profit": NaN,
        "Operating Income": -2,
        "EBIT": -2,
        "Net Income": -2
    },
    "2019-06-30": {
        "Diluted EPS": -0.56,
        "Total Revenue": NaN,
        "Gross Profit": NaN,
        "Operating Income": -1,
        "EBIT": -1,
        "Net Income": -1
    },
    "2019-03-31": {
        "Diluted EPS": -0.58,
        "Total Revenue": NaN,
        "Gross Profit": NaN,
        "Operating Income": -2,
        "EBIT": -2,
        "Net Income": -2
    },
    "2018-12-31": {
        "Diluted EPS": -11.0,
        "Total Revenue": NaN,
        "Gross Profit": NaN,
        "Operating Income": -5,
        "EBIT": -5,
        "Net Income": -5
    },
    "2018-09-30": {
        "Diluted EPS": -10.0,
        "Total Revenue": NaN,
        "Gross Profit": NaN,
        "Operating Income": -5,
        "EBIT": -5,
        "Net Income": -5
    },
    "2018-06-30": {
        "Diluted EPS": -11.2,
        "Total Revenue": NaN,
        "Gross Profit": NaN,
        "Operating Income": -5,
        "EBIT": -5,
        "Net Income": -5
    },
    "2018-03-31": {
        "Diluted EPS": -13.6,
        "Total Revenue": NaN,
        "Gross Profit": NaN,
        "Operating Income": -6,
        "EBIT": -6,
        "Net Income": -6
    },
    "2017-12-31": {
        "Diluted EPS": -13.2,
        "Total Revenue": NaN,
        "Gross Profit": NaN,
        "Operating Income": -6,
        "EBIT": -6,
        "Net Income": -6
    },
    "2017-09-30": {
        "Diluted EPS": -43.2,
        "Total Revenue": NaN,
        "Gross Profit": NaN,
        "Operating Income": -12,
        "EBIT": -12,
        "Net Income": -19
    },
    "2017-06-30": {
        "Diluted EPS": -13.2,
        "Total Revenue": NaN,
        "Gross Profit": NaN,
        "Operating Income": -6,
        "EBIT": -6,
        "Net Income": -6
    },
    "2017-03-31": {
        "Diluted EPS": -15.6,
        "Total Revenue": NaN,
        "Gross Profit": NaN,
        "Operating Income": -6,
        "EBIT": -6,
        "Net Income": -6
    },
    "2016-12-31": {
        "Diluted EPS": -16.4,
        "Total Revenue": NaN,
        "Gross Profit": NaN,
        "Operating Income": -7,
        "EBIT": -7,
        "Net Income": -7
    },
    "2016-09-30": {
        "Diluted EPS": -17.2,
        "Total Revenue": NaN,
        "Gross Profit": NaN,
        "Operating Income": -7,
        "EBIT": -7,
        "Net Income": -7
    },
    "2016-06-30": {
        "Diluted EPS": -19.2,
        "Total Revenue": NaN,
        "Gross Profit": NaN,
        "Operating Income": -8,
        "EBIT": -8,
        "Net Income": -8
    },
    "2016-03-31": {
        "Diluted EPS": -16.0,
        "Total Revenue": NaN,
        "Gross Profit": NaN,
        "Operating Income": -7,
        "EBIT": -7,
        "Net Income": -7
    },
    "2015-12-31": {
        "Diluted EPS": -15.2,
        "Total Revenue": NaN,
        "Gross Profit": NaN,
        "Operating Income": -6,
        "EBIT": -6,
        "Net Income": -6
    },
    "2015-09-30": {
        "Diluted EPS": -13.2,
        "Total Revenue": NaN,
        "Gross Profit": NaN,
        "Operating Income": -5,
        "EBIT": -5,
        "Net Income": -5
    },
    "2015-06-30": {
        "Diluted EPS": -12.4,
        "Total Revenue": NaN,
        "Gross Profit": NaN,
        "Operating Income": -5,
        "EBIT": -5,
        "Net Income": -5
    },
    "2015-03-31": {
        "Diluted EPS": -11.2,
        "Total Revenue": NaN,
        "Gross Profit": NaN,
        "Operating Income": -5,
        "EBIT": -4,
        "Net Income": -5
    },
    "2014-12-31": {
        "Diluted EPS": NaN,
        "Total Revenue": NaN,
        "Gross Profit": NaN,
        "Operating Income": -3,
        "EBIT": -3,
        "Net Income": 7
    },
    "2014-09-30": {
        "Diluted EPS": NaN,
        "Total Revenue": 3,
        "Gross Profit": 3,
        "Operating Income": 0,
        "EBIT": 0,
        "Net Income": -7
    },
    "2014-06-30": {
        "Diluted EPS": -742.0,
        "Total Revenue": NaN,
        "Gross Profit": NaN,
        "Operating Income": -3,
        "EBIT": -3,
        "Net Income": -4
    },
    "2014-03-31": {
        "Diluted EPS": -723.6,
        "Total Revenue": NaN,
        "Gross Profit": NaN,
        "Operating Income": -2,
        "EBIT": -2,
        "Net Income": -4
    },
    "2013-12-31": {
        "Diluted EPS": 0.0,
        "Total Revenue": NaN,
        "Gross Profit": NaN,
        "Operating Income": NaN,
        "EBIT": NaN,
        "Net Income": NaN
    },
    "2013-09-30": {
        "Diluted EPS": -624.0,
        "Total Revenue": NaN,
        "Gross Profit": NaN,
        "Operating Income": -2,
        "EBIT": -2,
        "Net Income": -4
    },
    "2012-12-31": {
        "Diluted EPS": 0.0,
        "Total Revenue": NaN,
        "Gross Profit": NaN,
        "Operating Income": NaN,
        "EBIT": NaN,
        "Net Income": NaN
    },
    "2023-06-30": {
        "Tax Effect Of Unusual Items": 0.0,
        "Tax Rate For Calcs": 0.0,
        "Normalized EBITDA": -12066000.0,
        "Total Unusual Items": 4000.0,
        "Total Unusual Items Excluding Goodwill": 4000.0,
        "Net Income From Continuing Operation Net Minority Interest": -11294000.0,
        "Reconciled Depreciation": 78000.0,
        "EBITDA": -12062000.0,
        "EBIT": -12140000.0,
        "Net Interest Income": 842000.0,
        "Interest Income": 842000.0,
        "Normalized Income": -11298000.0,
        "Net Income From Continuing And Discontinued Operation": -11294000.0,
        "Total Expenses": 12140000.0,
        "Total Operating Income As Reported": -12140000.0,
        "Diluted Average Shares": 11307842.0,
        "Basic Average Shares": 11307842.0,
        "Diluted EPS": -1.0,
        "Basic EPS": -1.0,
        "Diluted NI Availto Com Stockholders": -11294000.0,
        "Net Income Common Stockholders": -11294000.0,
        "Net Income": -11294000.0,
        "Net Income Including Noncontrolling Interests": -11294000.0,
        "Net Income Continuous Operations": -11294000.0,
        "Pretax Income": -11294000.0,
        "Other Income Expense": 4000.0,
        "Gain On Sale Of Security": 4000.0,
        "Net Non Operating Interest Income Expense": 842000.0,
        "Interest Income Non Operating": 842000.0,
        "Operating Income": -12140000.0,
        "Operating Expense": 12140000.0,
        "Research And Development": 7247000.0,
        "Selling General And Administration": 4893000.0,
        "General And Administrative Expense": 4893000.0,
        "Other Gand A": 4893000.0,
        "Salaries And Wages": 1204000.0,
        "Total Revenue": 0.0,
        "Operating Revenue": 0.0
    },
    "2023-09-30": {
        "Tax Effect Of Unusual Items": 0.0,
        "Tax Rate For Calcs": 0.0,
        "Normalized EBITDA": -10623000.0,
        "Total Unusual Items": 2000.0,
        "Total Unusual Items Excluding Goodwill": 2000.0,
        "Net Income From Continuing Operation Net Minority Interest": -9860000.0,
        "Reconciled Depreciation": 79000.0,
        "EBITDA": -10621000.0,
        "EBIT": -10700000.0,
        "Net Interest Income": 838000.0,
        "Interest Income": 838000.0,
        "Normalized Income": -9862000.0,
        "Net Income From Continuing And Discontinued Operation": -9860000.0,
        "Total Expenses": 10700000.0,
        "Total Operating Income As Reported": -10700000.0,
        "Diluted Average Shares": 11347887.0,
        "Basic Average Shares": 11347887.0,
        "Diluted EPS": -0.87,
        "Basic EPS": -0.87,
        "Diluted NI Availto Com Stockholders": -9860000.0,
        "Net Income Common Stockholders": -9860000.0,
        "Net Income": -9860000.0,
        "Net Income Including Noncontrolling Interests": -9860000.0,
        "Net Income Continuous Operations": -9860000.0,
        "Pretax Income": -9860000.0,
        "Other Income Expense": 2000.0,
        "Gain On Sale Of Security": 2000.0,
        "Net Non Operating Interest Income Expense": 838000.0,
        "Interest Income Non Operating": 838000.0,
        "Operating Income": -10700000.0,
        "Operating Expense": 10700000.0,
        "Research And Development": 6218000.0,
        "Selling General And Administration": 4482000.0,
        "General And Administrative Expense": 4482000.0,
        "Other Gand A": 4482000.0,
        "Salaries And Wages": NaN,
        "Total Revenue": 0.0,
        "Operating Revenue": 0.0
    },
    "2023-12-31": {
        "Tax Effect Of Unusual Items": 0.0,
        "Tax Rate For Calcs": 0.0,
        "Normalized EBITDA": -10940000.0,
        "Total Unusual Items": 6000.0,
        "Total Unusual Items Excluding Goodwill": 6000.0,
        "Net Income From Continuing Operation Net Minority Interest": -10221000.0,
        "Reconciled Depreciation": 107000.0,
        "EBITDA": -10934000.0,
        "EBIT": -11041000.0,
        "Net Interest Income": 814000.0,
        "Interest Income": 814000.0,
        "Normalized Income": -10227000.0,
        "Net Income From Continuing And Discontinued Operation": -10221000.0,
        "Total Expenses": 11041000.0,
        "Total Operating Income As Reported": -11041000.0,
        "Diluted Average Shares": NaN,
        "Basic Average Shares": NaN,
        "Diluted EPS": NaN,
        "Basic EPS": NaN,
        "Diluted NI Availto Com Stockholders": -10221000.0,
        "Net Income Common Stockholders": -10221000.0,
        "Net Income": -10221000.0,
        "Net Income Including Noncontrolling Interests": -10221000.0,
        "Net Income Continuous Operations": -10221000.0,
        "Pretax Income": -10221000.0,
        "Other Income Expense": 6000.0,
        "Gain On Sale Of Security": 6000.0,
        "Net Non Operating Interest Income Expense": 814000.0,
        "Interest Income Non Operating": 814000.0,
        "Operating Income": -11041000.0,
        "Operating Expense": 11041000.0,
        "Research And Development": 6381000.0,
        "Selling General And Administration": 4660000.0,
        "General And Administrative Expense": 4660000.0,
        "Other Gand A": 4660000.0,
        "Salaries And Wages": NaN,
        "Total Revenue": 0.0,
        "Operating Revenue": 0.0
    },
    "2024-03-31": {
        "Tax Effect Of Unusual Items": 0.0,
        "Tax Rate For Calcs": 0.0,
        "Normalized EBITDA": -11777000.0,
        "Total Unusual Items": 9000.0,
        "Total Unusual Items Excluding Goodwill": 9000.0,
        "Net Income From Continuing Operation Net Minority Interest": -11095000.0,
        "Reconciled Depreciation": 83000.0,
        "EBITDA": -11768000.0,
        "EBIT": -11851000.0,
        "Net Interest Income": 747000.0,
        "Interest Income": 747000.0,
        "Normalized Income": -11104000.0,
        "Net Income From Continuing And Discontinued Operation": -11095000.0,
        "Total Expenses": 11851000.0,
        "Total Operating Income As Reported": -11851000.0,
        "Diluted Average Shares": 11420948.0,
        "Basic Average Shares": 11420948.0,
        "Diluted EPS": -0.97,
        "Basic EPS": -0.97,
        "Diluted NI Availto Com Stockholders": -11095000.0,
        "Net Income Common Stockholders": -11095000.0,
        "Net Income": -11095000.0,
        "Net Income Including Noncontrolling Interests": -11095000.0,
        "Net Income Continuous Operations": -11095000.0,
        "Pretax Income": -11095000.0,
        "Other Income Expense": 9000.0,
        "Gain On Sale Of Security": 9000.0,
        "Net Non Operating Interest Income Expense": 747000.0,
        "Interest Income Non Operating": 747000.0,
        "Operating Income": -11851000.0,
        "Operating Expense": 11851000.0,
        "Research And Development": 7748000.0,
        "Selling General And Administration": 4103000.0,
        "General And Administrative Expense": 4103000.0,
        "Other Gand A": 4103000.0,
        "Salaries And Wages": NaN,
        "Total Revenue": 0.0,
        "Operating Revenue": 0.0
    }
}