{
    "2023-03-31": {
        "Tax Effect Of Unusual Items": NaN,
        "Tax Rate For Calcs": NaN,
        "Normalized EBITDA": NaN,
        "Total Unusual Items": NaN,
        "Total Unusual Items Excluding Goodwill": NaN,
        "Net Income From Continuing Operation Net Minority Interest": NaN,
        "Reconciled Depreciation": NaN,
        "Reconciled Cost Of Revenue": NaN,
        "EBITDA": NaN,
        "EBIT": NaN,
        "Net Interest Income": NaN,
        "Interest Expense": NaN,
        "Interest Income": NaN,
        "Normalized Income": NaN,
        "Net Income From Continuing And Discontinued Operation": NaN,
        "Total Expenses": NaN,
        "Total Operating Income As Reported": NaN,
        "Diluted Average Shares": NaN,
        "Basic Average Shares": NaN,
        "Diluted EPS": NaN,
        "Basic EPS": NaN,
        "Diluted NI Availto Com Stockholders": NaN,
        "Net Income Common Stockholders": NaN,
        "Net Income": NaN,
        "Net Income Including Noncontrolling Interests": NaN,
        "Net Income Continuous Operations": NaN,
        "Tax Provision": 0.0,
        "Pretax Income": NaN,
        "Other Income Expense": NaN,
        "Other Non Operating Income Expenses": NaN,
        "Special Income Charges": NaN,
        "Other Special Charges": NaN,
        "Gain On Sale Of Security": NaN,
        "Net Non Operating Interest Income Expense": NaN,
        "Total Other Finance Cost": NaN,
        "Interest Expense Non Operating": NaN,
        "Interest Income Non Operating": NaN,
        "Operating Income": NaN,
        "Operating Expense": NaN,
        "Research And Development": NaN,
        "Selling General And Administration": NaN,
        "General And Administrative Expense": 15096000.0,
        "Other Gand A": 15096000.0,
        "Gross Profit": NaN,
        "Cost Of Revenue": NaN,
        "Total Revenue": NaN,
        "Operating Revenue": NaN
    },
    "2022-12-31": {
        "Tax Effect Of Unusual Items": NaN,
        "Tax Rate For Calcs": NaN,
        "Normalized EBITDA": NaN,
        "Total Unusual Items": NaN,
        "Total Unusual Items Excluding Goodwill": NaN,
        "Net Income From Continuing Operation Net Minority Interest": NaN,
        "Reconciled Depreciation": NaN,
        "Reconciled Cost Of Revenue": NaN,
        "EBITDA": NaN,
        "EBIT": NaN,
        "Net Interest Income": NaN,
        "Interest Expense": NaN,
        "Interest Income": NaN,
        "Normalized Income": NaN,
        "Net Income From Continuing And Discontinued Operation": NaN,
        "Total Expenses": NaN,
        "Total Operating Income As Reported": NaN,
        "Diluted Average Shares": NaN,
        "Basic Average Shares": NaN,
        "Diluted EPS": NaN,
        "Basic EPS": NaN,
        "Diluted NI Availto Com Stockholders": NaN,
        "Net Income Common Stockholders": NaN,
        "Net Income": NaN,
        "Net Income Including Noncontrolling Interests": NaN,
        "Net Income Continuous Operations": NaN,
        "Tax Provision": 0.0,
        "Pretax Income": NaN,
        "Other Income Expense": NaN,
        "Other Non Operating Income Expenses": NaN,
        "Special Income Charges": NaN,
        "Other Special Charges": NaN,
        "Gain On Sale Of Security": NaN,
        "Net Non Operating Interest Income Expense": NaN,
        "Total Other Finance Cost": NaN,
        "Interest Expense Non Operating": NaN,
        "Interest Income Non Operating": NaN,
        "Operating Income": NaN,
        "Operating Expense": NaN,
        "Research And Development": NaN,
        "Selling General And Administration": NaN,
        "General And Administrative Expense": 14633000.0,
        "Other Gand A": 14633000.0,
        "Gross Profit": NaN,
        "Cost Of Revenue": NaN,
        "Total Revenue": NaN,
        "Operating Revenue": NaN
    },
    "2022-09-30": {
        "Tax Effect Of Unusual Items": NaN,
        "Tax Rate For Calcs": NaN,
        "Normalized EBITDA": NaN,
        "Total Unusual Items": NaN,
        "Total Unusual Items Excluding Goodwill": NaN,
        "Net Income From Continuing Operation Net Minority Interest": NaN,
        "Reconciled Depreciation": NaN,
        "Reconciled Cost Of Revenue": NaN,
        "EBITDA": NaN,
        "EBIT": NaN,
        "Net Interest Income": NaN,
        "Interest Expense": NaN,
        "Interest Income": NaN,
        "Normalized Income": NaN,
        "Net Income From Continuing And Discontinued Operation": NaN,
        "Total Expenses": NaN,
        "Total Operating Income As Reported": NaN,
        "Diluted Average Shares": NaN,
        "Basic Average Shares": NaN,
        "Diluted EPS": NaN,
        "Basic EPS": NaN,
        "Diluted NI Availto Com Stockholders": NaN,
        "Net Income Common Stockholders": NaN,
        "Otherunder Preferred Stock Dividend": 0.0,
        "Net Income": NaN,
        "Net Income Including Noncontrolling Interests": NaN,
        "Net Income Continuous Operations": NaN,
        "Tax Provision": NaN,
        "Pretax Income": NaN,
        "Other Income Expense": NaN,
        "Other Non Operating Income Expenses": NaN,
        "Gain On Sale Of Security": NaN,
        "Net Non Operating Interest Income Expense": NaN,
        "Total Other Finance Cost": 46000.0,
        "Interest Expense Non Operating": NaN,
        "Interest Income Non Operating": NaN,
        "Operating Income": NaN,
        "Operating Expense": NaN,
        "Research And Development": NaN,
        "Selling General And Administration": NaN,
        "General And Administrative Expense": 11994000.0,
        "Other Gand A": 11994000.0,
        "Gross Profit": NaN,
        "Cost Of Revenue": NaN,
        "Total Revenue": NaN,
        "Operating Revenue": NaN
    },
    "2022-06-30": {
        "Tax Effect Of Unusual Items": 0.0,
        "Tax Rate For Calcs": 0.0,
        "Normalized EBITDA": -4754000.0,
        "Total Unusual Items": -378000.0,
        "Total Unusual Items Excluding Goodwill": -378000.0,
        "Net Income From Continuing Operation Net Minority Interest": -5743000.0,
        "Reconciled Depreciation": 92000.0,
        "Reconciled Cost Of Revenue": 522000.0,
        "EBITDA": -5132000.0,
        "EBIT": -5224000.0,
        "Net Interest Income": -247000.0,
        "Interest Expense": NaN,
        "Interest Income": NaN,
        "Normalized Income": -5365000.0,
        "Net Income From Continuing And Discontinued Operation": -5743000.0,
        "Total Expenses": 20501000.0,
        "Total Operating Income As Reported": -5224000.0,
        "Diluted Average Shares": 24332531.0,
        "Basic Average Shares": 24332531.0,
        "Diluted EPS": -0.24,
        "Basic EPS": -0.24,
        "Diluted NI Availto Com Stockholders": -5743000.0,
        "Average Dilution Earnings": 0.0,
        "Net Income Common Stockholders": -5743000.0,
        "Otherunder Preferred Stock Dividend": 0.0,
        "Net Income": -5743000.0,
        "Net Income Including Noncontrolling Interests": -5743000.0,
        "Net Income Continuous Operations": -5743000.0,
        "Tax Provision": 0.0,
        "Pretax Income": -5743000.0,
        "Other Income Expense": -272000.0,
        "Other Non Operating Income Expenses": 106000.0,
        "Gain On Sale Of Security": -378000.0,
        "Net Non Operating Interest Income Expense": -247000.0,
        "Total Other Finance Cost": 247000.0,
        "Interest Expense Non Operating": NaN,
        "Interest Income Non Operating": NaN,
        "Operating Income": -5224000.0,
        "Operating Expense": 19979000.0,
        "Research And Development": 9603000.0,
        "Selling General And Administration": 10376000.0,
        "General And Administrative Expense": 10376000.0,
        "Other Gand A": 10376000.0,
        "Gross Profit": 14755000.0,
        "Cost Of Revenue": 522000.0,
        "Total Revenue": 15277000.0,
        "Operating Revenue": 15277000.0
    },
    "2022-03-31": {
        "Diluted EPS": -0.98,
        "Total Revenue": 1,
        "Gross Profit": 1,
        "Operating Income": -20,
        "EBIT": -19,
        "Net Income": -20
    },
    "2021-12-31": {
        "Diluted EPS": -0.67,
        "Total Revenue": 0,
        "Gross Profit": 0,
        "Operating Income": -14,
        "EBIT": -14,
        "Net Income": -15
    },
    "2021-09-30": {
        "Diluted EPS": -0.76,
        "Total Revenue": 1,
        "Gross Profit": 1,
        "Operating Income": -16,
        "EBIT": -16,
        "Net Income": -16
    },
    "2021-06-30": {
        "Diluted EPS": 0.29,
        "Total Revenue": 22,
        "Gross Profit": 21,
        "Operating Income": 7,
        "EBIT": 7,
        "Net Income": 6
    },
    "2021-03-31": {
        "Diluted EPS": 0.47,
        "Total Revenue": 33,
        "Gross Profit": 32,
        "Operating Income": 11,
        "EBIT": 11,
        "Net Income": 10
    },
    "2020-12-31": {
        "Diluted EPS": 1.36,
        "Total Revenue": NaN,
        "Gross Profit": NaN,
        "Operating Income": -11,
        "EBIT": -11,
        "Net Income": -11
    },
    "2020-09-30": {
        "Diluted EPS": -3.71,
        "Total Revenue": NaN,
        "Gross Profit": NaN,
        "Operating Income": -10,
        "EBIT": -10,
        "Net Income": -10
    },
    "2020-06-30": {
        "Diluted EPS": -1.23,
        "Total Revenue": NaN,
        "Gross Profit": NaN,
        "Operating Income": -3,
        "EBIT": -3,
        "Net Income": -3
    },
    "2020-03-31": {
        "Diluted EPS": -0.74,
        "Total Revenue": NaN,
        "Gross Profit": NaN,
        "Operating Income": -2,
        "EBIT": -2,
        "Net Income": -2
    },
    "2019-12-31": {
        "Diluted EPS": 0.0,
        "Total Revenue": NaN,
        "Gross Profit": NaN,
        "Operating Income": NaN,
        "EBIT": NaN,
        "Net Income": NaN
    },
    "2019-09-30": {
        "Diluted EPS": -0.28,
        "Total Revenue": NaN,
        "Gross Profit": NaN,
        "Operating Income": -1,
        "EBIT": -1,
        "Net Income": -1
    },
    "2023-06-30": {
        "Tax Effect Of Unusual Items": 0.0,
        "Tax Rate For Calcs": 0.0,
        "Normalized EBITDA": -30460000.0,
        "Total Unusual Items": 33000.0,
        "Total Unusual Items Excluding Goodwill": 33000.0,
        "Net Income From Continuing Operation Net Minority Interest": -31424000.0,
        "Reconciled Depreciation": 182000.0,
        "Reconciled Cost Of Revenue": 0.0,
        "EBITDA": -30427000.0,
        "EBIT": -30609000.0,
        "Net Interest Income": 1411000.0,
        "Interest Expense": 815000.0,
        "Interest Income": 2226000.0,
        "Normalized Income": -31457000.0,
        "Net Income From Continuing And Discontinued Operation": -31424000.0,
        "Total Expenses": 32821000.0,
        "Total Operating Income As Reported": -32821000.0,
        "Diluted Average Shares": 26815733.0,
        "Basic Average Shares": 26815733.0,
        "Diluted EPS": -1.17,
        "Basic EPS": -1.17,
        "Diluted NI Availto Com Stockholders": -31424000.0,
        "Net Income Common Stockholders": -31424000.0,
        "Net Income": -31424000.0,
        "Net Income Including Noncontrolling Interests": -31424000.0,
        "Net Income Continuous Operations": -31424000.0,
        "Tax Provision": 0.0,
        "Pretax Income": -31424000.0,
        "Other Income Expense": -14000.0,
        "Other Non Operating Income Expenses": -47000.0,
        "Special Income Charges": 0.0,
        "Other Special Charges": NaN,
        "Gain On Sale Of Security": 33000.0,
        "Net Non Operating Interest Income Expense": 1411000.0,
        "Total Other Finance Cost": 28000.0,
        "Interest Expense Non Operating": 815000.0,
        "Interest Income Non Operating": 2226000.0,
        "Operating Income": -32821000.0,
        "Operating Expense": 32821000.0,
        "Research And Development": 12546000.0,
        "Selling General And Administration": 20275000.0,
        "General And Administrative Expense": 20275000.0,
        "Other Gand A": 20275000.0,
        "Gross Profit": 0.0,
        "Cost Of Revenue": 0.0,
        "Total Revenue": 0.0,
        "Operating Revenue": 0.0
    },
    "2023-09-30": {
        "Tax Effect Of Unusual Items": 0.0,
        "Tax Rate For Calcs": 0.0,
        "Normalized EBITDA": -37932000.0,
        "Total Unusual Items": -147000.0,
        "Total Unusual Items Excluding Goodwill": -147000.0,
        "Net Income From Continuing Operation Net Minority Interest": -39148000.0,
        "Reconciled Depreciation": 244000.0,
        "Reconciled Cost Of Revenue": 377000.0,
        "EBITDA": -38079000.0,
        "EBIT": -38323000.0,
        "Net Interest Income": 1982000.0,
        "Interest Expense": 825000.0,
        "Interest Income": 2840000.0,
        "Normalized Income": -39001000.0,
        "Net Income From Continuing And Discontinued Operation": -39148000.0,
        "Total Expenses": 42806000.0,
        "Total Operating Income As Reported": -40935000.0,
        "Diluted Average Shares": 30622440.0,
        "Basic Average Shares": 30622440.0,
        "Diluted EPS": -1.28,
        "Basic EPS": -1.28,
        "Diluted NI Availto Com Stockholders": -39148000.0,
        "Net Income Common Stockholders": -39148000.0,
        "Net Income": -39148000.0,
        "Net Income Including Noncontrolling Interests": -39148000.0,
        "Net Income Continuous Operations": -39148000.0,
        "Tax Provision": 0.0,
        "Pretax Income": -39148000.0,
        "Other Income Expense": -195000.0,
        "Other Non Operating Income Expenses": -48000.0,
        "Special Income Charges": NaN,
        "Other Special Charges": NaN,
        "Gain On Sale Of Security": -147000.0,
        "Net Non Operating Interest Income Expense": 1982000.0,
        "Total Other Finance Cost": 33000.0,
        "Interest Expense Non Operating": 825000.0,
        "Interest Income Non Operating": 2840000.0,
        "Operating Income": -40935000.0,
        "Operating Expense": 42429000.0,
        "Research And Development": 12105000.0,
        "Selling General And Administration": 30324000.0,
        "General And Administrative Expense": 30324000.0,
        "Other Gand A": 30324000.0,
        "Gross Profit": 1494000.0,
        "Cost Of Revenue": 377000.0,
        "Total Revenue": 1871000.0,
        "Operating Revenue": 1871000.0
    },
    "2023-12-31": {
        "Tax Effect Of Unusual Items": 0.0,
        "Tax Rate For Calcs": 0.0,
        "Normalized EBITDA": -41169000.0,
        "Total Unusual Items": 572000.0,
        "Total Unusual Items Excluding Goodwill": 572000.0,
        "Net Income From Continuing Operation Net Minority Interest": -41902000.0,
        "Reconciled Depreciation": 347000.0,
        "Reconciled Cost Of Revenue": 1216000.0,
        "EBITDA": -40597000.0,
        "EBIT": -40944000.0,
        "Net Interest Income": 1989000.0,
        "Interest Expense": 958000.0,
        "Interest Income": 2978000.0,
        "Normalized Income": -42474000.0,
        "Net Income From Continuing And Discontinued Operation": -41902000.0,
        "Total Expenses": 57526000.0,
        "Total Operating Income As Reported": -44450000.0,
        "Diluted Average Shares": 31944237.0,
        "Basic Average Shares": 31944237.0,
        "Diluted EPS": -1.31,
        "Basic EPS": -1.31,
        "Diluted NI Availto Com Stockholders": -41902000.0,
        "Net Income Common Stockholders": -41902000.0,
        "Net Income": -41902000.0,
        "Net Income Including Noncontrolling Interests": -41902000.0,
        "Net Income Continuous Operations": -41902000.0,
        "Tax Provision": 0.0,
        "Pretax Income": -41902000.0,
        "Other Income Expense": 559000.0,
        "Other Non Operating Income Expenses": -13000.0,
        "Special Income Charges": NaN,
        "Other Special Charges": NaN,
        "Gain On Sale Of Security": 572000.0,
        "Net Non Operating Interest Income Expense": 1989000.0,
        "Total Other Finance Cost": 31000.0,
        "Interest Expense Non Operating": 958000.0,
        "Interest Income Non Operating": 2978000.0,
        "Operating Income": -44450000.0,
        "Operating Expense": 56310000.0,
        "Research And Development": 13305000.0,
        "Selling General And Administration": 43005000.0,
        "General And Administrative Expense": NaN,
        "Other Gand A": NaN,
        "Gross Profit": 11860000.0,
        "Cost Of Revenue": 1216000.0,
        "Total Revenue": 13076000.0,
        "Operating Revenue": 13076000.0
    },
    "2024-03-31": {
        "Tax Effect Of Unusual Items": 0.0,
        "Tax Rate For Calcs": 0.0,
        "Normalized EBITDA": -33726000.0,
        "Total Unusual Items": -786000.0,
        "Total Unusual Items Excluding Goodwill": -786000.0,
        "Net Income From Continuing Operation Net Minority Interest": -35731000.0,
        "Reconciled Depreciation": 270000.0,
        "Reconciled Cost Of Revenue": 1654000.0,
        "EBITDA": -34512000.0,
        "EBIT": -34782000.0,
        "Net Interest Income": 2134000.0,
        "Interest Expense": 949000.0,
        "Interest Income": 3117000.0,
        "Normalized Income": -34945000.0,
        "Net Income From Continuing And Discontinued Operation": -35731000.0,
        "Total Expenses": 65298000.0,
        "Total Operating Income As Reported": -37684000.0,
        "Diluted Average Shares": 35300655.0,
        "Basic Average Shares": 35300655.0,
        "Diluted EPS": -1.01,
        "Basic EPS": -1.01,
        "Diluted NI Availto Com Stockholders": -35731000.0,
        "Net Income Common Stockholders": -35731000.0,
        "Net Income": -35731000.0,
        "Net Income Including Noncontrolling Interests": -35731000.0,
        "Net Income Continuous Operations": -35731000.0,
        "Tax Provision": NaN,
        "Pretax Income": -35731000.0,
        "Other Income Expense": -181000.0,
        "Other Non Operating Income Expenses": 605000.0,
        "Special Income Charges": NaN,
        "Other Special Charges": NaN,
        "Gain On Sale Of Security": -786000.0,
        "Net Non Operating Interest Income Expense": 2134000.0,
        "Total Other Finance Cost": 34000.0,
        "Interest Expense Non Operating": 949000.0,
        "Interest Income Non Operating": 3117000.0,
        "Operating Income": -37684000.0,
        "Operating Expense": 63644000.0,
        "Research And Development": 12066000.0,
        "Selling General And Administration": 51578000.0,
        "General And Administrative Expense": NaN,
        "Other Gand A": NaN,
        "Gross Profit": 25960000.0,
        "Cost Of Revenue": 1654000.0,
        "Total Revenue": 27614000.0,
        "Operating Revenue": 27614000.0
    },
    "2024-06-30": {
        "Tax Effect Of Unusual Items": 0.0,
        "Tax Rate For Calcs": 0.0,
        "Normalized EBITDA": -29093000.0,
        "Total Unusual Items": -1950000.0,
        "Total Unusual Items Excluding Goodwill": -1950000.0,
        "Net Income From Continuing Operation Net Minority Interest": -33290000.0,
        "Reconciled Depreciation": 239000.0,
        "Reconciled Cost Of Revenue": 3004000.0,
        "EBITDA": -31043000.0,
        "EBIT": -31282000.0,
        "Net Interest Income": 2021000.0,
        "Interest Expense": 2008000.0,
        "Interest Income": 4130000.0,
        "Normalized Income": -31340000.0,
        "Net Income From Continuing And Discontinued Operation": -33290000.0,
        "Total Expenses": 74115000.0,
        "Total Operating Income As Reported": -33302000.0,
        "Diluted Average Shares": 37823233.0,
        "Basic Average Shares": 37823233.0,
        "Diluted EPS": -0.88,
        "Basic EPS": -0.88,
        "Diluted NI Availto Com Stockholders": -33290000.0,
        "Net Income Common Stockholders": -33290000.0,
        "Net Income": -33290000.0,
        "Net Income Including Noncontrolling Interests": -33290000.0,
        "Net Income Continuous Operations": -33290000.0,
        "Tax Provision": NaN,
        "Pretax Income": -33290000.0,
        "Other Income Expense": -2009000.0,
        "Other Non Operating Income Expenses": -59000.0,
        "Special Income Charges": -1944000.0,
        "Other Special Charges": 1944000.0,
        "Gain On Sale Of Security": -6000.0,
        "Net Non Operating Interest Income Expense": 2021000.0,
        "Total Other Finance Cost": 101000.0,
        "Interest Expense Non Operating": 2008000.0,
        "Interest Income Non Operating": 4130000.0,
        "Operating Income": -33302000.0,
        "Operating Expense": 71111000.0,
        "Research And Development": 12319000.0,
        "Selling General And Administration": 58792000.0,
        "General And Administrative Expense": NaN,
        "Other Gand A": NaN,
        "Gross Profit": 37809000.0,
        "Cost Of Revenue": 3004000.0,
        "Total Revenue": 40813000.0,
        "Operating Revenue": 40813000.0
    }
}