{
    "2023-03-31": {
        "Tax Effect Of Unusual Items": NaN,
        "Tax Rate For Calcs": NaN,
        "Normalized EBITDA": NaN,
        "Total Unusual Items": 140000.0,
        "Total Unusual Items Excluding Goodwill": 140000.0,
        "Net Income From Continuing Operation Net Minority Interest": NaN,
        "Reconciled Depreciation": NaN,
        "Reconciled Cost Of Revenue": NaN,
        "EBITDA": NaN,
        "EBIT": NaN,
        "Net Interest Income": NaN,
        "Interest Expense": NaN,
        "Interest Income": 390000.0,
        "Normalized Income": NaN,
        "Net Income From Continuing And Discontinued Operation": NaN,
        "Total Expenses": NaN,
        "Total Operating Income As Reported": NaN,
        "Diluted Average Shares": NaN,
        "Basic Average Shares": NaN,
        "Diluted EPS": NaN,
        "Basic EPS": NaN,
        "Diluted NI Availto Com Stockholders": NaN,
        "Net Income Common Stockholders": NaN,
        "Preferred Stock Dividends": NaN,
        "Net Income": NaN,
        "Net Income Including Noncontrolling Interests": NaN,
        "Net Income Discontinuous Operations": NaN,
        "Net Income Continuous Operations": NaN,
        "Tax Provision": NaN,
        "Pretax Income": NaN,
        "Other Income Expense": NaN,
        "Other Non Operating Income Expenses": NaN,
        "Special Income Charges": NaN,
        "Other Special Charges": NaN,
        "Impairment Of Capital Assets": NaN,
        "Gain On Sale Of Security": 140000.0,
        "Net Non Operating Interest Income Expense": NaN,
        "Interest Expense Non Operating": NaN,
        "Interest Income Non Operating": 390000.0,
        "Operating Income": NaN,
        "Operating Expense": NaN,
        "Research And Development": NaN,
        "Selling General And Administration": NaN,
        "Selling And Marketing Expense": NaN,
        "General And Administrative Expense": NaN,
        "Other Gand A": NaN,
        "Salaries And Wages": NaN,
        "Gross Profit": NaN,
        "Cost Of Revenue": NaN,
        "Total Revenue": NaN,
        "Operating Revenue": NaN
    },
    "2022-12-31": {
        "Tax Effect Of Unusual Items": NaN,
        "Tax Rate For Calcs": NaN,
        "Normalized EBITDA": NaN,
        "Total Unusual Items": NaN,
        "Total Unusual Items Excluding Goodwill": NaN,
        "Net Income From Continuing Operation Net Minority Interest": NaN,
        "Reconciled Depreciation": NaN,
        "Reconciled Cost Of Revenue": NaN,
        "EBITDA": NaN,
        "EBIT": NaN,
        "Net Interest Income": NaN,
        "Interest Expense": NaN,
        "Interest Income": NaN,
        "Normalized Income": NaN,
        "Net Income From Continuing And Discontinued Operation": NaN,
        "Total Expenses": NaN,
        "Total Operating Income As Reported": NaN,
        "Diluted Average Shares": NaN,
        "Basic Average Shares": NaN,
        "Diluted EPS": NaN,
        "Basic EPS": NaN,
        "Diluted NI Availto Com Stockholders": NaN,
        "Net Income Common Stockholders": NaN,
        "Preferred Stock Dividends": NaN,
        "Net Income": NaN,
        "Net Income Including Noncontrolling Interests": NaN,
        "Net Income Discontinuous Operations": NaN,
        "Net Income Continuous Operations": NaN,
        "Tax Provision": NaN,
        "Pretax Income": NaN,
        "Other Income Expense": NaN,
        "Other Non Operating Income Expenses": NaN,
        "Special Income Charges": 0.0,
        "Other Special Charges": 0.0,
        "Impairment Of Capital Assets": NaN,
        "Gain On Sale Of Security": 29000.0,
        "Net Non Operating Interest Income Expense": NaN,
        "Interest Expense Non Operating": NaN,
        "Interest Income Non Operating": NaN,
        "Operating Income": NaN,
        "Operating Expense": NaN,
        "Research And Development": NaN,
        "Selling General And Administration": NaN,
        "Selling And Marketing Expense": NaN,
        "General And Administrative Expense": NaN,
        "Other Gand A": NaN,
        "Salaries And Wages": NaN,
        "Gross Profit": NaN,
        "Cost Of Revenue": NaN,
        "Total Revenue": NaN,
        "Operating Revenue": NaN
    },
    "2022-09-30": {
        "Tax Effect Of Unusual Items": NaN,
        "Tax Rate For Calcs": NaN,
        "Normalized EBITDA": NaN,
        "Total Unusual Items": NaN,
        "Total Unusual Items Excluding Goodwill": NaN,
        "Net Income From Continuing Operation Net Minority Interest": NaN,
        "Reconciled Depreciation": NaN,
        "Reconciled Cost Of Revenue": NaN,
        "EBITDA": NaN,
        "EBIT": NaN,
        "Net Interest Income": NaN,
        "Interest Expense": NaN,
        "Interest Income": NaN,
        "Normalized Income": NaN,
        "Net Income From Continuing And Discontinued Operation": NaN,
        "Total Expenses": NaN,
        "Total Operating Income As Reported": NaN,
        "Diluted Average Shares": NaN,
        "Basic Average Shares": NaN,
        "Diluted EPS": NaN,
        "Basic EPS": NaN,
        "Diluted NI Availto Com Stockholders": NaN,
        "Net Income Common Stockholders": NaN,
        "Preferred Stock Dividends": NaN,
        "Net Income": NaN,
        "Net Income Including Noncontrolling Interests": NaN,
        "Net Income Continuous Operations": NaN,
        "Tax Provision": NaN,
        "Pretax Income": NaN,
        "Other Income Expense": NaN,
        "Other Non Operating Income Expenses": NaN,
        "Special Income Charges": -727000.0,
        "Other Special Charges": 727000.0,
        "Gain On Sale Of Security": NaN,
        "Net Non Operating Interest Income Expense": NaN,
        "Interest Expense Non Operating": NaN,
        "Interest Income Non Operating": NaN,
        "Operating Income": NaN,
        "Operating Expense": NaN,
        "Research And Development": NaN,
        "Selling General And Administration": NaN,
        "Selling And Marketing Expense": NaN,
        "General And Administrative Expense": NaN,
        "Other Gand A": NaN,
        "Salaries And Wages": NaN,
        "Gross Profit": NaN,
        "Cost Of Revenue": NaN,
        "Total Revenue": NaN,
        "Operating Revenue": NaN
    },
    "2022-06-30": {
        "Tax Effect Of Unusual Items": -10800.0,
        "Tax Rate For Calcs": 0.4,
        "Normalized EBITDA": -13852000.0,
        "Total Unusual Items": -27000.0,
        "Total Unusual Items Excluding Goodwill": -27000.0,
        "Net Income From Continuing Operation Net Minority Interest": -14831000.0,
        "Reconciled Depreciation": 647000.0,
        "Reconciled Cost Of Revenue": 2943000.0,
        "EBITDA": -13879000.0,
        "EBIT": -14526000.0,
        "Net Interest Income": -299000.0,
        "Interest Expense": 299000.0,
        "Normalized Income": -14814800.0,
        "Net Income From Continuing And Discontinued Operation": -14831000.0,
        "Total Expenses": 20142000.0,
        "Total Operating Income As Reported": -14487000.0,
        "Diluted Average Shares": 29435838.0,
        "Basic Average Shares": 29435838.0,
        "Diluted EPS": -0.5,
        "Basic EPS": -0.5,
        "Diluted NI Availto Com Stockholders": -14831000.0,
        "Net Income Common Stockholders": -14831000.0,
        "Preferred Stock Dividends": NaN,
        "Net Income": -14831000.0,
        "Net Income Including Noncontrolling Interests": -14831000.0,
        "Net Income Continuous Operations": -14831000.0,
        "Tax Provision": 6000.0,
        "Pretax Income": -14825000.0,
        "Other Income Expense": -39000.0,
        "Other Non Operating Income Expenses": -12000.0,
        "Special Income Charges": 0.0,
        "Other Special Charges": NaN,
        "Gain On Sale Of Security": -27000.0,
        "Net Non Operating Interest Income Expense": -299000.0,
        "Interest Expense Non Operating": 299000.0,
        "Operating Income": -14487000.0,
        "Operating Expense": 17199000.0,
        "Research And Development": 7124000.0,
        "Selling General And Administration": 10075000.0,
        "Selling And Marketing Expense": 4514000.0,
        "General And Administrative Expense": 5561000.0,
        "Other Gand A": 5561000.0,
        "Salaries And Wages": NaN,
        "Gross Profit": 2712000.0,
        "Cost Of Revenue": 2943000.0,
        "Total Revenue": 5655000.0,
        "Operating Revenue": 5655000.0
    },
    "2022-03-31": {
        "Diluted EPS": -0.45,
        "Total Revenue": 6,
        "Gross Profit": 3,
        "Operating Income": -13,
        "EBIT": -12,
        "Net Income": -13
    },
    "2021-12-31": {
        "Diluted EPS": 0.69,
        "Total Revenue": 3,
        "Gross Profit": 1,
        "Operating Income": -12,
        "EBIT": -12,
        "Net Income": -12
    },
    "2021-09-30": {
        "Diluted EPS": -0.34,
        "Total Revenue": 3,
        "Gross Profit": 1,
        "Operating Income": -9,
        "EBIT": -9,
        "Net Income": -10
    },
    "2021-06-30": {
        "Diluted EPS": -1.06,
        "Total Revenue": 3,
        "Gross Profit": 1,
        "Operating Income": -8,
        "EBIT": -7,
        "Net Income": -9
    },
    "2021-03-31": {
        "Diluted EPS": -1.43,
        "Total Revenue": 2,
        "Gross Profit": 1,
        "Operating Income": -6,
        "EBIT": -6,
        "Net Income": -7
    },
    "2020-12-31": {
        "Diluted EPS": 0.0,
        "Total Revenue": NaN,
        "Gross Profit": NaN,
        "Operating Income": NaN,
        "EBIT": NaN,
        "Net Income": NaN
    },
    "2020-09-30": {
        "Diluted EPS": -0.89,
        "Total Revenue": 2,
        "Gross Profit": 1,
        "Operating Income": -4,
        "EBIT": -4,
        "Net Income": -4
    },
    "2020-06-30": {
        "Diluted EPS": -0.82,
        "Total Revenue": 2,
        "Gross Profit": 1,
        "Operating Income": -3,
        "EBIT": -3,
        "Net Income": -4
    },
    "2023-06-30": {
        "Tax Effect Of Unusual Items": 3990.0,
        "Tax Rate For Calcs": 0.21,
        "Normalized EBITDA": -6649000.0,
        "Total Unusual Items": 19000.0,
        "Total Unusual Items Excluding Goodwill": 19000.0,
        "Net Income From Continuing Operation Net Minority Interest": -7763000.0,
        "Reconciled Depreciation": 422000.0,
        "Reconciled Cost Of Revenue": 2039000.0,
        "EBITDA": -6630000.0,
        "EBIT": -7052000.0,
        "Net Interest Income": -333000.0,
        "Interest Expense": 707000.0,
        "Interest Income": 374000.0,
        "Normalized Income": -7778010.0,
        "Net Income From Continuing And Discontinued Operation": -8287000.0,
        "Total Expenses": 14446000.0,
        "Total Operating Income As Reported": -7442000.0,
        "Diluted Average Shares": 1654127.0,
        "Basic Average Shares": 1654127.0,
        "Diluted EPS": -5.1,
        "Basic EPS": -5.1,
        "Diluted NI Availto Com Stockholders": -8440000.0,
        "Net Income Common Stockholders": -8440000.0,
        "Preferred Stock Dividends": 153000.0,
        "Net Income": -8287000.0,
        "Net Income Including Noncontrolling Interests": -8287000.0,
        "Net Income Discontinuous Operations": -524000.0,
        "Net Income Continuous Operations": -7763000.0,
        "Tax Provision": 4000.0,
        "Pretax Income": -7759000.0,
        "Other Income Expense": 16000.0,
        "Other Non Operating Income Expenses": -3000.0,
        "Special Income Charges": 0.0,
        "Other Special Charges": NaN,
        "Impairment Of Capital Assets": 0.0,
        "Gain On Sale Of Security": 19000.0,
        "Net Non Operating Interest Income Expense": -333000.0,
        "Interest Expense Non Operating": 707000.0,
        "Interest Income Non Operating": 374000.0,
        "Operating Income": -7442000.0,
        "Operating Expense": 12407000.0,
        "Research And Development": 3921000.0,
        "Selling General And Administration": 8486000.0,
        "Selling And Marketing Expense": 3192000.0,
        "General And Administrative Expense": 5294000.0,
        "Other Gand A": 5294000.0,
        "Salaries And Wages": 875000.0,
        "Gross Profit": 4965000.0,
        "Cost Of Revenue": 2039000.0,
        "Total Revenue": 7004000.0,
        "Operating Revenue": 7004000.0
    },
    "2023-09-30": {
        "Tax Effect Of Unusual Items": 35070.0,
        "Tax Rate For Calcs": 0.21,
        "Normalized EBITDA": -8711000.0,
        "Total Unusual Items": 167000.0,
        "Total Unusual Items Excluding Goodwill": 167000.0,
        "Net Income From Continuing Operation Net Minority Interest": -10631000.0,
        "Reconciled Depreciation": 1390000.0,
        "Reconciled Cost Of Revenue": 2567000.0,
        "EBITDA": -8544000.0,
        "EBIT": -9934000.0,
        "Net Interest Income": -683000.0,
        "Interest Expense": 683000.0,
        "Interest Income": NaN,
        "Normalized Income": -10762930.0,
        "Net Income From Continuing And Discontinued Operation": -10631000.0,
        "Total Expenses": 15685000.0,
        "Total Operating Income As Reported": -10121000.0,
        "Diluted Average Shares": 1663709.0,
        "Basic Average Shares": 1663709.0,
        "Diluted EPS": -6.66,
        "Basic EPS": -6.66,
        "Diluted NI Availto Com Stockholders": -11199000.0,
        "Net Income Common Stockholders": -11199000.0,
        "Preferred Stock Dividends": 568000.0,
        "Net Income": -10631000.0,
        "Net Income Including Noncontrolling Interests": -10631000.0,
        "Net Income Discontinuous Operations": NaN,
        "Net Income Continuous Operations": -10631000.0,
        "Tax Provision": 14000.0,
        "Pretax Income": -10617000.0,
        "Other Income Expense": 187000.0,
        "Other Non Operating Income Expenses": 20000.0,
        "Special Income Charges": 0.0,
        "Other Special Charges": NaN,
        "Impairment Of Capital Assets": NaN,
        "Gain On Sale Of Security": 167000.0,
        "Net Non Operating Interest Income Expense": -683000.0,
        "Interest Expense Non Operating": 683000.0,
        "Interest Income Non Operating": NaN,
        "Operating Income": -10121000.0,
        "Operating Expense": 13118000.0,
        "Research And Development": 4119000.0,
        "Selling General And Administration": 8999000.0,
        "Selling And Marketing Expense": 2743000.0,
        "General And Administrative Expense": 6256000.0,
        "Other Gand A": 6256000.0,
        "Salaries And Wages": NaN,
        "Gross Profit": 2997000.0,
        "Cost Of Revenue": 2567000.0,
        "Total Revenue": 5564000.0,
        "Operating Revenue": 5564000.0
    },
    "2023-12-31": {
        "Tax Effect Of Unusual Items": -2390640.0,
        "Tax Rate For Calcs": 0.21,
        "Normalized EBITDA": -3309000.0,
        "Total Unusual Items": -11384000.0,
        "Total Unusual Items Excluding Goodwill": -11384000.0,
        "Net Income From Continuing Operation Net Minority Interest": -17687000.0,
        "Reconciled Depreciation": 1151000.0,
        "Reconciled Cost Of Revenue": 2228000.0,
        "EBITDA": -14693000.0,
        "EBIT": -15844000.0,
        "Net Interest Income": -97000.0,
        "Interest Expense": 1840000.0,
        "Interest Income": NaN,
        "Normalized Income": -8693640.0,
        "Net Income From Continuing And Discontinued Operation": -17687000.0,
        "Total Expenses": 13069000.0,
        "Total Operating Income As Reported": -17481000.0,
        "Diluted Average Shares": 1667244.0,
        "Basic Average Shares": 1667244.0,
        "Diluted EPS": -10.98,
        "Basic EPS": -10.98,
        "Diluted NI Availto Com Stockholders": -18266000.0,
        "Net Income Common Stockholders": -18266000.0,
        "Preferred Stock Dividends": 579000.0,
        "Net Income": -17687000.0,
        "Net Income Including Noncontrolling Interests": -17687000.0,
        "Net Income Discontinuous Operations": NaN,
        "Net Income Continuous Operations": -17687000.0,
        "Tax Provision": 3000.0,
        "Pretax Income": -17684000.0,
        "Other Income Expense": -11495000.0,
        "Other Non Operating Income Expenses": -111000.0,
        "Special Income Charges": -11389000.0,
        "Other Special Charges": NaN,
        "Impairment Of Capital Assets": NaN,
        "Gain On Sale Of Security": 5000.0,
        "Net Non Operating Interest Income Expense": -97000.0,
        "Interest Expense Non Operating": 1840000.0,
        "Interest Income Non Operating": NaN,
        "Operating Income": -6092000.0,
        "Operating Expense": 10841000.0,
        "Research And Development": 3669000.0,
        "Selling General And Administration": 7172000.0,
        "Selling And Marketing Expense": 3604000.0,
        "General And Administrative Expense": 3568000.0,
        "Other Gand A": 3568000.0,
        "Salaries And Wages": NaN,
        "Gross Profit": 4749000.0,
        "Cost Of Revenue": 2228000.0,
        "Total Revenue": 6977000.0,
        "Operating Revenue": 6977000.0
    },
    "2024-03-31": {
        "Tax Effect Of Unusual Items": 0.0,
        "Tax Rate For Calcs": 0.21,
        "Normalized EBITDA": -7243000.0,
        "Total Unusual Items": NaN,
        "Total Unusual Items Excluding Goodwill": NaN,
        "Net Income From Continuing Operation Net Minority Interest": -8637000.0,
        "Reconciled Depreciation": 1175000.0,
        "Reconciled Cost Of Revenue": 1994000.0,
        "EBITDA": -7243000.0,
        "EBIT": -8418000.0,
        "Net Interest Income": 11000.0,
        "Interest Expense": 217000.0,
        "Interest Income": 228000.0,
        "Normalized Income": -8637000.0,
        "Net Income From Continuing And Discontinued Operation": -8637000.0,
        "Total Expenses": 11961000.0,
        "Total Operating Income As Reported": -8521000.0,
        "Diluted Average Shares": 1670981.0,
        "Basic Average Shares": 1670981.0,
        "Diluted EPS": -5.520006,
        "Basic EPS": -5.520006,
        "Diluted NI Availto Com Stockholders": -9222000.0,
        "Net Income Common Stockholders": -9222000.0,
        "Preferred Stock Dividends": 585000.0,
        "Net Income": -8637000.0,
        "Net Income Including Noncontrolling Interests": -8637000.0,
        "Net Income Discontinuous Operations": NaN,
        "Net Income Continuous Operations": -8637000.0,
        "Tax Provision": 2000.0,
        "Pretax Income": -8635000.0,
        "Other Income Expense": -125000.0,
        "Other Non Operating Income Expenses": -125000.0,
        "Special Income Charges": NaN,
        "Other Special Charges": NaN,
        "Impairment Of Capital Assets": NaN,
        "Gain On Sale Of Security": NaN,
        "Net Non Operating Interest Income Expense": 11000.0,
        "Interest Expense Non Operating": 217000.0,
        "Interest Income Non Operating": 228000.0,
        "Operating Income": -8521000.0,
        "Operating Expense": 9967000.0,
        "Research And Development": 2925000.0,
        "Selling General And Administration": 7042000.0,
        "Selling And Marketing Expense": 1675000.0,
        "General And Administrative Expense": 5367000.0,
        "Other Gand A": 5367000.0,
        "Salaries And Wages": NaN,
        "Gross Profit": 1446000.0,
        "Cost Of Revenue": 1994000.0,
        "Total Revenue": 3440000.0,
        "Operating Revenue": 3440000.0
    },
    "2024-06-30": {
        "Tax Effect Of Unusual Items": -213570.0,
        "Tax Rate For Calcs": 0.21,
        "Normalized EBITDA": -9527000.0,
        "Total Unusual Items": -1017000.0,
        "Total Unusual Items Excluding Goodwill": -1017000.0,
        "Net Income From Continuing Operation Net Minority Interest": -11561000.0,
        "Reconciled Depreciation": 802000.0,
        "Reconciled Cost Of Revenue": 2349000.0,
        "EBITDA": -10544000.0,
        "EBIT": -11346000.0,
        "Net Interest Income": -54000.0,
        "Interest Expense": 214000.0,
        "Interest Income": 160000.0,
        "Normalized Income": -10757570.0,
        "Net Income From Continuing And Discontinued Operation": -12585000.0,
        "Total Expenses": 12024000.0,
        "Total Operating Income As Reported": -11491000.0,
        "Diluted Average Shares": 1730210.0,
        "Basic Average Shares": 1730210.0,
        "Diluted EPS": -7.62,
        "Basic EPS": -7.62,
        "Diluted NI Availto Com Stockholders": -13181000.0,
        "Net Income Common Stockholders": -13181000.0,
        "Preferred Stock Dividends": 596000.0,
        "Net Income": -12585000.0,
        "Net Income Including Noncontrolling Interests": -12585000.0,
        "Net Income Discontinuous Operations": -1024000.0,
        "Net Income Continuous Operations": -11561000.0,
        "Tax Provision": 1000.0,
        "Pretax Income": -11560000.0,
        "Other Income Expense": -1032000.0,
        "Other Non Operating Income Expenses": -15000.0,
        "Special Income Charges": -1017000.0,
        "Other Special Charges": NaN,
        "Impairment Of Capital Assets": 1017000.0,
        "Gain On Sale Of Security": NaN,
        "Net Non Operating Interest Income Expense": -54000.0,
        "Interest Expense Non Operating": 214000.0,
        "Interest Income Non Operating": 160000.0,
        "Operating Income": -10474000.0,
        "Operating Expense": 9675000.0,
        "Research And Development": 2470000.0,
        "Selling General And Administration": 7205000.0,
        "Selling And Marketing Expense": 1698000.0,
        "General And Administrative Expense": 5507000.0,
        "Other Gand A": 5507000.0,
        "Salaries And Wages": NaN,
        "Gross Profit": -799000.0,
        "Cost Of Revenue": 2349000.0,
        "Total Revenue": 1550000.0,
        "Operating Revenue": 1550000.0
    }
}