{
    "2023-09-30": {
        "Tax Effect Of Unusual Items": 0.0,
        "Tax Rate For Calcs": 0.21,
        "Normalized EBITDA": 1516000.0,
        "Total Unusual Items": 0.0,
        "Total Unusual Items Excluding Goodwill": 0.0,
        "Net Income From Continuing Operation Net Minority Interest": -3562000.0,
        "Reconciled Depreciation": 6505000.0,
        "Reconciled Cost Of Revenue": 43863000.0,
        "EBITDA": 1516000.0,
        "EBIT": -4989000.0,
        "Net Interest Income": -3071000.0,
        "Interest Expense": 3071000.0,
        "Normalized Income": -3562000.0,
        "Net Income From Continuing And Discontinued Operation": -3562000.0,
        "Total Expenses": 87925000.0,
        "Total Operating Income As Reported": -5213000.0,
        "Diluted Average Shares": 14205000.0,
        "Basic Average Shares": 14205000.0,
        "Diluted EPS": -0.24,
        "Basic EPS": -0.24,
        "Diluted NI Availto Com Stockholders": -3480000.0,
        "Net Income Common Stockholders": -3480000.0,
        "Otherunder Preferred Stock Dividend": -82000.0,
        "Net Income": -3562000.0,
        "Net Income Including Noncontrolling Interests": -3562000.0,
        "Net Income Continuous Operations": -3562000.0,
        "Tax Provision": -4498000.0,
        "Pretax Income": -8060000.0,
        "Other Income Expense": 224000.0,
        "Other Non Operating Income Expenses": 224000.0,
        "Special Income Charges": 0.0,
        "Restructuring And Mergern Acquisition": 0.0,
        "Net Non Operating Interest Income Expense": -3071000.0,
        "Interest Expense Non Operating": 3071000.0,
        "Operating Income": -5213000.0,
        "Operating Expense": 44062000.0,
        "Depreciation Amortization Depletion Income Statement": 6505000.0,
        "Depreciation And Amortization In Income Statement": 6505000.0,
        "Amortization": 6208000.0,
        "Amortization Of Intangibles Income Statement": 6208000.0,
        "Depreciation Income Statement": 297000.0,
        "Research And Development": 9778000.0,
        "Selling General And Administration": 27779000.0,
        "Selling And Marketing Expense": 6818000.0,
        "General And Administrative Expense": 20961000.0,
        "Other Gand A": 20961000.0,
        "Gross Profit": 38849000.0,
        "Cost Of Revenue": 43863000.0,
        "Total Revenue": 82712000.0,
        "Operating Revenue": 82712000.0
    },
    "2023-06-30": {
        "Tax Effect Of Unusual Items": NaN,
        "Tax Rate For Calcs": NaN,
        "Normalized EBITDA": NaN,
        "Total Unusual Items": 0.0,
        "Total Unusual Items Excluding Goodwill": 0.0,
        "Net Income From Continuing Operation Net Minority Interest": NaN,
        "Reconciled Depreciation": NaN,
        "Reconciled Cost Of Revenue": NaN,
        "EBITDA": NaN,
        "EBIT": NaN,
        "Net Interest Income": NaN,
        "Interest Expense": NaN,
        "Normalized Income": NaN,
        "Net Income From Continuing And Discontinued Operation": NaN,
        "Total Expenses": NaN,
        "Total Operating Income As Reported": NaN,
        "Diluted Average Shares": NaN,
        "Basic Average Shares": NaN,
        "Diluted EPS": NaN,
        "Basic EPS": NaN,
        "Diluted NI Availto Com Stockholders": NaN,
        "Net Income Common Stockholders": NaN,
        "Otherunder Preferred Stock Dividend": NaN,
        "Net Income": NaN,
        "Net Income Including Noncontrolling Interests": NaN,
        "Net Income Continuous Operations": NaN,
        "Tax Provision": NaN,
        "Pretax Income": NaN,
        "Other Income Expense": NaN,
        "Other Non Operating Income Expenses": NaN,
        "Special Income Charges": 0.0,
        "Restructuring And Mergern Acquisition": 0.0,
        "Net Non Operating Interest Income Expense": NaN,
        "Interest Expense Non Operating": NaN,
        "Operating Income": NaN,
        "Operating Expense": NaN,
        "Depreciation Amortization Depletion Income Statement": NaN,
        "Depreciation And Amortization In Income Statement": NaN,
        "Amortization": NaN,
        "Amortization Of Intangibles Income Statement": NaN,
        "Depreciation Income Statement": NaN,
        "Research And Development": NaN,
        "Selling General And Administration": NaN,
        "Selling And Marketing Expense": NaN,
        "General And Administrative Expense": NaN,
        "Other Gand A": NaN,
        "Gross Profit": NaN,
        "Cost Of Revenue": NaN,
        "Total Revenue": NaN,
        "Operating Revenue": NaN
    },
    "2023-03-31": {
        "Tax Effect Of Unusual Items": NaN,
        "Tax Rate For Calcs": NaN,
        "Normalized EBITDA": NaN,
        "Total Unusual Items": 0.0,
        "Total Unusual Items Excluding Goodwill": 0.0,
        "Net Income From Continuing Operation Net Minority Interest": NaN,
        "Reconciled Depreciation": NaN,
        "Reconciled Cost Of Revenue": NaN,
        "EBITDA": NaN,
        "EBIT": NaN,
        "Net Interest Income": NaN,
        "Interest Expense": NaN,
        "Normalized Income": NaN,
        "Net Income From Continuing And Discontinued Operation": NaN,
        "Total Expenses": NaN,
        "Total Operating Income As Reported": NaN,
        "Diluted Average Shares": NaN,
        "Basic Average Shares": NaN,
        "Diluted EPS": NaN,
        "Basic EPS": NaN,
        "Diluted NI Availto Com Stockholders": NaN,
        "Net Income Common Stockholders": NaN,
        "Otherunder Preferred Stock Dividend": NaN,
        "Net Income": NaN,
        "Net Income Including Noncontrolling Interests": NaN,
        "Net Income Continuous Operations": NaN,
        "Tax Provision": NaN,
        "Pretax Income": NaN,
        "Other Income Expense": NaN,
        "Other Non Operating Income Expenses": NaN,
        "Special Income Charges": 0.0,
        "Restructuring And Mergern Acquisition": 0.0,
        "Net Non Operating Interest Income Expense": NaN,
        "Interest Expense Non Operating": NaN,
        "Operating Income": NaN,
        "Operating Expense": NaN,
        "Depreciation Amortization Depletion Income Statement": NaN,
        "Depreciation And Amortization In Income Statement": NaN,
        "Amortization": NaN,
        "Amortization Of Intangibles Income Statement": NaN,
        "Depreciation Income Statement": NaN,
        "Research And Development": NaN,
        "Selling General And Administration": NaN,
        "Selling And Marketing Expense": NaN,
        "General And Administrative Expense": NaN,
        "Other Gand A": NaN,
        "Gross Profit": NaN,
        "Cost Of Revenue": NaN,
        "Total Revenue": NaN,
        "Operating Revenue": NaN
    },
    "2022-12-31": {
        "Tax Effect Of Unusual Items": NaN,
        "Tax Rate For Calcs": NaN,
        "Normalized EBITDA": NaN,
        "Total Unusual Items": -427000.0,
        "Total Unusual Items Excluding Goodwill": -427000.0,
        "Net Income From Continuing Operation Net Minority Interest": NaN,
        "Reconciled Depreciation": NaN,
        "Reconciled Cost Of Revenue": NaN,
        "EBITDA": NaN,
        "EBIT": NaN,
        "Net Interest Income": NaN,
        "Interest Expense": NaN,
        "Normalized Income": NaN,
        "Net Income From Continuing And Discontinued Operation": NaN,
        "Total Expenses": NaN,
        "Total Operating Income As Reported": NaN,
        "Diluted Average Shares": NaN,
        "Basic Average Shares": NaN,
        "Diluted EPS": NaN,
        "Basic EPS": NaN,
        "Diluted NI Availto Com Stockholders": NaN,
        "Net Income Common Stockholders": NaN,
        "Otherunder Preferred Stock Dividend": NaN,
        "Net Income": NaN,
        "Net Income Including Noncontrolling Interests": NaN,
        "Net Income Continuous Operations": NaN,
        "Tax Provision": NaN,
        "Pretax Income": NaN,
        "Other Income Expense": NaN,
        "Other Non Operating Income Expenses": NaN,
        "Special Income Charges": -427000.0,
        "Other Special Charges": 0.0,
        "Restructuring And Mergern Acquisition": 427000.0,
        "Net Non Operating Interest Income Expense": NaN,
        "Interest Expense Non Operating": NaN,
        "Operating Income": NaN,
        "Operating Expense": NaN,
        "Depreciation Amortization Depletion Income Statement": NaN,
        "Depreciation And Amortization In Income Statement": NaN,
        "Amortization": NaN,
        "Amortization Of Intangibles Income Statement": NaN,
        "Depreciation Income Statement": NaN,
        "Research And Development": NaN,
        "Selling General And Administration": NaN,
        "Selling And Marketing Expense": NaN,
        "General And Administrative Expense": NaN,
        "Other Gand A": NaN,
        "Gross Profit": NaN,
        "Cost Of Revenue": NaN,
        "Total Revenue": NaN,
        "Operating Revenue": NaN
    },
    "2023-12-31": {
        "Tax Effect Of Unusual Items": -2716781.894534,
        "Tax Rate For Calcs": 0.071018,
        "Normalized EBITDA": 4177000.0,
        "Total Unusual Items": -38255000.0,
        "Total Unusual Items Excluding Goodwill": -38255000.0,
        "Net Income From Continuing Operation Net Minority Interest": -42474000.0,
        "Reconciled Depreciation": 7527000.0,
        "Reconciled Cost Of Revenue": 43695000.0,
        "EBITDA": -34078000.0,
        "EBIT": -41605000.0,
        "Net Interest Income": -4116000.0,
        "Interest Expense": 4116000.0,
        "Normalized Income": -6935781.894534,
        "Net Income From Continuing And Discontinued Operation": -42474000.0,
        "Total Expenses": 89394000.0,
        "Total Operating Income As Reported": -41781000.0,
        "Diluted Average Shares": 14205000.0,
        "Basic Average Shares": 14205000.0,
        "Diluted EPS": -2.92,
        "Basic EPS": -2.92,
        "Diluted NI Availto Com Stockholders": -41517000.0,
        "Net Income Common Stockholders": -41517000.0,
        "Otherunder Preferred Stock Dividend": -957000.0,
        "Net Income": -42474000.0,
        "Net Income Including Noncontrolling Interests": -42474000.0,
        "Net Income Continuous Operations": -42474000.0,
        "Tax Provision": -3247000.0,
        "Pretax Income": -45721000.0,
        "Other Income Expense": -38079000.0,
        "Other Non Operating Income Expenses": 176000.0,
        "Special Income Charges": -38255000.0,
        "Restructuring And Mergern Acquisition": 0.0,
        "Net Non Operating Interest Income Expense": -4116000.0,
        "Interest Expense Non Operating": 4116000.0,
        "Operating Income": -3526000.0,
        "Operating Expense": 45699000.0,
        "Depreciation Amortization Depletion Income Statement": 7527000.0,
        "Depreciation And Amortization In Income Statement": 7527000.0,
        "Amortization": 6973000.0,
        "Amortization Of Intangibles Income Statement": 6973000.0,
        "Depreciation Income Statement": 554000.0,
        "Research And Development": 10347000.0,
        "Selling General And Administration": 27825000.0,
        "Selling And Marketing Expense": 6143000.0,
        "General And Administrative Expense": 21682000.0,
        "Other Gand A": 21682000.0,
        "Gross Profit": 42173000.0,
        "Cost Of Revenue": 43695000.0,
        "Total Revenue": 85868000.0,
        "Operating Revenue": 85868000.0
    },
    "2024-03-31": {
        "Tax Effect Of Unusual Items": 0.0,
        "Tax Rate For Calcs": 0.394,
        "Normalized EBITDA": 6233000.0,
        "Total Unusual Items": NaN,
        "Total Unusual Items Excluding Goodwill": NaN,
        "Net Income From Continuing Operation Net Minority Interest": -2516000.0,
        "Reconciled Depreciation": 6269000.0,
        "Reconciled Cost Of Revenue": 41759000.0,
        "EBITDA": 6233000.0,
        "EBIT": -36000.0,
        "Net Interest Income": -4072000.0,
        "Interest Expense": 4072000.0,
        "Normalized Income": -2516000.0,
        "Net Income From Continuing And Discontinued Operation": -2516000.0,
        "Total Expenses": 84705000.0,
        "Total Operating Income As Reported": -1458000.0,
        "Diluted Average Shares": 14234000.0,
        "Basic Average Shares": 14234000.0,
        "Diluted EPS": -0.17,
        "Basic EPS": -0.17,
        "Diluted NI Availto Com Stockholders": -2448000.0,
        "Net Income Common Stockholders": -2448000.0,
        "Otherunder Preferred Stock Dividend": -68000.0,
        "Net Income": -2516000.0,
        "Net Income Including Noncontrolling Interests": -2516000.0,
        "Net Income Continuous Operations": -2516000.0,
        "Tax Provision": -1592000.0,
        "Pretax Income": -4108000.0,
        "Other Income Expense": 1422000.0,
        "Other Non Operating Income Expenses": 1422000.0,
        "Special Income Charges": NaN,
        "Restructuring And Mergern Acquisition": NaN,
        "Net Non Operating Interest Income Expense": -4072000.0,
        "Interest Expense Non Operating": 4072000.0,
        "Operating Income": -1458000.0,
        "Operating Expense": 42946000.0,
        "Depreciation Amortization Depletion Income Statement": 6269000.0,
        "Depreciation And Amortization In Income Statement": 6269000.0,
        "Amortization": 5869000.0,
        "Amortization Of Intangibles Income Statement": 5869000.0,
        "Depreciation Income Statement": 400000.0,
        "Research And Development": 10689000.0,
        "Selling General And Administration": 25988000.0,
        "Selling And Marketing Expense": 6592000.0,
        "General And Administrative Expense": 19396000.0,
        "Other Gand A": 19396000.0,
        "Gross Profit": 41488000.0,
        "Cost Of Revenue": 41759000.0,
        "Total Revenue": 83247000.0,
        "Operating Revenue": 83247000.0
    },
    "2022-09-30": {
        "Tax Effect Of Unusual Items": NaN,
        "Tax Rate For Calcs": NaN,
        "Normalized EBITDA": NaN,
        "Total Unusual Items": NaN,
        "Total Unusual Items Excluding Goodwill": NaN,
        "Net Income From Continuing Operation Net Minority Interest": NaN,
        "Reconciled Depreciation": NaN,
        "Reconciled Cost Of Revenue": NaN,
        "EBITDA": NaN,
        "EBIT": NaN,
        "Net Interest Income": NaN,
        "Interest Expense": NaN,
        "Normalized Income": NaN,
        "Net Income From Continuing And Discontinued Operation": NaN,
        "Total Expenses": NaN,
        "Total Operating Income As Reported": NaN,
        "Diluted Average Shares": NaN,
        "Basic Average Shares": NaN,
        "Diluted EPS": NaN,
        "Basic EPS": NaN,
        "Diluted NI Availto Com Stockholders": NaN,
        "Net Income Common Stockholders": NaN,
        "Otherunder Preferred Stock Dividend": NaN,
        "Net Income": NaN,
        "Net Income Including Noncontrolling Interests": NaN,
        "Net Income Continuous Operations": NaN,
        "Tax Provision": NaN,
        "Pretax Income": NaN,
        "Other Income Expense": NaN,
        "Other Non Operating Income Expenses": NaN,
        "Special Income Charges": NaN,
        "Other Special Charges": NaN,
        "Restructuring And Mergern Acquisition": NaN,
        "Net Non Operating Interest Income Expense": NaN,
        "Interest Expense Non Operating": NaN,
        "Operating Income": NaN,
        "Operating Expense": NaN,
        "Depreciation Amortization Depletion Income Statement": NaN,
        "Depreciation And Amortization In Income Statement": NaN,
        "Amortization": NaN,
        "Amortization Of Intangibles Income Statement": NaN,
        "Depreciation Income Statement": 622000.0,
        "Research And Development": NaN,
        "Selling General And Administration": NaN,
        "Selling And Marketing Expense": NaN,
        "General And Administrative Expense": NaN,
        "Other Gand A": NaN,
        "Gross Profit": NaN,
        "Cost Of Revenue": NaN,
        "Total Revenue": NaN,
        "Operating Revenue": NaN
    },
    "2024-06-30": {
        "Tax Effect Of Unusual Items": 0.0,
        "Tax Rate For Calcs": 0.296,
        "Normalized EBITDA": 6579000.0,
        "Total Unusual Items": NaN,
        "Total Unusual Items Excluding Goodwill": NaN,
        "Net Income From Continuing Operation Net Minority Interest": -5049000.0,
        "Reconciled Depreciation": 9506000.0,
        "Reconciled Cost Of Revenue": 43343000.0,
        "EBITDA": 6579000.0,
        "EBIT": -2928000.0,
        "Net Interest Income": -4242000.0,
        "Interest Expense": 4242000.0,
        "Normalized Income": -5049000.0,
        "Net Income From Continuing And Discontinued Operation": -5049000.0,
        "Total Expenses": 87749000.0,
        "Total Operating Income As Reported": -3019000.0,
        "Diluted Average Shares": 14313000.0,
        "Basic Average Shares": 14313000.0,
        "Diluted EPS": -0.34,
        "Basic EPS": -0.34,
        "Diluted NI Availto Com Stockholders": -4833000.0,
        "Net Income Common Stockholders": -4833000.0,
        "Otherunder Preferred Stock Dividend": -216000.0,
        "Net Income": -5049000.0,
        "Net Income Including Noncontrolling Interests": -5049000.0,
        "Net Income Continuous Operations": -5049000.0,
        "Tax Provision": -2121000.0,
        "Pretax Income": -7170000.0,
        "Other Income Expense": 91000.0,
        "Other Non Operating Income Expenses": 91000.0,
        "Special Income Charges": NaN,
        "Restructuring And Mergern Acquisition": NaN,
        "Net Non Operating Interest Income Expense": -4242000.0,
        "Interest Expense Non Operating": 4242000.0,
        "Operating Income": -3019000.0,
        "Operating Expense": 44407000.0,
        "Depreciation Amortization Depletion Income Statement": 9507000.0,
        "Depreciation And Amortization In Income Statement": 9507000.0,
        "Amortization": 9107000.0,
        "Amortization Of Intangibles Income Statement": 9107000.0,
        "Depreciation Income Statement": 400000.0,
        "Research And Development": 8207000.0,
        "Selling General And Administration": 26693000.0,
        "Selling And Marketing Expense": 7815000.0,
        "General And Administrative Expense": 18878000.0,
        "Other Gand A": 18878000.0,
        "Gross Profit": 41388000.0,
        "Cost Of Revenue": 43342000.0,
        "Total Revenue": 84730000.0,
        "Operating Revenue": 84730000.0
    },
    "2024-09-30": {
        "Tax Effect Of Unusual Items": 0.0,
        "Tax Rate For Calcs": 0.21,
        "Normalized EBITDA": 8030000.0,
        "Total Unusual Items": NaN,
        "Total Unusual Items Excluding Goodwill": NaN,
        "Net Income From Continuing Operation Net Minority Interest": -9809000.0,
        "Reconciled Depreciation": 6462000.0,
        "Reconciled Cost Of Revenue": 42369000.0,
        "EBITDA": 8030000.0,
        "EBIT": 1568000.0,
        "Net Interest Income": -4033000.0,
        "Interest Expense": 4033000.0,
        "Normalized Income": -9809000.0,
        "Net Income From Continuing And Discontinued Operation": -9809000.0,
        "Total Expenses": 81886000.0,
        "Total Operating Income As Reported": 1944000.0,
        "Diluted Average Shares": 14323000.0,
        "Basic Average Shares": 14323000.0,
        "Diluted EPS": -0.66,
        "Basic EPS": -0.66,
        "Diluted NI Availto Com Stockholders": -9410000.0,
        "Net Income Common Stockholders": -9410000.0,
        "Otherunder Preferred Stock Dividend": -399000.0,
        "Net Income": -9809000.0,
        "Net Income Including Noncontrolling Interests": -9809000.0,
        "Net Income Continuous Operations": -9809000.0,
        "Tax Provision": 7344000.0,
        "Pretax Income": -2465000.0,
        "Other Income Expense": -376000.0,
        "Other Non Operating Income Expenses": -376000.0,
        "Special Income Charges": NaN,
        "Restructuring And Mergern Acquisition": NaN,
        "Net Non Operating Interest Income Expense": -4033000.0,
        "Interest Expense Non Operating": 4033000.0,
        "Operating Income": 1944000.0,
        "Operating Expense": 39517000.0,
        "Depreciation Amortization Depletion Income Statement": 6462000.0,
        "Depreciation And Amortization In Income Statement": 6462000.0,
        "Amortization": 6183000.0,
        "Amortization Of Intangibles Income Statement": 6183000.0,
        "Depreciation Income Statement": 279000.0,
        "Research And Development": 7735000.0,
        "Selling General And Administration": 25320000.0,
        "Selling And Marketing Expense": 5944000.0,
        "General And Administrative Expense": 19376000.0,
        "Other Gand A": 19376000.0,
        "Gross Profit": 41461000.0,
        "Cost Of Revenue": 42369000.0,
        "Total Revenue": 83830000.0,
        "Operating Revenue": 83830000.0
    }
}