{
    "2023-03-31": {
        "Tax Effect Of Unusual Items": 0.0,
        "Tax Rate For Calcs": 0.0,
        "Normalized EBITDA": -8499000.0,
        "Total Unusual Items": NaN,
        "Total Unusual Items Excluding Goodwill": NaN,
        "Net Income From Continuing Operation Net Minority Interest": -10048000.0,
        "Reconciled Depreciation": 696000.0,
        "EBITDA": -8499000.0,
        "EBIT": -9195000.0,
        "Net Interest Income": -853000.0,
        "Interest Expense": 853000.0,
        "Normalized Income": -10048000.0,
        "Net Income From Continuing And Discontinued Operation": -10048000.0,
        "Total Expenses": 9672000.0,
        "Total Operating Income As Reported": -9672000.0,
        "Diluted Average Shares": 15978623.0,
        "Basic Average Shares": 15978623.0,
        "Diluted EPS": -0.63,
        "Basic EPS": -0.63,
        "Diluted NI Availto Com Stockholders": -10048000.0,
        "Net Income Common Stockholders": -10048000.0,
        "Net Income": -10048000.0,
        "Net Income Including Noncontrolling Interests": -10048000.0,
        "Net Income Continuous Operations": -10048000.0,
        "Pretax Income": -10048000.0,
        "Other Income Expense": 477000.0,
        "Other Non Operating Income Expenses": 477000.0,
        "Special Income Charges": NaN,
        "Other Special Charges": NaN,
        "Impairment Of Capital Assets": NaN,
        "Restructuring And Mergern Acquisition": NaN,
        "Net Non Operating Interest Income Expense": -853000.0,
        "Interest Expense Non Operating": 853000.0,
        "Operating Income": -9672000.0,
        "Operating Expense": 9672000.0,
        "Research And Development": 6504000.0,
        "Selling General And Administration": 3168000.0,
        "General And Administrative Expense": NaN,
        "Other Gand A": NaN,
        "Total Revenue": 0.0,
        "Operating Revenue": 0.0
    },
    "2022-12-31": {
        "Tax Effect Of Unusual Items": NaN,
        "Tax Rate For Calcs": NaN,
        "Normalized EBITDA": NaN,
        "Total Unusual Items": 0.0,
        "Total Unusual Items Excluding Goodwill": 0.0,
        "Net Income From Continuing Operation Net Minority Interest": NaN,
        "Reconciled Depreciation": NaN,
        "EBITDA": NaN,
        "EBIT": NaN,
        "Net Interest Income": NaN,
        "Interest Expense": NaN,
        "Normalized Income": NaN,
        "Net Income From Continuing And Discontinued Operation": NaN,
        "Total Expenses": NaN,
        "Total Operating Income As Reported": NaN,
        "Diluted Average Shares": 14893743.0,
        "Basic Average Shares": 14893743.0,
        "Diluted EPS": -0.6,
        "Basic EPS": -0.6,
        "Diluted NI Availto Com Stockholders": NaN,
        "Net Income Common Stockholders": NaN,
        "Net Income": NaN,
        "Net Income Including Noncontrolling Interests": NaN,
        "Net Income Continuous Operations": NaN,
        "Pretax Income": NaN,
        "Other Income Expense": NaN,
        "Other Non Operating Income Expenses": NaN,
        "Special Income Charges": 0.0,
        "Other Special Charges": 0.0,
        "Impairment Of Capital Assets": NaN,
        "Restructuring And Mergern Acquisition": NaN,
        "Net Non Operating Interest Income Expense": NaN,
        "Interest Expense Non Operating": NaN,
        "Operating Income": NaN,
        "Operating Expense": NaN,
        "Research And Development": NaN,
        "Selling General And Administration": NaN,
        "General And Administrative Expense": NaN,
        "Other Gand A": NaN,
        "Total Revenue": NaN,
        "Operating Revenue": NaN
    },
    "2022-09-30": {
        "Tax Effect Of Unusual Items": NaN,
        "Tax Rate For Calcs": NaN,
        "Normalized EBITDA": NaN,
        "Total Unusual Items": 0.0,
        "Total Unusual Items Excluding Goodwill": 0.0,
        "Net Income From Continuing Operation Net Minority Interest": NaN,
        "Reconciled Depreciation": NaN,
        "EBITDA": NaN,
        "EBIT": NaN,
        "Net Interest Income": NaN,
        "Interest Expense": NaN,
        "Normalized Income": NaN,
        "Net Income From Continuing And Discontinued Operation": NaN,
        "Total Expenses": NaN,
        "Total Operating Income As Reported": NaN,
        "Diluted Average Shares": NaN,
        "Basic Average Shares": NaN,
        "Diluted EPS": NaN,
        "Basic EPS": NaN,
        "Diluted NI Availto Com Stockholders": NaN,
        "Net Income Common Stockholders": NaN,
        "Net Income": NaN,
        "Net Income Including Noncontrolling Interests": NaN,
        "Net Income Continuous Operations": NaN,
        "Pretax Income": NaN,
        "Other Income Expense": NaN,
        "Other Non Operating Income Expenses": NaN,
        "Special Income Charges": 0.0,
        "Other Special Charges": NaN,
        "Impairment Of Capital Assets": 0.0,
        "Restructuring And Mergern Acquisition": 0.0,
        "Net Non Operating Interest Income Expense": NaN,
        "Interest Expense Non Operating": NaN,
        "Operating Income": NaN,
        "Operating Expense": NaN,
        "Research And Development": NaN,
        "Selling General And Administration": NaN,
        "General And Administrative Expense": 3282000.0,
        "Other Gand A": 3282000.0,
        "Total Revenue": NaN,
        "Operating Revenue": NaN
    },
    "2022-06-30": {
        "Tax Effect Of Unusual Items": 0.0,
        "Tax Rate For Calcs": 0.0,
        "Normalized EBITDA": -8640000.0,
        "Total Unusual Items": 133000.0,
        "Total Unusual Items Excluding Goodwill": 133000.0,
        "Net Income From Continuing Operation Net Minority Interest": -9932000.0,
        "Reconciled Depreciation": 685000.0,
        "EBITDA": -8507000.0,
        "EBIT": -9192000.0,
        "Net Interest Income": -740000.0,
        "Interest Expense": 740000.0,
        "Normalized Income": -10065000.0,
        "Net Income From Continuing And Discontinued Operation": -9932000.0,
        "Total Expenses": 9366000.0,
        "Total Operating Income As Reported": -9233000.0,
        "Diluted Average Shares": 214998893.0,
        "Basic Average Shares": 214998893.0,
        "Diluted EPS": -0.05,
        "Basic EPS": -0.05,
        "Diluted NI Availto Com Stockholders": -9932000.0,
        "Net Income Common Stockholders": -9932000.0,
        "Net Income": -9932000.0,
        "Net Income Including Noncontrolling Interests": -9932000.0,
        "Net Income Continuous Operations": -9932000.0,
        "Pretax Income": -9932000.0,
        "Other Income Expense": 174000.0,
        "Other Non Operating Income Expenses": 41000.0,
        "Special Income Charges": 133000.0,
        "Other Special Charges": -133000.0,
        "Impairment Of Capital Assets": NaN,
        "Net Non Operating Interest Income Expense": -740000.0,
        "Interest Expense Non Operating": 740000.0,
        "Operating Income": -9366000.0,
        "Operating Expense": 9366000.0,
        "Research And Development": 5937000.0,
        "Selling General And Administration": 3429000.0,
        "Total Revenue": 0.0,
        "Operating Revenue": 0.0
    },
    "2022-03-31": {
        "Diluted EPS": -0.05,
        "Total Revenue": NaN,
        "Gross Profit": NaN,
        "Operating Income": -9,
        "EBIT": -8,
        "Net Income": -10
    },
    "2021-12-31": {
        "Diluted EPS": -0.05,
        "Total Revenue": NaN,
        "Gross Profit": NaN,
        "Operating Income": -11,
        "EBIT": -10,
        "Net Income": -12
    },
    "2021-09-30": {
        "Diluted EPS": -0.11,
        "Total Revenue": 0,
        "Gross Profit": 0,
        "Operating Income": -22,
        "EBIT": -21,
        "Net Income": -23
    },
    "2021-06-30": {
        "Diluted EPS": -0.11,
        "Total Revenue": NaN,
        "Gross Profit": NaN,
        "Operating Income": -23,
        "EBIT": -22,
        "Net Income": -23
    },
    "2021-03-31": {
        "Diluted EPS": -0.1,
        "Total Revenue": NaN,
        "Gross Profit": NaN,
        "Operating Income": -22,
        "EBIT": -21,
        "Net Income": -22
    },
    "2020-12-31": {
        "Diluted EPS": -0.1,
        "Total Revenue": NaN,
        "Gross Profit": NaN,
        "Operating Income": -23,
        "EBIT": -22,
        "Net Income": -23
    },
    "2020-09-30": {
        "Diluted EPS": -0.1,
        "Total Revenue": NaN,
        "Gross Profit": NaN,
        "Operating Income": -20,
        "EBIT": -20,
        "Net Income": -20
    },
    "2020-06-30": {
        "Diluted EPS": -0.09,
        "Total Revenue": NaN,
        "Gross Profit": NaN,
        "Operating Income": -19,
        "EBIT": -18,
        "Net Income": -19
    },
    "2020-03-31": {
        "Diluted EPS": -0.09,
        "Total Revenue": NaN,
        "Gross Profit": NaN,
        "Operating Income": -19,
        "EBIT": -19,
        "Net Income": -18
    },
    "2019-12-31": {
        "Diluted EPS": -0.1,
        "Total Revenue": NaN,
        "Gross Profit": NaN,
        "Operating Income": -16,
        "EBIT": -16,
        "Net Income": -16
    },
    "2019-09-30": {
        "Diluted EPS": -0.43,
        "Total Revenue": NaN,
        "Gross Profit": NaN,
        "Operating Income": -13,
        "EBIT": -13,
        "Net Income": -74
    },
    "2019-06-30": {
        "Diluted EPS": -0.09,
        "Total Revenue": NaN,
        "Gross Profit": NaN,
        "Operating Income": -15,
        "EBIT": -15,
        "Net Income": -15
    },
    "2019-03-31": {
        "Diluted EPS": -0.08,
        "Total Revenue": NaN,
        "Gross Profit": NaN,
        "Operating Income": -14,
        "EBIT": -13,
        "Net Income": -13
    },
    "2018-12-31": {
        "Diluted EPS": 1.36,
        "Total Revenue": NaN,
        "Gross Profit": NaN,
        "Operating Income": -13,
        "EBIT": -13,
        "Net Income": 195
    },
    "2018-09-30": {
        "Diluted EPS": -0.13,
        "Total Revenue": NaN,
        "Gross Profit": NaN,
        "Operating Income": -13,
        "EBIT": -12,
        "Net Income": -19
    },
    "2018-06-30": {
        "Diluted EPS": -0.12,
        "Total Revenue": NaN,
        "Gross Profit": NaN,
        "Operating Income": -12,
        "EBIT": -12,
        "Net Income": -17
    },
    "2018-03-31": {
        "Diluted EPS": -0.15,
        "Total Revenue": 0,
        "Gross Profit": 0,
        "Operating Income": -16,
        "EBIT": -16,
        "Net Income": -21
    },
    "2017-12-31": {
        "Diluted EPS": -0.12,
        "Total Revenue": 2,
        "Gross Profit": 2,
        "Operating Income": -13,
        "EBIT": -13,
        "Net Income": -18
    },
    "2017-09-30": {
        "Diluted EPS": -0.13,
        "Total Revenue": 2,
        "Gross Profit": 2,
        "Operating Income": -13,
        "EBIT": -13,
        "Net Income": -18
    },
    "2017-06-30": {
        "Diluted EPS": -0.13,
        "Total Revenue": 2,
        "Gross Profit": 2,
        "Operating Income": -13,
        "EBIT": -13,
        "Net Income": -18
    },
    "2017-03-31": {
        "Diluted EPS": -0.15,
        "Total Revenue": 2,
        "Gross Profit": 2,
        "Operating Income": -14,
        "EBIT": -14,
        "Net Income": -20
    },
    "2016-12-31": {
        "Diluted EPS": -0.11,
        "Total Revenue": 2,
        "Gross Profit": 2,
        "Operating Income": -11,
        "EBIT": -11,
        "Net Income": -15
    },
    "2016-09-30": {
        "Diluted EPS": -0.11,
        "Total Revenue": 2,
        "Gross Profit": 2,
        "Operating Income": -11,
        "EBIT": -11,
        "Net Income": -14
    },
    "2016-06-30": {
        "Diluted EPS": -1.01,
        "Total Revenue": 2,
        "Gross Profit": 2,
        "Operating Income": -131,
        "EBIT": -131,
        "Net Income": -131
    },
    "2016-03-31": {
        "Diluted EPS": -0.09,
        "Total Revenue": 2,
        "Gross Profit": 2,
        "Operating Income": -12,
        "EBIT": -12,
        "Net Income": -12
    },
    "2015-12-31": {
        "Diluted EPS": -0.02,
        "Total Revenue": 2,
        "Gross Profit": 2,
        "Operating Income": -9,
        "EBIT": -9,
        "Net Income": -9
    },
    "2015-09-30": {
        "Diluted EPS": -0.14,
        "Total Revenue": 2,
        "Gross Profit": 2,
        "Operating Income": -18,
        "EBIT": -18,
        "Net Income": -18
    },
    "2015-06-30": {
        "Diluted EPS": -0.11,
        "Total Revenue": 0,
        "Gross Profit": 0,
        "Operating Income": -14,
        "EBIT": -14,
        "Net Income": -14
    },
    "2015-03-31": {
        "Diluted EPS": -0.69,
        "Total Revenue": 0,
        "Gross Profit": 0,
        "Operating Income": -78,
        "EBIT": -78,
        "Net Income": -78
    },
    "2014-12-31": {
        "Diluted EPS": -0.09,
        "Total Revenue": 0,
        "Gross Profit": 0,
        "Operating Income": -11,
        "EBIT": -10,
        "Net Income": -10
    },
    "2014-09-30": {
        "Diluted EPS": -0.06,
        "Total Revenue": 1,
        "Gross Profit": 1,
        "Operating Income": -12,
        "EBIT": -12,
        "Net Income": -6
    },
    "2014-06-30": {
        "Diluted EPS": -0.06,
        "Total Revenue": 0,
        "Gross Profit": 0,
        "Operating Income": -11,
        "EBIT": -11,
        "Net Income": -6
    },
    "2014-03-31": {
        "Diluted EPS": -0.1,
        "Total Revenue": 0,
        "Gross Profit": 0,
        "Operating Income": -10,
        "EBIT": -10,
        "Net Income": -10
    },
    "2013-12-31": {
        "Diluted EPS": -0.09,
        "Total Revenue": 0,
        "Gross Profit": 0,
        "Operating Income": -7,
        "EBIT": -7,
        "Net Income": -9
    },
    "2013-09-30": {
        "Diluted EPS": -0.2,
        "Total Revenue": 0,
        "Gross Profit": 0,
        "Operating Income": -9,
        "EBIT": -9,
        "Net Income": -17
    },
    "2013-06-30": {
        "Diluted EPS": -0.22,
        "Total Revenue": 0,
        "Gross Profit": 0,
        "Operating Income": -18,
        "EBIT": -18,
        "Net Income": -19
    },
    "2013-03-31": {
        "Diluted EPS": -0.15,
        "Total Revenue": 0,
        "Gross Profit": 0,
        "Operating Income": -24,
        "EBIT": -23,
        "Net Income": -13
    },
    "2012-12-31": {
        "Diluted EPS": -0.37,
        "Total Revenue": 0,
        "Gross Profit": 0,
        "Operating Income": -39,
        "EBIT": -39,
        "Net Income": -30
    },
    "2012-09-30": {
        "Diluted EPS": -0.23,
        "Total Revenue": 0,
        "Gross Profit": 0,
        "Operating Income": -22,
        "EBIT": -22,
        "Net Income": -18
    },
    "2012-06-30": {
        "Diluted EPS": -0.3,
        "Total Revenue": 0,
        "Gross Profit": 0,
        "Operating Income": -23,
        "EBIT": -23,
        "Net Income": -24
    },
    "2012-03-31": {
        "Diluted EPS": -0.32,
        "Total Revenue": 0,
        "Gross Profit": 0,
        "Operating Income": -19,
        "EBIT": -19,
        "Net Income": -24
    },
    "2011-12-31": {
        "Diluted EPS": -0.15,
        "Total Revenue": 0,
        "Gross Profit": 0,
        "Operating Income": -16,
        "EBIT": -16,
        "Net Income": -13
    },
    "2011-09-30": {
        "Diluted EPS": -0.01,
        "Total Revenue": 0,
        "Gross Profit": 0,
        "Operating Income": -14,
        "EBIT": -14,
        "Net Income": -1
    },
    "2011-06-30": {
        "Diluted EPS": -0.16,
        "Total Revenue": 0,
        "Gross Profit": 0,
        "Operating Income": -13,
        "EBIT": -13,
        "Net Income": -11
    },
    "2011-03-31": {
        "Diluted EPS": -0.65,
        "Total Revenue": 0,
        "Gross Profit": 0,
        "Operating Income": -28,
        "EBIT": -28,
        "Net Income": -39
    },
    "2010-12-31": {
        "Diluted EPS": -0.2,
        "Total Revenue": NaN,
        "Gross Profit": NaN,
        "Operating Income": -6,
        "EBIT": -6,
        "Net Income": -12
    },
    "2010-09-30": {
        "Diluted EPS": -0.26,
        "Total Revenue": NaN,
        "Gross Profit": NaN,
        "Operating Income": -9,
        "EBIT": -8,
        "Net Income": -12
    },
    "2010-06-30": {
        "Diluted EPS": 0.19,
        "Total Revenue": NaN,
        "Gross Profit": NaN,
        "Operating Income": -5,
        "EBIT": -5,
        "Net Income": 9
    },
    "2010-03-31": {
        "Diluted EPS": -0.44,
        "Total Revenue": NaN,
        "Gross Profit": NaN,
        "Operating Income": -5,
        "EBIT": -5,
        "Net Income": -18
    },
    "2009-12-31": {
        "Diluted EPS": 0.07,
        "Total Revenue": NaN,
        "Gross Profit": NaN,
        "Operating Income": -4,
        "EBIT": -4,
        "Net Income": 1
    },
    "2009-09-30": {
        "Diluted EPS": -0.13,
        "Total Revenue": NaN,
        "Gross Profit": NaN,
        "Operating Income": -3,
        "EBIT": -2,
        "Net Income": -3
    },
    "2009-06-30": {
        "Diluted EPS": -0.11,
        "Total Revenue": NaN,
        "Gross Profit": NaN,
        "Operating Income": -2,
        "EBIT": -2,
        "Net Income": -2
    },
    "2009-03-31": {
        "Diluted EPS": -0.16,
        "Total Revenue": NaN,
        "Gross Profit": NaN,
        "Operating Income": -3,
        "EBIT": -3,
        "Net Income": -3
    },
    "2023-06-30": {
        "Tax Effect Of Unusual Items": 0.0,
        "Tax Rate For Calcs": 0.0,
        "Normalized EBITDA": -7251000.0,
        "Total Unusual Items": 245000.0,
        "Total Unusual Items Excluding Goodwill": 245000.0,
        "Net Income From Continuing Operation Net Minority Interest": -8773000.0,
        "Reconciled Depreciation": 699000.0,
        "EBITDA": -7006000.0,
        "EBIT": -7705000.0,
        "Net Interest Income": -1068000.0,
        "Interest Expense": 1068000.0,
        "Normalized Income": -9018000.0,
        "Net Income From Continuing And Discontinued Operation": -8773000.0,
        "Total Expenses": 8231000.0,
        "Total Operating Income As Reported": -7982000.0,
        "Diluted Average Shares": 15986504.0,
        "Basic Average Shares": 15986504.0,
        "Diluted EPS": -0.6,
        "Basic EPS": -0.6,
        "Diluted NI Availto Com Stockholders": -8773000.0,
        "Net Income Common Stockholders": -8773000.0,
        "Net Income": -8773000.0,
        "Net Income Including Noncontrolling Interests": -8773000.0,
        "Net Income Continuous Operations": -8773000.0,
        "Pretax Income": -8773000.0,
        "Other Income Expense": 522000.0,
        "Other Non Operating Income Expenses": 277000.0,
        "Special Income Charges": 245000.0,
        "Other Special Charges": -245000.0,
        "Impairment Of Capital Assets": NaN,
        "Restructuring And Mergern Acquisition": NaN,
        "Net Non Operating Interest Income Expense": -1068000.0,
        "Interest Expense Non Operating": 1068000.0,
        "Operating Income": -8227000.0,
        "Operating Expense": 8231000.0,
        "Research And Development": 5186000.0,
        "Selling General And Administration": 3045000.0,
        "General And Administrative Expense": NaN,
        "Other Gand A": NaN,
        "Total Revenue": 4000.0,
        "Operating Revenue": 4000.0
    },
    "2023-09-30": {
        "Tax Effect Of Unusual Items": 0.0,
        "Tax Rate For Calcs": 0.0,
        "Normalized EBITDA": -6367000.0,
        "Total Unusual Items": -1430000.0,
        "Total Unusual Items Excluding Goodwill": -1430000.0,
        "Net Income From Continuing Operation Net Minority Interest": -8476000.0,
        "Reconciled Depreciation": 679000.0,
        "EBITDA": -7797000.0,
        "EBIT": -8476000.0,
        "Net Interest Income": 0.0,
        "Interest Expense": 0.0,
        "Normalized Income": -7046000.0,
        "Net Income From Continuing And Discontinued Operation": -8476000.0,
        "Total Expenses": 7234000.0,
        "Total Operating Income As Reported": -8664000.0,
        "Diluted Average Shares": 16003068.0,
        "Basic Average Shares": 16003068.0,
        "Diluted EPS": -0.6,
        "Basic EPS": -0.6,
        "Diluted NI Availto Com Stockholders": -8476000.0,
        "Net Income Common Stockholders": -8476000.0,
        "Net Income": -8476000.0,
        "Net Income Including Noncontrolling Interests": -8476000.0,
        "Net Income Continuous Operations": -8476000.0,
        "Pretax Income": -8476000.0,
        "Other Income Expense": -1242000.0,
        "Other Non Operating Income Expenses": 188000.0,
        "Special Income Charges": -1430000.0,
        "Other Special Charges": NaN,
        "Impairment Of Capital Assets": 1011000.0,
        "Restructuring And Mergern Acquisition": 419000.0,
        "Net Non Operating Interest Income Expense": 0.0,
        "Interest Expense Non Operating": 0.0,
        "Operating Income": -7234000.0,
        "Operating Expense": 7234000.0,
        "Research And Development": 3656000.0,
        "Selling General And Administration": 3578000.0,
        "General And Administrative Expense": 3578000.0,
        "Other Gand A": 3578000.0,
        "Total Revenue": 0.0,
        "Operating Revenue": 0.0
    },
    "2023-12-31": {
        "Tax Effect Of Unusual Items": 0.0,
        "Tax Rate For Calcs": 0.0,
        "Normalized EBITDA": -3013000.0,
        "Total Unusual Items": -4589000.0,
        "Total Unusual Items Excluding Goodwill": -4589000.0,
        "Net Income From Continuing Operation Net Minority Interest": -7843000.0,
        "Reconciled Depreciation": 241000.0,
        "EBITDA": -7602000.0,
        "EBIT": -7843000.0,
        "Net Interest Income": 0.0,
        "Interest Expense": 0.0,
        "Normalized Income": -3254000.0,
        "Net Income From Continuing And Discontinued Operation": -7843000.0,
        "Total Expenses": 3361000.0,
        "Total Operating Income As Reported": -7949000.0,
        "Diluted Average Shares": NaN,
        "Basic Average Shares": NaN,
        "Diluted EPS": NaN,
        "Basic EPS": NaN,
        "Diluted NI Availto Com Stockholders": -7843000.0,
        "Net Income Common Stockholders": -7843000.0,
        "Net Income": -7843000.0,
        "Net Income Including Noncontrolling Interests": -7843000.0,
        "Net Income Continuous Operations": -7843000.0,
        "Pretax Income": -7843000.0,
        "Other Income Expense": -4483000.0,
        "Other Non Operating Income Expenses": 106000.0,
        "Special Income Charges": -4589000.0,
        "Other Special Charges": -53000.0,
        "Impairment Of Capital Assets": 3792000.0,
        "Restructuring And Mergern Acquisition": 850000.0,
        "Net Non Operating Interest Income Expense": 0.0,
        "Interest Expense Non Operating": 0.0,
        "Operating Income": -3360000.0,
        "Operating Expense": 3361000.0,
        "Research And Development": 933000.0,
        "Selling General And Administration": 2428000.0,
        "General And Administrative Expense": 2428000.0,
        "Other Gand A": 2428000.0,
        "Total Revenue": 1000.0,
        "Operating Revenue": 1000.0
    },
    "2024-03-31": {
        "Tax Effect Of Unusual Items": 0.0,
        "Tax Rate For Calcs": 0.0,
        "Normalized EBITDA": -1680000.0,
        "Total Unusual Items": NaN,
        "Total Unusual Items Excluding Goodwill": NaN,
        "Net Income From Continuing Operation Net Minority Interest": -1682000.0,
        "Reconciled Depreciation": 2000.0,
        "EBITDA": -1680000.0,
        "EBIT": -1682000.0,
        "Net Interest Income": 0.0,
        "Interest Expense": 0.0,
        "Normalized Income": -1682000.0,
        "Net Income From Continuing And Discontinued Operation": -1682000.0,
        "Total Expenses": 1743000.0,
        "Total Operating Income As Reported": -1742000.0,
        "Diluted Average Shares": 16012522.0,
        "Basic Average Shares": 16012522.0,
        "Diluted EPS": -0.11,
        "Basic EPS": -0.11,
        "Diluted NI Availto Com Stockholders": -1682000.0,
        "Net Income Common Stockholders": -1682000.0,
        "Net Income": -1682000.0,
        "Net Income Including Noncontrolling Interests": -1682000.0,
        "Net Income Continuous Operations": -1682000.0,
        "Pretax Income": -1682000.0,
        "Other Income Expense": 60000.0,
        "Other Non Operating Income Expenses": 60000.0,
        "Special Income Charges": NaN,
        "Other Special Charges": NaN,
        "Impairment Of Capital Assets": NaN,
        "Restructuring And Mergern Acquisition": NaN,
        "Net Non Operating Interest Income Expense": 0.0,
        "Interest Expense Non Operating": 0.0,
        "Operating Income": -1742000.0,
        "Operating Expense": 1743000.0,
        "Research And Development": 126000.0,
        "Selling General And Administration": 1617000.0,
        "General And Administrative Expense": NaN,
        "Other Gand A": NaN,
        "Total Revenue": 1000.0,
        "Operating Revenue": 1000.0
    }
}