{
    "2023-03-31": {
        "Tax Effect Of Unusual Items": 0.0,
        "Tax Rate For Calcs": 0.0,
        "Normalized EBITDA": -20108000.0,
        "Net Income From Continuing Operation Net Minority Interest": -22563000.0,
        "Reconciled Depreciation": 1499000.0,
        "EBITDA": -20108000.0,
        "EBIT": -21607000.0,
        "Net Interest Income": 180000.0,
        "Interest Expense": 956000.0,
        "Interest Income": 1136000.0,
        "Normalized Income": -22563000.0,
        "Net Income From Continuing And Discontinued Operation": -22563000.0,
        "Total Expenses": 29546000.0,
        "Total Operating Income As Reported": -22743000.0,
        "Diluted Average Shares": 24225954.0,
        "Basic Average Shares": 24225954.0,
        "Diluted EPS": -0.93,
        "Basic EPS": -0.93,
        "Diluted NI Availto Com Stockholders": -22563000.0,
        "Net Income Common Stockholders": -22563000.0,
        "Net Income": -22563000.0,
        "Net Income Including Noncontrolling Interests": -22563000.0,
        "Net Income Continuous Operations": -22563000.0,
        "Pretax Income": -22563000.0,
        "Net Non Operating Interest Income Expense": 180000.0,
        "Interest Expense Non Operating": 956000.0,
        "Interest Income Non Operating": 1136000.0,
        "Operating Income": -22743000.0,
        "Operating Expense": 29546000.0,
        "Research And Development": 21779000.0,
        "Selling General And Administration": 7767000.0,
        "General And Administrative Expense": 7767000.0,
        "Other Gand A": 7767000.0,
        "Salaries And Wages": NaN,
        "Total Revenue": 6803000.0,
        "Operating Revenue": 6803000.0
    },
    "2022-12-31": {
        "Tax Effect Of Unusual Items": NaN,
        "Tax Rate For Calcs": NaN,
        "Normalized EBITDA": NaN,
        "Net Income From Continuing Operation Net Minority Interest": NaN,
        "Reconciled Depreciation": NaN,
        "EBITDA": NaN,
        "EBIT": NaN,
        "Net Interest Income": NaN,
        "Interest Expense": NaN,
        "Interest Income": NaN,
        "Normalized Income": NaN,
        "Net Income From Continuing And Discontinued Operation": NaN,
        "Total Expenses": NaN,
        "Total Operating Income As Reported": NaN,
        "Diluted Average Shares": 24077857.0,
        "Basic Average Shares": 24077857.0,
        "Diluted EPS": -0.78,
        "Basic EPS": -0.78,
        "Diluted NI Availto Com Stockholders": NaN,
        "Net Income Common Stockholders": NaN,
        "Net Income": NaN,
        "Net Income Including Noncontrolling Interests": NaN,
        "Net Income Continuous Operations": NaN,
        "Pretax Income": NaN,
        "Net Non Operating Interest Income Expense": NaN,
        "Interest Expense Non Operating": NaN,
        "Interest Income Non Operating": NaN,
        "Operating Income": NaN,
        "Operating Expense": NaN,
        "Research And Development": NaN,
        "Selling General And Administration": NaN,
        "General And Administrative Expense": NaN,
        "Other Gand A": NaN,
        "Salaries And Wages": NaN,
        "Total Revenue": NaN,
        "Operating Revenue": NaN
    },
    "2022-09-30": {
        "Tax Effect Of Unusual Items": NaN,
        "Tax Rate For Calcs": NaN,
        "Normalized EBITDA": NaN,
        "Net Income From Continuing Operation Net Minority Interest": NaN,
        "Reconciled Depreciation": NaN,
        "EBITDA": NaN,
        "EBIT": NaN,
        "Net Interest Income": NaN,
        "Interest Expense": NaN,
        "Interest Income": NaN,
        "Normalized Income": NaN,
        "Net Income From Continuing And Discontinued Operation": NaN,
        "Total Expenses": NaN,
        "Total Operating Income As Reported": NaN,
        "Diluted Average Shares": NaN,
        "Basic Average Shares": NaN,
        "Diluted EPS": NaN,
        "Basic EPS": NaN,
        "Diluted NI Availto Com Stockholders": NaN,
        "Net Income Common Stockholders": NaN,
        "Net Income": NaN,
        "Net Income Including Noncontrolling Interests": NaN,
        "Net Income Continuous Operations": NaN,
        "Pretax Income": NaN,
        "Net Non Operating Interest Income Expense": NaN,
        "Interest Expense Non Operating": NaN,
        "Interest Income Non Operating": NaN,
        "Operating Income": NaN,
        "Operating Expense": NaN,
        "Research And Development": NaN,
        "Selling General And Administration": NaN,
        "General And Administrative Expense": NaN,
        "Other Gand A": NaN,
        "Salaries And Wages": 2864000.0,
        "Total Revenue": NaN,
        "Operating Revenue": NaN
    },
    "2022-06-30": {
        "Tax Effect Of Unusual Items": 0.0,
        "Tax Rate For Calcs": 0.0,
        "Normalized EBITDA": -14039000.0,
        "Net Income From Continuing Operation Net Minority Interest": -15097000.0,
        "Reconciled Depreciation": 1207000.0,
        "EBITDA": -14039000.0,
        "EBIT": -15246000.0,
        "Net Interest Income": 149000.0,
        "Interest Expense": NaN,
        "Interest Income": 149000.0,
        "Normalized Income": -15097000.0,
        "Net Income From Continuing And Discontinued Operation": -15097000.0,
        "Total Expenses": 19302000.0,
        "Total Operating Income As Reported": -15246000.0,
        "Diluted Average Shares": 24063677.0,
        "Basic Average Shares": 24063677.0,
        "Diluted EPS": -0.63,
        "Basic EPS": -0.63,
        "Diluted NI Availto Com Stockholders": -15097000.0,
        "Net Income Common Stockholders": -15097000.0,
        "Net Income": -15097000.0,
        "Net Income Including Noncontrolling Interests": -15097000.0,
        "Net Income Continuous Operations": -15097000.0,
        "Pretax Income": -15097000.0,
        "Other Income Expense": NaN,
        "Other Non Operating Income Expenses": NaN,
        "Net Non Operating Interest Income Expense": 149000.0,
        "Interest Expense Non Operating": NaN,
        "Interest Income Non Operating": 149000.0,
        "Operating Income": -15246000.0,
        "Operating Expense": 19302000.0,
        "Research And Development": 14494000.0,
        "Selling General And Administration": 4808000.0,
        "General And Administrative Expense": 4808000.0,
        "Other Gand A": 4808000.0,
        "Salaries And Wages": NaN,
        "Total Revenue": 4056000.0,
        "Operating Revenue": 4056000.0
    },
    "2022-03-31": {
        "Diluted EPS": -0.67,
        "Total Revenue": 3,
        "Gross Profit": 3,
        "Operating Income": -16,
        "EBIT": -15,
        "Net Income": -16
    },
    "2021-12-31": {
        "Diluted EPS": 10.81,
        "Total Revenue": 3,
        "Gross Profit": 3,
        "Operating Income": -14,
        "EBIT": -13,
        "Net Income": -14
    },
    "2021-09-30": {
        "Diluted EPS": -0.8,
        "Total Revenue": 2,
        "Gross Profit": 2,
        "Operating Income": -16,
        "EBIT": -15,
        "Net Income": -16
    },
    "2021-06-30": {
        "Diluted EPS": -7.69,
        "Total Revenue": 3,
        "Gross Profit": 3,
        "Operating Income": -11,
        "EBIT": -10,
        "Net Income": -11
    },
    "2021-03-31": {
        "Diluted EPS": -6.49,
        "Total Revenue": 2,
        "Gross Profit": 2,
        "Operating Income": -8,
        "EBIT": -7,
        "Net Income": -8
    },
    "2020-12-31": {
        "Diluted EPS": -8.05,
        "Total Revenue": 1,
        "Gross Profit": 1,
        "Operating Income": -8,
        "EBIT": -7,
        "Net Income": -8
    },
    "2020-09-30": {
        "Diluted EPS": -7.16,
        "Total Revenue": 0,
        "Gross Profit": 0,
        "Operating Income": -7,
        "EBIT": -7,
        "Net Income": -7
    },
    "2020-06-30": {
        "Diluted EPS": -6.18,
        "Total Revenue": NaN,
        "Gross Profit": NaN,
        "Operating Income": -6,
        "EBIT": -5,
        "Net Income": -6
    },
    "2020-03-31": {
        "Diluted EPS": -7.13,
        "Total Revenue": NaN,
        "Gross Profit": NaN,
        "Operating Income": -6,
        "EBIT": -5,
        "Net Income": -6
    },
    "2019-12-31": {
        "Diluted EPS": 0.0,
        "Total Revenue": NaN,
        "Gross Profit": NaN,
        "Operating Income": NaN,
        "EBIT": NaN,
        "Net Income": NaN
    },
    "2023-06-30": {
        "Tax Effect Of Unusual Items": 0.0,
        "Tax Rate For Calcs": 0.0,
        "Normalized EBITDA": -21780000.0,
        "Net Income From Continuing Operation Net Minority Interest": -24045000.0,
        "Reconciled Depreciation": 1296000.0,
        "EBITDA": -21780000.0,
        "EBIT": -23076000.0,
        "Net Interest Income": 565000.0,
        "Interest Expense": 969000.0,
        "Interest Income": 1534000.0,
        "Normalized Income": -24045000.0,
        "Net Income From Continuing And Discontinued Operation": -24045000.0,
        "Total Expenses": 27758000.0,
        "Total Operating Income As Reported": -24610000.0,
        "Diluted Average Shares": 47208664.0,
        "Basic Average Shares": 47208664.0,
        "Diluted EPS": -0.51,
        "Basic EPS": -0.51,
        "Diluted NI Availto Com Stockholders": -24045000.0,
        "Net Income Common Stockholders": -24045000.0,
        "Net Income": -24045000.0,
        "Net Income Including Noncontrolling Interests": -24045000.0,
        "Net Income Continuous Operations": -24045000.0,
        "Pretax Income": -24045000.0,
        "Net Non Operating Interest Income Expense": 565000.0,
        "Interest Expense Non Operating": 969000.0,
        "Interest Income Non Operating": 1534000.0,
        "Operating Income": -24610000.0,
        "Operating Expense": 27758000.0,
        "Research And Development": 21227000.0,
        "Selling General And Administration": 6531000.0,
        "General And Administrative Expense": 6531000.0,
        "Other Gand A": 3977000.0,
        "Salaries And Wages": 2554000.0,
        "Total Revenue": 3148000.0,
        "Operating Revenue": 3148000.0
    },
    "2023-09-30": {
        "Tax Effect Of Unusual Items": 0.0,
        "Tax Rate For Calcs": 0.0,
        "Normalized EBITDA": -20729000.0,
        "Net Income From Continuing Operation Net Minority Interest": -22997000.0,
        "Reconciled Depreciation": 1286000.0,
        "EBITDA": -20729000.0,
        "EBIT": -22015000.0,
        "Net Interest Income": 1751000.0,
        "Interest Expense": 982000.0,
        "Interest Income": 2733000.0,
        "Normalized Income": -22997000.0,
        "Net Income From Continuing And Discontinued Operation": -22997000.0,
        "Total Expenses": 28635000.0,
        "Total Operating Income As Reported": -24748000.0,
        "Diluted Average Shares": 94829844.0,
        "Basic Average Shares": 94829844.0,
        "Diluted EPS": -0.24,
        "Basic EPS": -0.24,
        "Diluted NI Availto Com Stockholders": -22997000.0,
        "Net Income Common Stockholders": -22997000.0,
        "Net Income": -22997000.0,
        "Net Income Including Noncontrolling Interests": -22997000.0,
        "Net Income Continuous Operations": -22997000.0,
        "Pretax Income": -22997000.0,
        "Net Non Operating Interest Income Expense": 1751000.0,
        "Interest Expense Non Operating": 982000.0,
        "Interest Income Non Operating": 2733000.0,
        "Operating Income": -24748000.0,
        "Operating Expense": 28635000.0,
        "Research And Development": 22741000.0,
        "Selling General And Administration": 5894000.0,
        "General And Administrative Expense": 5894000.0,
        "Other Gand A": 3674000.0,
        "Salaries And Wages": 2220000.0,
        "Total Revenue": 3887000.0,
        "Operating Revenue": 3887000.0
    },
    "2023-12-31": {
        "Tax Effect Of Unusual Items": 0.0,
        "Tax Rate For Calcs": 0.0,
        "Normalized EBITDA": -17481000.0,
        "Net Income From Continuing Operation Net Minority Interest": -19613000.0,
        "Reconciled Depreciation": 1280000.0,
        "EBITDA": -17481000.0,
        "EBIT": -18761000.0,
        "Net Interest Income": 1744000.0,
        "Interest Expense": 852000.0,
        "Interest Income": 2596000.0,
        "Normalized Income": -19613000.0,
        "Net Income From Continuing And Discontinued Operation": -19613000.0,
        "Total Expenses": 28568000.0,
        "Total Operating Income As Reported": -21357000.0,
        "Diluted Average Shares": NaN,
        "Basic Average Shares": NaN,
        "Diluted EPS": NaN,
        "Basic EPS": NaN,
        "Diluted NI Availto Com Stockholders": -19613000.0,
        "Net Income Common Stockholders": -19613000.0,
        "Net Income": -19613000.0,
        "Net Income Including Noncontrolling Interests": -19613000.0,
        "Net Income Continuous Operations": -19613000.0,
        "Pretax Income": -19613000.0,
        "Net Non Operating Interest Income Expense": 1744000.0,
        "Interest Expense Non Operating": 852000.0,
        "Interest Income Non Operating": 2596000.0,
        "Operating Income": -21357000.0,
        "Operating Expense": 28568000.0,
        "Research And Development": 22406000.0,
        "Selling General And Administration": 6162000.0,
        "General And Administrative Expense": 6162000.0,
        "Other Gand A": 3526000.0,
        "Salaries And Wages": 2636000.0,
        "Total Revenue": 7211000.0,
        "Operating Revenue": 7211000.0
    },
    "2024-03-31": {
        "Tax Effect Of Unusual Items": 0.0,
        "Tax Rate For Calcs": 0.0,
        "Normalized EBITDA": -27929000.0,
        "Net Income From Continuing Operation Net Minority Interest": -30142000.0,
        "Reconciled Depreciation": 1254000.0,
        "EBITDA": -27929000.0,
        "EBIT": -29183000.0,
        "Net Interest Income": 1231000.0,
        "Interest Expense": 959000.0,
        "Interest Income": 2190000.0,
        "Normalized Income": -30142000.0,
        "Net Income From Continuing And Discontinued Operation": -30142000.0,
        "Total Expenses": 31939000.0,
        "Total Operating Income As Reported": -31373000.0,
        "Diluted Average Shares": 94875893.0,
        "Basic Average Shares": 94875893.0,
        "Diluted EPS": -0.32,
        "Basic EPS": -0.32,
        "Diluted NI Availto Com Stockholders": -30142000.0,
        "Net Income Common Stockholders": -30142000.0,
        "Net Income": -30142000.0,
        "Net Income Including Noncontrolling Interests": -30142000.0,
        "Net Income Continuous Operations": -30142000.0,
        "Pretax Income": -30142000.0,
        "Net Non Operating Interest Income Expense": 1231000.0,
        "Interest Expense Non Operating": 959000.0,
        "Interest Income Non Operating": 2190000.0,
        "Operating Income": -31373000.0,
        "Operating Expense": 31939000.0,
        "Research And Development": 24857000.0,
        "Selling General And Administration": 7082000.0,
        "General And Administrative Expense": 7082000.0,
        "Other Gand A": 3495000.0,
        "Salaries And Wages": 3587000.0,
        "Total Revenue": 566000.0,
        "Operating Revenue": 566000.0
    }
}