{
    "2023-04-30": {
        "Tax Effect Of Unusual Items": NaN,
        "Tax Rate For Calcs": NaN,
        "Total Unusual Items": NaN,
        "Total Unusual Items Excluding Goodwill": NaN,
        "Net Income From Continuing Operation Net Minority Interest": NaN,
        "Reconciled Depreciation": NaN,
        "Net Interest Income": NaN,
        "Interest Expense": NaN,
        "Interest Income": NaN,
        "Normalized Income": NaN,
        "Net Income From Continuing And Discontinued Operation": NaN,
        "Diluted Average Shares": 1830300000.0,
        "Basic Average Shares": 1828300000.0,
        "Diluted EPS": 1.69,
        "Basic EPS": 1.69,
        "Diluted NI Availto Com Stockholders": NaN,
        "Net Income Common Stockholders": NaN,
        "Preferred Stock Dividends": NaN,
        "Net Income": NaN,
        "Net Income Including Noncontrolling Interests": NaN,
        "Net Income Continuous Operations": NaN,
        "Earnings From Equity Interest Net Of Tax": NaN,
        "Tax Provision": NaN,
        "Pretax Income": NaN,
        "Special Income Charges": NaN,
        "Other Special Charges": 39000000.0,
        "Restructuring And Mergern Acquisition": NaN,
        "Gain On Sale Of Security": NaN,
        "Depreciation Amortization Depletion Income Statement": NaN,
        "Depreciation And Amortization In Income Statement": NaN,
        "Amortization": NaN,
        "Amortization Of Intangibles Income Statement": NaN,
        "Selling General And Administration": NaN,
        "Selling And Marketing Expense": NaN,
        "General And Administrative Expense": NaN,
        "Insurance And Claims": NaN,
        "Salaries And Wages": NaN,
        "Total Revenue": NaN,
        "Operating Revenue": NaN,
        "Occupancy And Equipment": NaN,
        "Professional Expense And Contract Services Expense": NaN,
        "Other Non Interest Expense": NaN
    },
    "2023-01-31": {
        "Tax Effect Of Unusual Items": NaN,
        "Tax Rate For Calcs": NaN,
        "Total Unusual Items": NaN,
        "Total Unusual Items Excluding Goodwill": NaN,
        "Net Income From Continuing Operation Net Minority Interest": NaN,
        "Reconciled Depreciation": NaN,
        "Net Interest Income": NaN,
        "Interest Expense": NaN,
        "Interest Income": NaN,
        "Normalized Income": NaN,
        "Net Income From Continuing And Discontinued Operation": NaN,
        "Diluted Average Shares": 1823100000.0,
        "Basic Average Shares": 1820700000.0,
        "Diluted EPS": 0.82,
        "Basic EPS": 0.82,
        "Diluted NI Availto Com Stockholders": NaN,
        "Net Income Common Stockholders": NaN,
        "Preferred Stock Dividends": NaN,
        "Net Income": NaN,
        "Net Income Including Noncontrolling Interests": NaN,
        "Net Income Continuous Operations": NaN,
        "Earnings From Equity Interest Net Of Tax": NaN,
        "Tax Provision": NaN,
        "Pretax Income": NaN,
        "Special Income Charges": NaN,
        "Other Special Charges": 1603000000.0,
        "Restructuring And Mergern Acquisition": NaN,
        "Gain On Sale Of Security": NaN,
        "Depreciation Amortization Depletion Income Statement": NaN,
        "Depreciation And Amortization In Income Statement": NaN,
        "Amortization": NaN,
        "Amortization Of Intangibles Income Statement": NaN,
        "Selling General And Administration": NaN,
        "Selling And Marketing Expense": NaN,
        "General And Administrative Expense": NaN,
        "Insurance And Claims": NaN,
        "Salaries And Wages": NaN,
        "Total Revenue": NaN,
        "Operating Revenue": NaN,
        "Occupancy And Equipment": NaN,
        "Professional Expense And Contract Services Expense": NaN,
        "Other Non Interest Expense": NaN
    },
    "2022-10-31": {
        "Tax Effect Of Unusual Items": NaN,
        "Tax Rate For Calcs": NaN,
        "Total Unusual Items": NaN,
        "Total Unusual Items Excluding Goodwill": NaN,
        "Net Income From Continuing Operation Net Minority Interest": NaN,
        "Reconciled Depreciation": NaN,
        "Net Interest Income": NaN,
        "Interest Expense": NaN,
        "Interest Income": NaN,
        "Normalized Income": NaN,
        "Net Income From Continuing And Discontinued Operation": NaN,
        "Diluted Average Shares": NaN,
        "Basic Average Shares": NaN,
        "Diluted EPS": NaN,
        "Basic EPS": NaN,
        "Diluted NI Availto Com Stockholders": NaN,
        "Net Income Common Stockholders": NaN,
        "Preferred Stock Dividends": NaN,
        "Net Income": NaN,
        "Net Income Including Noncontrolling Interests": NaN,
        "Net Income Continuous Operations": NaN,
        "Earnings From Equity Interest Net Of Tax": NaN,
        "Tax Provision": NaN,
        "Pretax Income": NaN,
        "Special Income Charges": NaN,
        "Other Special Charges": 0.0,
        "Restructuring And Mergern Acquisition": NaN,
        "Gain On Sale Of Security": NaN,
        "Depreciation Amortization Depletion Income Statement": NaN,
        "Depreciation And Amortization In Income Statement": NaN,
        "Amortization": NaN,
        "Amortization Of Intangibles Income Statement": NaN,
        "Selling General And Administration": NaN,
        "Selling And Marketing Expense": NaN,
        "General And Administrative Expense": NaN,
        "Insurance And Claims": NaN,
        "Salaries And Wages": NaN,
        "Total Revenue": NaN,
        "Operating Revenue": NaN
    },
    "2022-07-31": {
        "Tax Effect Of Unusual Items": -140890000.0,
        "Tax Rate For Calcs": 0.193,
        "Total Unusual Items": -730000000.0,
        "Total Unusual Items Excluding Goodwill": -730000000.0,
        "Net Income From Continuing Operation Net Minority Interest": 3214000000.0,
        "Reconciled Depreciation": 430000000.0,
        "Net Interest Income": 7044000000.0,
        "Interest Expense": 3738000000.0,
        "Interest Income": 10782000000.0,
        "Normalized Income": 3803110000.0,
        "Net Income From Continuing And Discontinued Operation": 3214000000.0,
        "Diluted Average Shares": 1807100000.0,
        "Basic Average Shares": 1804500000.0,
        "Diluted EPS": 1.75,
        "Basic EPS": 1.76,
        "Diluted NI Availto Com Stockholders": 3171000000.0,
        "Net Income Common Stockholders": 3171000000.0,
        "Preferred Stock Dividends": 43000000.0,
        "Net Income": 3214000000.0,
        "Net Income Including Noncontrolling Interests": 3214000000.0,
        "Net Income Continuous Operations": 3214000000.0,
        "Earnings From Equity Interest Net Of Tax": 268000000.0,
        "Tax Provision": 703000000.0,
        "Pretax Income": 3649000000.0,
        "Special Income Charges": -730000000.0,
        "Other Special Charges": NaN,
        "Restructuring And Mergern Acquisition": 730000000.0,
        "Gain On Sale Of Security": 0.0,
        "Depreciation Amortization Depletion Income Statement": 145000000.0,
        "Depreciation And Amortization In Income Statement": 145000000.0,
        "Amortization": 145000000.0,
        "Amortization Of Intangibles Income Statement": 145000000.0,
        "Selling General And Administration": 4156000000.0,
        "Selling And Marketing Expense": 329000000.0,
        "General And Administrative Expense": 4156000000.0,
        "Other Gand A": 329000000.0,
        "Insurance And Claims": 829000000.0,
        "Salaries And Wages": 3327000000.0,
        "Total Revenue": 11503000000.0,
        "Operating Revenue": 11503000000.0
    },
    "2023-07-31": {
        "Tax Effect Of Unusual Items": -158053482.221569,
        "Tax Rate For Calcs": 0.206876,
        "Total Unusual Items": -764000000.0,
        "Total Unusual Items Excluding Goodwill": -764000000.0,
        "Net Income From Continuing Operation Net Minority Interest": 2881000000.0,
        "Reconciled Depreciation": 496000000.0,
        "Net Interest Income": 7289000000.0,
        "Interest Expense": 13646000000.0,
        "Interest Income": 20935000000.0,
        "Normalized Income": 3486946517.778431,
        "Net Income From Continuing And Discontinued Operation": 2881000000.0,
        "Diluted Average Shares": 1836300000.0,
        "Basic Average Shares": 1834800000.0,
        "Diluted EPS": 1.53,
        "Basic EPS": 1.53,
        "Diluted NI Availto Com Stockholders": 2807000000.0,
        "Net Income Common Stockholders": 2807000000.0,
        "Preferred Stock Dividends": 74000000.0,
        "Net Income": 2881000000.0,
        "Net Income Including Noncontrolling Interests": 2881000000.0,
        "Net Income Continuous Operations": 2881000000.0,
        "Earnings From Equity Interest Net Of Tax": 182000000.0,
        "Tax Provision": 704000000.0,
        "Pretax Income": 3403000000.0,
        "Special Income Charges": -764000000.0,
        "Other Special Charges": NaN,
        "Restructuring And Mergern Acquisition": 764000000.0,
        "Gain On Sale Of Security": 0.0,
        "Depreciation Amortization Depletion Income Statement": 175000000.0,
        "Depreciation And Amortization In Income Statement": 175000000.0,
        "Amortization": 175000000.0,
        "Amortization Of Intangibles Income Statement": 175000000.0,
        "Selling General And Administration": 5726000000.0,
        "Selling And Marketing Expense": 335000000.0,
        "General And Administrative Expense": 5391000000.0,
        "Insurance And Claims": 1386000000.0,
        "Salaries And Wages": 4005000000.0,
        "Total Revenue": 12966000000.0,
        "Operating Revenue": 12966000000.0,
        "Occupancy And Equipment": 1065000000.0,
        "Professional Expense And Contract Services Expense": 589000000.0,
        "Other Non Interest Expense": 478000000.0
    },
    "2023-10-31": {
        "Tax Effect Of Unusual Items": 13278141.751042,
        "Tax Rate For Calcs": 0.187016,
        "Total Unusual Items": 71000000.0,
        "Total Unusual Items Excluding Goodwill": 71000000.0,
        "Net Income From Continuing Operation Net Minority Interest": 2886000000.0,
        "Reconciled Depreciation": 505000000.0,
        "Net Interest Income": 7494000000.0,
        "Interest Expense": 14882000000.0,
        "Interest Income": 22376000000.0,
        "Normalized Income": 2828278141.751042,
        "Net Income From Continuing And Discontinued Operation": 2886000000.0,
        "Diluted Average Shares": NaN,
        "Basic Average Shares": NaN,
        "Diluted EPS": NaN,
        "Basic EPS": NaN,
        "Diluted NI Availto Com Stockholders": 2690000000.0,
        "Net Income Common Stockholders": 2690000000.0,
        "Preferred Stock Dividends": 196000000.0,
        "Net Income": 2886000000.0,
        "Net Income Including Noncontrolling Interests": 2886000000.0,
        "Net Income Continuous Operations": 2886000000.0,
        "Earnings From Equity Interest Net Of Tax": 156000000.0,
        "Tax Provision": 628000000.0,
        "Pretax Income": 3358000000.0,
        "Special Income Charges": 71000000.0,
        "Other Special Charges": 0.0,
        "Restructuring And Mergern Acquisition": -71000000.0,
        "Gain On Sale Of Security": 0.0,
        "Depreciation Amortization Depletion Income Statement": 185000000.0,
        "Depreciation And Amortization In Income Statement": 185000000.0,
        "Amortization": 185000000.0,
        "Amortization Of Intangibles Income Statement": 185000000.0,
        "Selling General And Administration": 5527000000.0,
        "Selling And Marketing Expense": 418000000.0,
        "General And Administrative Expense": 5109000000.0,
        "Insurance And Claims": 1002000000.0,
        "Salaries And Wages": 4107000000.0,
        "Total Revenue": 14762000000.0,
        "Operating Revenue": 14762000000.0,
        "Occupancy And Equipment": 1080000000.0,
        "Professional Expense And Contract Services Expense": 703000000.0,
        "Other Non Interest Expense": 3102000000.0
    },
    "2024-01-31": {
        "Tax Effect Of Unusual Items": -182787000.0,
        "Tax Rate For Calcs": 0.191,
        "Total Unusual Items": -957000000.0,
        "Total Unusual Items Excluding Goodwill": -957000000.0,
        "Net Income From Continuing Operation Net Minority Interest": 2824000000.0,
        "Reconciled Depreciation": 499000000.0,
        "Net Interest Income": 7488000000.0,
        "Interest Expense": 15325000000.0,
        "Interest Income": 22813000000.0,
        "Normalized Income": 3598213000.0,
        "Net Income From Continuing And Discontinued Operation": 2824000000.0,
        "Diluted Average Shares": 1778200000.0,
        "Basic Average Shares": 1776700000.0,
        "Diluted EPS": 1.55,
        "Basic EPS": 1.55,
        "Diluted NI Availto Com Stockholders": 2750000000.0,
        "Net Income Common Stockholders": 2750000000.0,
        "Preferred Stock Dividends": 74000000.0,
        "Net Income": 2824000000.0,
        "Net Income Including Noncontrolling Interests": 2824000000.0,
        "Net Income Continuous Operations": 2824000000.0,
        "Earnings From Equity Interest Net Of Tax": 141000000.0,
        "Tax Provision": 634000000.0,
        "Pretax Income": 3317000000.0,
        "Special Income Charges": -957000000.0,
        "Other Special Charges": 411000000.0,
        "Restructuring And Mergern Acquisition": 546000000.0,
        "Gain On Sale Of Security": 0.0,
        "Depreciation Amortization Depletion Income Statement": 185000000.0,
        "Depreciation And Amortization In Income Statement": 185000000.0,
        "Amortization": 185000000.0,
        "Amortization Of Intangibles Income Statement": 185000000.0,
        "Selling General And Administration": 6005000000.0,
        "Selling And Marketing Expense": 325000000.0,
        "General And Administrative Expense": 5680000000.0,
        "Insurance And Claims": 1366000000.0,
        "Salaries And Wages": 4314000000.0,
        "Total Revenue": 13641000000.0,
        "Operating Revenue": 13641000000.0,
        "Occupancy And Equipment": 1106000000.0,
        "Professional Expense And Contract Services Expense": 565000000.0,
        "Other Non Interest Expense": 505000000.0
    },
    "2024-04-30": {
        "Tax Effect Of Unusual Items": -315840000.0,
        "Tax Rate For Calcs": 0.235,
        "Total Unusual Items": -1344000000.0,
        "Total Unusual Items Excluding Goodwill": -1344000000.0,
        "Net Income From Continuing Operation Net Minority Interest": 2564000000.0,
        "Reconciled Depreciation": 492000000.0,
        "Net Interest Income": 7465000000.0,
        "Interest Expense": 15531000000.0,
        "Interest Income": 22996000000.0,
        "Normalized Income": 3592160000.0,
        "Net Income From Continuing And Discontinued Operation": 2564000000.0,
        "Diluted Average Shares": 1764100000.0,
        "Basic Average Shares": 1762800000.0,
        "Diluted EPS": 1.35,
        "Basic EPS": 1.35,
        "Diluted NI Availto Com Stockholders": 2374000000.0,
        "Net Income Common Stockholders": 2374000000.0,
        "Preferred Stock Dividends": 190000000.0,
        "Net Income": 2564000000.0,
        "Net Income Including Noncontrolling Interests": 2564000000.0,
        "Net Income Continuous Operations": 2564000000.0,
        "Earnings From Equity Interest Net Of Tax": 194000000.0,
        "Tax Provision": 729000000.0,
        "Pretax Income": 3099000000.0,
        "Special Income Charges": -1344000000.0,
        "Other Special Charges": 992000000.0,
        "Restructuring And Mergern Acquisition": 352000000.0,
        "Gain On Sale Of Security": 1000000.0,
        "Depreciation Amortization Depletion Income Statement": 168000000.0,
        "Depreciation And Amortization In Income Statement": 168000000.0,
        "Amortization": 168000000.0,
        "Amortization Of Intangibles Income Statement": 168000000.0,
        "Selling General And Administration": 5892000000.0,
        "Selling And Marketing Expense": 394000000.0,
        "General And Administrative Expense": 5498000000.0,
        "Insurance And Claims": 1248000000.0,
        "Salaries And Wages": 4250000000.0,
        "Total Revenue": 13759000000.0,
        "Operating Revenue": 13759000000.0,
        "Occupancy And Equipment": 1090000000.0,
        "Professional Expense And Contract Services Expense": 655000000.0,
        "Other Non Interest Expense": 439000000.0
    },
    "2024-07-31": {
        "Tax Effect Of Unusual Items": -575550000.0,
        "Tax Rate For Calcs": 0.15,
        "Total Unusual Items": -3837000000.0,
        "Total Unusual Items Excluding Goodwill": -3837000000.0,
        "Net Income From Continuing Operation Net Minority Interest": -181000000.0,
        "Reconciled Depreciation": 492000000.0,
        "Net Interest Income": 7579000000.0,
        "Interest Expense": 16227000000.0,
        "Interest Income": 23806000000.0,
        "Normalized Income": 3080450000.0,
        "Net Income From Continuing And Discontinued Operation": -181000000.0,
        "Diluted Average Shares": 1748600000.0,
        "Basic Average Shares": 1747800000.0,
        "Diluted EPS": -0.14,
        "Basic EPS": -0.14,
        "Diluted NI Availto Com Stockholders": -250000000.0,
        "Net Income Common Stockholders": -250000000.0,
        "Preferred Stock Dividends": 69000000.0,
        "Net Income": -181000000.0,
        "Net Income Including Noncontrolling Interests": -181000000.0,
        "Net Income Continuous Operations": -181000000.0,
        "Earnings From Equity Interest Net Of Tax": 190000000.0,
        "Tax Provision": 794000000.0,
        "Pretax Income": 423000000.0,
        "Special Income Charges": -3837000000.0,
        "Other Special Charges": 3566000000.0,
        "Restructuring And Mergern Acquisition": 271000000.0,
        "Gain On Sale Of Security": -1000000.0,
        "Depreciation Amortization Depletion Income Statement": 173000000.0,
        "Depreciation And Amortization In Income Statement": 173000000.0,
        "Amortization": 173000000.0,
        "Amortization Of Intangibles Income Statement": 173000000.0,
        "Selling General And Administration": 6124000000.0,
        "Selling And Marketing Expense": 366000000.0,
        "General And Administrative Expense": 5758000000.0,
        "Insurance And Claims": 1669000000.0,
        "Salaries And Wages": 4089000000.0,
        "Total Revenue": 14113000000.0,
        "Operating Revenue": 14113000000.0,
        "Occupancy And Equipment": 1135000000.0,
        "Professional Expense And Contract Services Expense": 765000000.0,
        "Other Non Interest Expense": 585000000.0
    }
}