{
    "2023-03-31": {
        "Tax Effect Of Unusual Items": -2310000.0,
        "Tax Rate For Calcs": 0.21,
        "Normalized EBITDA": 321000000.0,
        "Total Unusual Items": -11000000.0,
        "Total Unusual Items Excluding Goodwill": -11000000.0,
        "Net Income From Continuing Operation Net Minority Interest": 8000000.0,
        "Reconciled Depreciation": 232000000.0,
        "Reconciled Cost Of Revenue": 592000000.0,
        "EBITDA": 310000000.0,
        "EBIT": 78000000.0,
        "Net Interest Income": -48000000.0,
        "Interest Expense": 53000000.0,
        "Interest Income": 5000000.0,
        "Normalized Income": 16690000.0,
        "Net Income From Continuing And Discontinued Operation": 8000000.0,
        "Total Expenses": 1263000000.0,
        "Total Operating Income As Reported": 29000000.0,
        "Diluted Average Shares": 113000000.0,
        "Basic Average Shares": 113000000.0,
        "Diluted EPS": -0.08,
        "Basic EPS": -0.08,
        "Diluted NI Availto Com Stockholders": -9000000.0,
        "Average Dilution Earnings": 0.0,
        "Net Income Common Stockholders": -9000000.0,
        "Preferred Stock Dividends": 17000000.0,
        "Net Income": 8000000.0,
        "Minority Interests": -4000000.0,
        "Net Income Including Noncontrolling Interests": 12000000.0,
        "Net Income Continuous Operations": 12000000.0,
        "Tax Provision": 13000000.0,
        "Pretax Income": 25000000.0,
        "Other Income Expense": 33000000.0,
        "Other Non Operating Income Expenses": NaN,
        "Special Income Charges": -11000000.0,
        "Gain On Sale Of Ppe": -11000000.0,
        "Gain On Sale Of Business": 0.0,
        "Write Off": NaN,
        "Impairment Of Capital Assets": NaN,
        "Earnings From Equity Interest": 44000000.0,
        "Gain On Sale Of Security": NaN,
        "Net Non Operating Interest Income Expense": -48000000.0,
        "Interest Expense Non Operating": 53000000.0,
        "Interest Income Non Operating": 5000000.0,
        "Operating Income": 40000000.0,
        "Operating Expense": 671000000.0,
        "Depreciation Amortization Depletion Income Statement": 232000000.0,
        "Depreciation And Amortization In Income Statement": 232000000.0,
        "Selling General And Administration": 439000000.0,
        "Gross Profit": 711000000.0,
        "Cost Of Revenue": 592000000.0,
        "Total Revenue": 1303000000.0,
        "Operating Revenue": 1303000000.0
    },
    "2022-12-31": {
        "Tax Effect Of Unusual Items": NaN,
        "Tax Rate For Calcs": NaN,
        "Normalized EBITDA": NaN,
        "Total Unusual Items": NaN,
        "Total Unusual Items Excluding Goodwill": NaN,
        "Net Income From Continuing Operation Net Minority Interest": NaN,
        "Reconciled Depreciation": NaN,
        "Reconciled Cost Of Revenue": NaN,
        "EBITDA": NaN,
        "EBIT": NaN,
        "Net Interest Income": NaN,
        "Interest Expense": NaN,
        "Interest Income": NaN,
        "Normalized Income": NaN,
        "Net Income From Continuing And Discontinued Operation": NaN,
        "Total Expenses": NaN,
        "Total Operating Income As Reported": NaN,
        "Diluted Average Shares": 113000000.0,
        "Basic Average Shares": 113000000.0,
        "Diluted EPS": -0.38,
        "Basic EPS": -0.38,
        "Diluted NI Availto Com Stockholders": NaN,
        "Average Dilution Earnings": -1000000.0,
        "Net Income Common Stockholders": NaN,
        "Preferred Stock Dividends": NaN,
        "Net Income": NaN,
        "Minority Interests": NaN,
        "Net Income Including Noncontrolling Interests": NaN,
        "Net Income Continuous Operations": NaN,
        "Tax Provision": NaN,
        "Pretax Income": NaN,
        "Other Income Expense": NaN,
        "Other Non Operating Income Expenses": 0.0,
        "Special Income Charges": NaN,
        "Gain On Sale Of Ppe": NaN,
        "Gain On Sale Of Business": 0.0,
        "Write Off": 0.0,
        "Impairment Of Capital Assets": NaN,
        "Earnings From Equity Interest": NaN,
        "Gain On Sale Of Security": 0.0,
        "Net Non Operating Interest Income Expense": NaN,
        "Interest Expense Non Operating": NaN,
        "Interest Income Non Operating": NaN,
        "Operating Income": NaN,
        "Operating Expense": NaN,
        "Depreciation Amortization Depletion Income Statement": NaN,
        "Depreciation And Amortization In Income Statement": NaN,
        "Selling General And Administration": NaN,
        "Gross Profit": NaN,
        "Cost Of Revenue": NaN,
        "Total Revenue": NaN,
        "Operating Revenue": NaN
    },
    "2022-09-30": {
        "Tax Effect Of Unusual Items": NaN,
        "Tax Rate For Calcs": NaN,
        "Normalized EBITDA": NaN,
        "Total Unusual Items": NaN,
        "Total Unusual Items Excluding Goodwill": NaN,
        "Net Income From Continuing Operation Net Minority Interest": NaN,
        "Reconciled Depreciation": NaN,
        "Reconciled Cost Of Revenue": NaN,
        "EBITDA": NaN,
        "EBIT": NaN,
        "Net Interest Income": NaN,
        "Interest Expense": NaN,
        "Interest Income": NaN,
        "Normalized Income": NaN,
        "Net Income From Continuing And Discontinued Operation": NaN,
        "Total Expenses": NaN,
        "Total Operating Income As Reported": NaN,
        "Diluted Average Shares": NaN,
        "Basic Average Shares": NaN,
        "Diluted EPS": NaN,
        "Basic EPS": NaN,
        "Diluted NI Availto Com Stockholders": NaN,
        "Average Dilution Earnings": NaN,
        "Net Income Common Stockholders": NaN,
        "Preferred Stock Dividends": NaN,
        "Net Income": NaN,
        "Minority Interests": NaN,
        "Net Income Including Noncontrolling Interests": NaN,
        "Net Income Continuous Operations": NaN,
        "Tax Provision": NaN,
        "Pretax Income": NaN,
        "Other Income Expense": NaN,
        "Other Non Operating Income Expenses": NaN,
        "Special Income Charges": NaN,
        "Gain On Sale Of Ppe": NaN,
        "Gain On Sale Of Business": 0.0,
        "Write Off": 0.0,
        "Impairment Of Capital Assets": 0.0,
        "Earnings From Equity Interest": NaN,
        "Gain On Sale Of Security": NaN,
        "Net Non Operating Interest Income Expense": NaN,
        "Interest Expense Non Operating": NaN,
        "Interest Income Non Operating": NaN,
        "Operating Income": NaN,
        "Operating Expense": NaN,
        "Depreciation Amortization Depletion Income Statement": NaN,
        "Depreciation And Amortization In Income Statement": NaN,
        "Selling General And Administration": NaN,
        "Gross Profit": NaN,
        "Cost Of Revenue": NaN,
        "Total Revenue": NaN,
        "Operating Revenue": NaN
    },
    "2022-06-30": {
        "Tax Effect Of Unusual Items": -4000000.0,
        "Tax Rate For Calcs": 0.4,
        "Normalized EBITDA": 345000000.0,
        "Total Unusual Items": -10000000.0,
        "Total Unusual Items Excluding Goodwill": -10000000.0,
        "Net Income From Continuing Operation Net Minority Interest": 35000000.0,
        "Reconciled Depreciation": 227000000.0,
        "Reconciled Cost Of Revenue": 622000000.0,
        "EBITDA": 335000000.0,
        "EBIT": 106000000.0,
        "Net Interest Income": -35000000.0,
        "Interest Expense": 40000000.0,
        "Interest Income": 5000000.0,
        "Normalized Income": 41000000.0,
        "Net Income From Continuing And Discontinued Operation": 35000000.0,
        "Total Expenses": 1276000000.0,
        "Total Operating Income As Reported": 63000000.0,
        "Diluted Average Shares": 116000000.0,
        "Basic Average Shares": 115000000.0,
        "Diluted EPS": 0.15,
        "Basic EPS": 0.15,
        "Diluted NI Availto Com Stockholders": 18000000.0,
        "Average Dilution Earnings": 0.0,
        "Net Income Common Stockholders": 18000000.0,
        "Preferred Stock Dividends": 17000000.0,
        "Net Income": 35000000.0,
        "Minority Interests": -4000000.0,
        "Net Income Including Noncontrolling Interests": 39000000.0,
        "Net Income Continuous Operations": 39000000.0,
        "Tax Provision": 27000000.0,
        "Pretax Income": 66000000.0,
        "Other Income Expense": 28000000.0,
        "Other Non Operating Income Expenses": NaN,
        "Special Income Charges": -10000000.0,
        "Gain On Sale Of Ppe": -7000000.0,
        "Gain On Sale Of Business": 0.0,
        "Write Off": 3000000.0,
        "Impairment Of Capital Assets": NaN,
        "Earnings From Equity Interest": 38000000.0,
        "Net Non Operating Interest Income Expense": -35000000.0,
        "Interest Expense Non Operating": 40000000.0,
        "Interest Income Non Operating": 5000000.0,
        "Operating Income": 73000000.0,
        "Operating Expense": 656000000.0,
        "Other Operating Expenses": NaN,
        "Depreciation Amortization Depletion Income Statement": 229000000.0,
        "Depreciation And Amortization In Income Statement": 229000000.0,
        "Selling General And Administration": 427000000.0,
        "Gross Profit": 729000000.0,
        "Cost Of Revenue": 620000000.0,
        "Total Revenue": 1349000000.0,
        "Operating Revenue": 1349000000.0
    },
    "2022-03-31": {
        "Diluted EPS": 0.37,
        "Total Revenue": NaN,
        "Gross Profit": 735,
        "Operating Income": 95,
        "EBIT": 324,
        "Net Income": 44
    },
    "2021-12-31": {
        "Diluted EPS": 0.11,
        "Total Revenue": NaN,
        "Gross Profit": 701,
        "Operating Income": 24,
        "EBIT": 249,
        "Net Income": 12
    },
    "2021-09-30": {
        "Diluted EPS": 0.24,
        "Total Revenue": NaN,
        "Gross Profit": 719,
        "Operating Income": 69,
        "EBIT": 282,
        "Net Income": 28
    },
    "2021-06-30": {
        "Diluted EPS": 0.17,
        "Total Revenue": NaN,
        "Gross Profit": 711,
        "Operating Income": 58,
        "EBIT": 291,
        "Net Income": 20
    },
    "2021-03-31": {
        "Diluted EPS": 0.48,
        "Total Revenue": NaN,
        "Gross Profit": 726,
        "Operating Income": 110,
        "EBIT": 334,
        "Net Income": 57
    },
    "2020-12-31": {
        "Diluted EPS": 0.12,
        "Total Revenue": NaN,
        "Gross Profit": 708,
        "Operating Income": 22,
        "EBIT": 246,
        "Net Income": 14
    },
    "2020-09-30": {
        "Diluted EPS": 0.66,
        "Total Revenue": NaN,
        "Gross Profit": 725,
        "Operating Income": 87,
        "EBIT": 302,
        "Net Income": 78
    },
    "2020-06-30": {
        "Diluted EPS": 0.56,
        "Total Revenue": NaN,
        "Gross Profit": 716,
        "Operating Income": 78,
        "EBIT": 313,
        "Net Income": 65
    },
    "2020-03-31": {
        "Diluted EPS": 0.59,
        "Total Revenue": NaN,
        "Gross Profit": 722,
        "Operating Income": 72,
        "EBIT": 307,
        "Net Income": 69
    },
    "2019-12-31": {
        "Diluted EPS": 0.1,
        "Total Revenue": NaN,
        "Gross Profit": 709,
        "Operating Income": 8,
        "EBIT": 243,
        "Net Income": 11
    },
    "2019-09-30": {
        "Diluted EPS": 0.15,
        "Total Revenue": NaN,
        "Gross Profit": 713,
        "Operating Income": 29,
        "EBIT": 266,
        "Net Income": 18
    },
    "2019-06-30": {
        "Diluted EPS": 0.28,
        "Total Revenue": NaN,
        "Gross Profit": 708,
        "Operating Income": 48,
        "EBIT": 281,
        "Net Income": 33
    },
    "2019-03-31": {
        "Diluted EPS": 0.5,
        "Total Revenue": NaN,
        "Gross Profit": 709,
        "Operating Income": 94,
        "EBIT": 321,
        "Net Income": 59
    },
    "2018-12-31": {
        "Diluted EPS": 0.13,
        "Total Revenue": NaN,
        "Gross Profit": 701,
        "Operating Income": 13,
        "EBIT": 234,
        "Net Income": 17
    },
    "2018-09-30": {
        "Diluted EPS": 0.41,
        "Total Revenue": NaN,
        "Gross Profit": 692,
        "Operating Income": 51,
        "EBIT": 272,
        "Net Income": 46
    },
    "2018-06-30": {
        "Diluted EPS": 0.29,
        "Total Revenue": NaN,
        "Gross Profit": 689,
        "Operating Income": 61,
        "EBIT": 281,
        "Net Income": 33
    },
    "2018-03-31": {
        "Diluted EPS": 0.34,
        "Total Revenue": NaN,
        "Gross Profit": 691,
        "Operating Income": 80,
        "EBIT": 301,
        "Net Income": 39
    },
    "2017-12-31": {
        "Diluted EPS": 2.59,
        "Total Revenue": NaN,
        "Gross Profit": 671,
        "Operating Income": 17,
        "EBIT": 229,
        "Net Income": 287
    },
    "2017-09-30": {
        "Diluted EPS": -1.64,
        "Total Revenue": NaN,
        "Gross Profit": 666,
        "Operating Income": -233,
        "EBIT": 239,
        "Net Income": -181
    },
    "2017-06-30": {
        "Diluted EPS": 0.09,
        "Total Revenue": NaN,
        "Gross Profit": 662,
        "Operating Income": 27,
        "EBIT": 238,
        "Net Income": 10
    },
    "2017-03-31": {
        "Diluted EPS": 0.33,
        "Total Revenue": NaN,
        "Gross Profit": 686,
        "Operating Income": 81,
        "EBIT": 292,
        "Net Income": 37
    },
    "2016-12-31": {
        "Diluted EPS": -0.04,
        "Total Revenue": NaN,
        "Gross Profit": 674,
        "Operating Income": -4,
        "EBIT": 210,
        "Net Income": -6
    },
    "2016-09-30": {
        "Diluted EPS": 0.11,
        "Total Revenue": NaN,
        "Gross Profit": 688,
        "Operating Income": 33,
        "EBIT": 247,
        "Net Income": 13
    },
    "2016-06-30": {
        "Diluted EPS": 0.25,
        "Total Revenue": NaN,
        "Gross Profit": 689,
        "Operating Income": 53,
        "EBIT": 263,
        "Net Income": 28
    },
    "2016-03-31": {
        "Diluted EPS": 0.07,
        "Total Revenue": NaN,
        "Gross Profit": 675,
        "Operating Income": 26,
        "EBIT": 238,
        "Net Income": 8
    },
    "2015-12-31": {
        "Diluted EPS": -0.02,
        "Total Revenue": NaN,
        "Gross Profit": 698,
        "Operating Income": 23,
        "EBIT": 239,
        "Net Income": -1
    },
    "2015-09-30": {
        "Diluted EPS": 0.46,
        "Total Revenue": NaN,
        "Gross Profit": 734,
        "Operating Income": 93,
        "EBIT": 303,
        "Net Income": 51
    },
    "2015-06-30": {
        "Diluted EPS": 0.21,
        "Total Revenue": NaN,
        "Gross Profit": 677,
        "Operating Income": 32,
        "EBIT": 243,
        "Net Income": 23
    },
    "2015-03-31": {
        "Diluted EPS": 1.33,
        "Total Revenue": NaN,
        "Gross Profit": 686,
        "Operating Income": 283,
        "EBIT": 490,
        "Net Income": 146
    },
    "2014-12-31": {
        "Diluted EPS": -0.15,
        "Total Revenue": NaN,
        "Gross Profit": 614,
        "Operating Income": -36,
        "EBIT": 166,
        "Net Income": -16
    },
    "2014-09-30": {
        "Diluted EPS": -1.07,
        "Total Revenue": NaN,
        "Gross Profit": 634,
        "Operating Income": -125,
        "EBIT": 80,
        "Net Income": -116
    },
    "2014-06-30": {
        "Diluted EPS": -0.2,
        "Total Revenue": NaN,
        "Gross Profit": 637,
        "Operating Income": -49,
        "EBIT": 155,
        "Net Income": -22
    },
    "2014-03-31": {
        "Diluted EPS": 0.16,
        "Total Revenue": NaN,
        "Gross Profit": 613,
        "Operating Income": 21,
        "EBIT": 246,
        "Net Income": 18
    },
    "2013-12-31": {
        "Diluted EPS": -0.05,
        "Total Revenue": NaN,
        "Gross Profit": 515,
        "Operating Income": -21,
        "EBIT": 246,
        "Net Income": -6
    },
    "2013-09-30": {
        "Diluted EPS": -0.09,
        "Total Revenue": NaN,
        "Gross Profit": 700,
        "Operating Income": -33,
        "EBIT": 222,
        "Net Income": -10
    },
    "2013-06-30": {
        "Diluted EPS": 1.42,
        "Total Revenue": NaN,
        "Gross Profit": 712,
        "Operating Income": 282,
        "EBIT": 536,
        "Net Income": 156
    },
    "2013-03-31": {
        "Diluted EPS": 0.01,
        "Total Revenue": NaN,
        "Gross Profit": 749,
        "Operating Income": 7,
        "EBIT": 249,
        "Net Income": 1
    },
    "2012-12-31": {
        "Diluted EPS": -0.38,
        "Total Revenue": NaN,
        "Gross Profit": 711,
        "Operating Income": -56,
        "EBIT": 165,
        "Net Income": -42
    },
    "2012-09-30": {
        "Diluted EPS": 0.26,
        "Total Revenue": NaN,
        "Gross Profit": 770,
        "Operating Income": 56,
        "EBIT": 252,
        "Net Income": 29
    },
    "2012-06-30": {
        "Diluted EPS": 0.39,
        "Total Revenue": NaN,
        "Gross Profit": 795,
        "Operating Income": 91,
        "EBIT": 290,
        "Net Income": 42
    },
    "2012-03-31": {
        "Diluted EPS": 0.48,
        "Total Revenue": NaN,
        "Gross Profit": 797,
        "Operating Income": 94,
        "EBIT": 291,
        "Net Income": 52
    },
    "2011-12-31": {
        "Diluted EPS": -0.05,
        "Total Revenue": NaN,
        "Gross Profit": 754,
        "Operating Income": 19,
        "EBIT": 211,
        "Net Income": -6
    },
    "2011-09-30": {
        "Diluted EPS": 0.65,
        "Total Revenue": NaN,
        "Gross Profit": 800,
        "Operating Income": 127,
        "EBIT": 317,
        "Net Income": 71
    },
    "2011-06-30": {
        "Diluted EPS": 0.84,
        "Total Revenue": NaN,
        "Gross Profit": 804,
        "Operating Income": 127,
        "EBIT": 320,
        "Net Income": 92
    },
    "2011-03-31": {
        "Diluted EPS": 0.39,
        "Total Revenue": NaN,
        "Gross Profit": 772,
        "Operating Income": 89,
        "EBIT": 280,
        "Net Income": 43
    },
    "2010-12-31": {
        "Diluted EPS": 0.19,
        "Total Revenue": NaN,
        "Gross Profit": 726,
        "Operating Income": 23,
        "EBIT": 213,
        "Net Income": 15
    },
    "2010-09-30": {
        "Diluted EPS": 0.36,
        "Total Revenue": NaN,
        "Gross Profit": 779,
        "Operating Income": 85,
        "EBIT": 271,
        "Net Income": 41
    },
    "2010-06-30": {
        "Diluted EPS": 0.35,
        "Total Revenue": NaN,
        "Gross Profit": 779,
        "Operating Income": 86,
        "EBIT": 277,
        "Net Income": 40
    },
    "2010-03-31": {
        "Diluted EPS": 0.41,
        "Total Revenue": NaN,
        "Gross Profit": 778,
        "Operating Income": 102,
        "EBIT": 291,
        "Net Income": 48
    },
    "2009-12-31": {
        "Diluted EPS": 0.2,
        "Total Revenue": NaN,
        "Gross Profit": 767,
        "Operating Income": 35,
        "EBIT": 222,
        "Net Income": 14
    },
    "2009-09-30": {
        "Diluted EPS": 0.31,
        "Total Revenue": NaN,
        "Gross Profit": 780,
        "Operating Income": 80,
        "EBIT": 270,
        "Net Income": 37
    },
    "2009-06-30": {
        "Diluted EPS": 0.55,
        "Total Revenue": NaN,
        "Gross Profit": 811,
        "Operating Income": 153,
        "EBIT": 337,
        "Net Income": 66
    },
    "2009-03-31": {
        "Diluted EPS": 0.61,
        "Total Revenue": NaN,
        "Gross Profit": 791,
        "Operating Income": 140,
        "EBIT": 323,
        "Net Income": 74
    },
    "2023-06-30": {
        "Tax Effect Of Unusual Items": -1050000.0,
        "Tax Rate For Calcs": 0.21,
        "Normalized EBITDA": 307000000.0,
        "Total Unusual Items": -5000000.0,
        "Total Unusual Items Excluding Goodwill": -5000000.0,
        "Net Income From Continuing Operation Net Minority Interest": -2000000.0,
        "Reconciled Depreciation": 224000000.0,
        "Reconciled Cost Of Revenue": 569000000.0,
        "EBITDA": 302000000.0,
        "EBIT": 77000000.0,
        "Net Interest Income": -56000000.0,
        "Interest Expense": 62000000.0,
        "Interest Income": 6000000.0,
        "Normalized Income": 1950000.0,
        "Net Income From Continuing And Discontinued Operation": -2000000.0,
        "Total Expenses": 1229000000.0,
        "Total Operating Income As Reported": 33000000.0,
        "Diluted Average Shares": 113000000.0,
        "Basic Average Shares": 113000000.0,
        "Diluted EPS": -0.17,
        "Basic EPS": -0.17,
        "Diluted NI Availto Com Stockholders": -19000000.0,
        "Average Dilution Earnings": 0.0,
        "Net Income Common Stockholders": -19000000.0,
        "Preferred Stock Dividends": 17000000.0,
        "Net Income": -2000000.0,
        "Minority Interests": -2000000.0,
        "Net Income Including Noncontrolling Interests": 0.0,
        "Net Income Continuous Operations": 0.0,
        "Tax Provision": 15000000.0,
        "Pretax Income": 15000000.0,
        "Other Income Expense": 33000000.0,
        "Other Non Operating Income Expenses": NaN,
        "Special Income Charges": -5000000.0,
        "Gain On Sale Of Ppe": -5000000.0,
        "Gain On Sale Of Business": NaN,
        "Write Off": NaN,
        "Impairment Of Capital Assets": 0.0,
        "Earnings From Equity Interest": 38000000.0,
        "Gain On Sale Of Security": NaN,
        "Net Non Operating Interest Income Expense": -56000000.0,
        "Interest Expense Non Operating": 62000000.0,
        "Interest Income Non Operating": 6000000.0,
        "Operating Income": 38000000.0,
        "Operating Expense": 661000000.0,
        "Depreciation Amortization Depletion Income Statement": 225000000.0,
        "Depreciation And Amortization In Income Statement": 225000000.0,
        "Selling General And Administration": 436000000.0,
        "Gross Profit": 699000000.0,
        "Cost Of Revenue": 568000000.0,
        "Total Revenue": 1267000000.0,
        "Operating Revenue": 1267000000.0
    },
    "2023-09-30": {
        "Tax Effect Of Unusual Items": -1260000.0,
        "Tax Rate For Calcs": 0.21,
        "Normalized EBITDA": 324000000.0,
        "Total Unusual Items": -6000000.0,
        "Total Unusual Items Excluding Goodwill": -6000000.0,
        "Net Income From Continuing Operation Net Minority Interest": 0.0,
        "Reconciled Depreciation": 225000000.0,
        "Reconciled Cost Of Revenue": 567000000.0,
        "EBITDA": 318000000.0,
        "EBIT": 93000000.0,
        "Net Interest Income": -57000000.0,
        "Interest Expense": 62000000.0,
        "Interest Income": 5000000.0,
        "Normalized Income": 4740000.0,
        "Net Income From Continuing And Discontinued Operation": 0.0,
        "Total Expenses": 1224000000.0,
        "Total Operating Income As Reported": 48000000.0,
        "Diluted Average Shares": 113000000.0,
        "Basic Average Shares": 113000000.0,
        "Diluted EPS": -0.16,
        "Basic EPS": -0.16,
        "Diluted NI Availto Com Stockholders": -18000000.0,
        "Average Dilution Earnings": -1000000.0,
        "Net Income Common Stockholders": -17000000.0,
        "Preferred Stock Dividends": 17000000.0,
        "Net Income": 0.0,
        "Minority Interests": -4000000.0,
        "Net Income Including Noncontrolling Interests": 4000000.0,
        "Net Income Continuous Operations": 4000000.0,
        "Tax Provision": 27000000.0,
        "Pretax Income": 31000000.0,
        "Other Income Expense": 34000000.0,
        "Other Non Operating Income Expenses": NaN,
        "Special Income Charges": -6000000.0,
        "Gain On Sale Of Ppe": -6000000.0,
        "Gain On Sale Of Business": 0.0,
        "Write Off": NaN,
        "Impairment Of Capital Assets": 0.0,
        "Earnings From Equity Interest": 40000000.0,
        "Gain On Sale Of Security": NaN,
        "Net Non Operating Interest Income Expense": -57000000.0,
        "Interest Expense Non Operating": 62000000.0,
        "Interest Income Non Operating": 5000000.0,
        "Operating Income": 54000000.0,
        "Operating Expense": 657000000.0,
        "Depreciation Amortization Depletion Income Statement": 225000000.0,
        "Depreciation And Amortization In Income Statement": 225000000.0,
        "Selling General And Administration": 432000000.0,
        "Gross Profit": 711000000.0,
        "Cost Of Revenue": 567000000.0,
        "Total Revenue": 1278000000.0,
        "Operating Revenue": 1278000000.0
    },
    "2023-12-31": {
        "Tax Effect Of Unusual Items": -45164233.576642,
        "Tax Rate For Calcs": 0.082117,
        "Normalized EBITDA": 302000000.0,
        "Total Unusual Items": -550000000.0,
        "Total Unusual Items Excluding Goodwill": -550000000.0,
        "Net Income From Continuing Operation Net Minority Interest": -506000000.0,
        "Reconciled Depreciation": 234000000.0,
        "Reconciled Cost Of Revenue": 607000000.0,
        "EBITDA": -248000000.0,
        "EBIT": -482000000.0,
        "Net Interest Income": -62000000.0,
        "Interest Expense": 66000000.0,
        "Interest Income": 4000000.0,
        "Normalized Income": -1164233.576642,
        "Net Income From Continuing And Discontinued Operation": -506000000.0,
        "Total Expenses": 1286000000.0,
        "Total Operating Income As Reported": -524000000.0,
        "Diluted Average Shares": NaN,
        "Basic Average Shares": NaN,
        "Diluted EPS": NaN,
        "Basic EPS": NaN,
        "Diluted NI Availto Com Stockholders": -524000000.0,
        "Average Dilution Earnings": -1000000.0,
        "Net Income Common Stockholders": -523000000.0,
        "Preferred Stock Dividends": 17000000.0,
        "Net Income": -506000000.0,
        "Minority Interests": -3000000.0,
        "Net Income Including Noncontrolling Interests": -503000000.0,
        "Net Income Continuous Operations": -503000000.0,
        "Tax Provision": -45000000.0,
        "Pretax Income": -548000000.0,
        "Other Income Expense": -512000000.0,
        "Other Non Operating Income Expenses": 1000000.0,
        "Special Income Charges": -550000000.0,
        "Gain On Sale Of Ppe": -3000000.0,
        "Gain On Sale Of Business": 0.0,
        "Write Off": NaN,
        "Impairment Of Capital Assets": 547000000.0,
        "Earnings From Equity Interest": 37000000.0,
        "Gain On Sale Of Security": 1000000.0,
        "Net Non Operating Interest Income Expense": -62000000.0,
        "Interest Expense Non Operating": 66000000.0,
        "Interest Income Non Operating": 4000000.0,
        "Operating Income": 26000000.0,
        "Operating Expense": 679000000.0,
        "Depreciation Amortization Depletion Income Statement": 234000000.0,
        "Depreciation And Amortization In Income Statement": 234000000.0,
        "Selling General And Administration": 445000000.0,
        "Gross Profit": 705000000.0,
        "Cost Of Revenue": 607000000.0,
        "Total Revenue": 1312000000.0,
        "Operating Revenue": 1312000000.0
    },
    "2024-03-31": {
        "Tax Effect Of Unusual Items": -2068965.517241,
        "Tax Rate For Calcs": 0.344828,
        "Normalized EBITDA": 355000000.0,
        "Total Unusual Items": -6000000.0,
        "Total Unusual Items Excluding Goodwill": -6000000.0,
        "Net Income From Continuing Operation Net Minority Interest": 29000000.0,
        "Reconciled Depreciation": 234000000.0,
        "Reconciled Cost Of Revenue": 531000000.0,
        "EBITDA": 349000000.0,
        "EBIT": 115000000.0,
        "Net Interest Income": -52000000.0,
        "Interest Expense": 57000000.0,
        "Interest Income": 5000000.0,
        "Normalized Income": 32931034.482759,
        "Net Income From Continuing And Discontinued Operation": 29000000.0,
        "Total Expenses": 1189000000.0,
        "Total Operating Income As Reported": 67000000.0,
        "Diluted Average Shares": 117000000.0,
        "Basic Average Shares": 113000000.0,
        "Diluted EPS": 0.1,
        "Basic EPS": 0.11,
        "Diluted NI Availto Com Stockholders": 12000000.0,
        "Average Dilution Earnings": NaN,
        "Net Income Common Stockholders": 12000000.0,
        "Preferred Stock Dividends": 17000000.0,
        "Net Income": 29000000.0,
        "Minority Interests": -9000000.0,
        "Net Income Including Noncontrolling Interests": 38000000.0,
        "Net Income Continuous Operations": 38000000.0,
        "Tax Provision": 20000000.0,
        "Pretax Income": 58000000.0,
        "Other Income Expense": 37000000.0,
        "Other Non Operating Income Expenses": 1000000.0,
        "Special Income Charges": -6000000.0,
        "Gain On Sale Of Ppe": -6000000.0,
        "Gain On Sale Of Business": NaN,
        "Write Off": NaN,
        "Impairment Of Capital Assets": NaN,
        "Earnings From Equity Interest": 42000000.0,
        "Gain On Sale Of Security": NaN,
        "Net Non Operating Interest Income Expense": -52000000.0,
        "Interest Expense Non Operating": 57000000.0,
        "Interest Income Non Operating": 5000000.0,
        "Operating Income": 73000000.0,
        "Operating Expense": 658000000.0,
        "Depreciation Amortization Depletion Income Statement": 234000000.0,
        "Depreciation And Amortization In Income Statement": 234000000.0,
        "Selling General And Administration": 424000000.0,
        "Gross Profit": 731000000.0,
        "Cost Of Revenue": 531000000.0,
        "Total Revenue": 1262000000.0,
        "Operating Revenue": 1262000000.0
    },
    "2024-06-30": {
        "Tax Effect Of Unusual Items": -3570000.0,
        "Tax Rate For Calcs": 0.21,
        "Normalized EBITDA": 336000000.0,
        "Total Unusual Items": -17000000.0,
        "Total Unusual Items Excluding Goodwill": -17000000.0,
        "Net Income From Continuing Operation Net Minority Interest": 3000000.0,
        "Reconciled Depreciation": 233000000.0,
        "Reconciled Cost Of Revenue": 523000000.0,
        "EBITDA": 319000000.0,
        "EBIT": 86000000.0,
        "Net Interest Income": -66000000.0,
        "Interest Expense": 73000000.0,
        "Interest Income": 7000000.0,
        "Normalized Income": 16430000.0,
        "Net Income From Continuing And Discontinued Operation": 3000000.0,
        "Total Expenses": 1182000000.0,
        "Total Operating Income As Reported": 39000000.0,
        "Diluted Average Shares": NaN,
        "Basic Average Shares": NaN,
        "Diluted EPS": NaN,
        "Basic EPS": NaN,
        "Diluted NI Availto Com Stockholders": -14000000.0,
        "Average Dilution Earnings": NaN,
        "Net Income Common Stockholders": -14000000.0,
        "Preferred Stock Dividends": 17000000.0,
        "Net Income": 3000000.0,
        "Minority Interests": -4000000.0,
        "Net Income Including Noncontrolling Interests": 7000000.0,
        "Net Income Continuous Operations": 7000000.0,
        "Tax Provision": 6000000.0,
        "Pretax Income": 13000000.0,
        "Other Income Expense": 23000000.0,
        "Other Non Operating Income Expenses": 1000000.0,
        "Special Income Charges": -17000000.0,
        "Gain On Sale Of Ppe": -17000000.0,
        "Gain On Sale Of Business": NaN,
        "Write Off": NaN,
        "Impairment Of Capital Assets": NaN,
        "Earnings From Equity Interest": 39000000.0,
        "Gain On Sale Of Security": NaN,
        "Net Non Operating Interest Income Expense": -66000000.0,
        "Interest Expense Non Operating": 73000000.0,
        "Interest Income Non Operating": 7000000.0,
        "Operating Income": 56000000.0,
        "Operating Expense": 659000000.0,
        "Depreciation Amortization Depletion Income Statement": 233000000.0,
        "Depreciation And Amortization In Income Statement": 233000000.0,
        "Selling General And Administration": 426000000.0,
        "Gross Profit": 715000000.0,
        "Cost Of Revenue": 523000000.0,
        "Total Revenue": 1238000000.0,
        "Operating Revenue": 1238000000.0
    }
}