{
    "2023-06-30": {
        "Tax Effect Of Unusual Items": -40400000.0,
        "Tax Rate For Calcs": 0.4,
        "Normalized EBITDA": 1337000000.0,
        "Total Unusual Items": -101000000.0,
        "Total Unusual Items Excluding Goodwill": -101000000.0,
        "Net Income From Continuing Operation Net Minority Interest": 510000000.0,
        "Reconciled Depreciation": 431000000.0,
        "Reconciled Cost Of Revenue": 2109000000.0,
        "EBITDA": 1236000000.0,
        "EBIT": 805000000.0,
        "Net Interest Income": 4000000.0,
        "Interest Expense": 0.0,
        "Interest Income": 28000000.0,
        "Normalized Income": 570600000.0,
        "Net Income From Continuing And Discontinued Operation": 510000000.0,
        "Total Expenses": 2423000000.0,
        "Total Operating Income As Reported": 1055000000.0,
        "Diluted Average Shares": 525600000.0,
        "Basic Average Shares": 517800000.0,
        "Diluted EPS": 0.97,
        "Basic EPS": 0.98,
        "Diluted NI Availto Com Stockholders": 510000000.0,
        "Net Income Common Stockholders": 510000000.0,
        "Net Income": 510000000.0,
        "Minority Interests": 41000000.0,
        "Net Income Including Noncontrolling Interests": 469000000.0,
        "Net Income Discontinuous Operations": 0.0,
        "Net Income Continuous Operations": 469000000.0,
        "Tax Provision": 336000000.0,
        "Pretax Income": 805000000.0,
        "Other Income Expense": -295000000.0,
        "Other Non Operating Income Expenses": -194000000.0,
        "Special Income Charges": 118000000.0,
        "Gain On Sale Of Ppe": 1000000.0,
        "Other Special Charges": -117000000.0,
        "Earnings From Equity Interest": 0.0,
        "Gain On Sale Of Security": -219000000.0,
        "Net Non Operating Interest Income Expense": 4000000.0,
        "Total Other Finance Cost": 24000000.0,
        "Interest Expense Non Operating": 0.0,
        "Interest Income Non Operating": 28000000.0,
        "Operating Income": 1096000000.0,
        "Operating Expense": 314000000.0,
        "Other Operating Expenses": 122000000.0,
        "Research And Development": 40000000.0,
        "Selling General And Administration": 138000000.0,
        "General And Administrative Expense": 138000000.0,
        "Other Gand A": 82000000.0,
        "Salaries And Wages": 56000000.0,
        "Gross Profit": 1410000000.0,
        "Cost Of Revenue": 2109000000.0,
        "Total Revenue": 3519000000.0,
        "Operating Revenue": 3519000000.0
    },
    "2023-03-31": {
        "Tax Effect Of Unusual Items": NaN,
        "Tax Rate For Calcs": NaN,
        "Normalized EBITDA": NaN,
        "Total Unusual Items": NaN,
        "Total Unusual Items Excluding Goodwill": NaN,
        "Net Income From Continuing Operation Net Minority Interest": NaN,
        "Reconciled Depreciation": NaN,
        "Reconciled Cost Of Revenue": NaN,
        "EBITDA": NaN,
        "EBIT": NaN,
        "Net Interest Income": NaN,
        "Interest Expense": NaN,
        "Interest Income": NaN,
        "Normalized Income": NaN,
        "Net Income From Continuing And Discontinued Operation": NaN,
        "Total Expenses": NaN,
        "Total Operating Income As Reported": NaN,
        "Diluted Average Shares": NaN,
        "Basic Average Shares": NaN,
        "Diluted EPS": NaN,
        "Basic EPS": NaN,
        "Diluted NI Availto Com Stockholders": NaN,
        "Net Income Common Stockholders": NaN,
        "Net Income": NaN,
        "Minority Interests": NaN,
        "Net Income Including Noncontrolling Interests": NaN,
        "Net Income Discontinuous Operations": NaN,
        "Net Income Continuous Operations": NaN,
        "Tax Provision": NaN,
        "Pretax Income": NaN,
        "Other Income Expense": NaN,
        "Other Non Operating Income Expenses": NaN,
        "Special Income Charges": NaN,
        "Gain On Sale Of Ppe": NaN,
        "Other Special Charges": -102000000.0,
        "Earnings From Equity Interest": NaN,
        "Gain On Sale Of Security": NaN,
        "Net Non Operating Interest Income Expense": NaN,
        "Total Other Finance Cost": NaN,
        "Interest Expense Non Operating": NaN,
        "Interest Income Non Operating": NaN,
        "Operating Income": NaN,
        "Operating Expense": NaN,
        "Other Operating Expenses": NaN,
        "Research And Development": NaN,
        "Selling General And Administration": NaN,
        "General And Administrative Expense": NaN,
        "Other Gand A": NaN,
        "Salaries And Wages": NaN,
        "Gross Profit": NaN,
        "Cost Of Revenue": NaN,
        "Total Revenue": NaN,
        "Operating Revenue": NaN
    },
    "2022-12-31": {
        "Tax Effect Of Unusual Items": NaN,
        "Tax Rate For Calcs": NaN,
        "Normalized EBITDA": NaN,
        "Total Unusual Items": NaN,
        "Total Unusual Items Excluding Goodwill": NaN,
        "Net Income From Continuing Operation Net Minority Interest": NaN,
        "Reconciled Depreciation": NaN,
        "Reconciled Cost Of Revenue": NaN,
        "EBITDA": NaN,
        "EBIT": NaN,
        "Net Interest Income": NaN,
        "Interest Expense": NaN,
        "Interest Income": NaN,
        "Normalized Income": NaN,
        "Net Income From Continuing And Discontinued Operation": NaN,
        "Total Expenses": NaN,
        "Total Operating Income As Reported": NaN,
        "Diluted Average Shares": NaN,
        "Basic Average Shares": NaN,
        "Diluted EPS": NaN,
        "Basic EPS": NaN,
        "Diluted NI Availto Com Stockholders": NaN,
        "Net Income Common Stockholders": NaN,
        "Net Income": NaN,
        "Minority Interests": NaN,
        "Net Income Including Noncontrolling Interests": NaN,
        "Net Income Discontinuous Operations": NaN,
        "Net Income Continuous Operations": NaN,
        "Tax Provision": NaN,
        "Pretax Income": NaN,
        "Other Income Expense": NaN,
        "Other Non Operating Income Expenses": NaN,
        "Special Income Charges": NaN,
        "Gain On Sale Of Ppe": NaN,
        "Other Special Charges": -5000000.0,
        "Earnings From Equity Interest": NaN,
        "Gain On Sale Of Security": NaN,
        "Net Non Operating Interest Income Expense": NaN,
        "Total Other Finance Cost": NaN,
        "Interest Expense Non Operating": NaN,
        "Interest Income Non Operating": NaN,
        "Operating Income": NaN,
        "Operating Expense": NaN,
        "Other Operating Expenses": NaN,
        "Research And Development": NaN,
        "Selling General And Administration": NaN,
        "General And Administrative Expense": NaN,
        "Other Gand A": NaN,
        "Salaries And Wages": NaN,
        "Gross Profit": NaN,
        "Cost Of Revenue": NaN,
        "Total Revenue": NaN,
        "Operating Revenue": NaN
    },
    "2022-09-30": {
        "Tax Effect Of Unusual Items": NaN,
        "Tax Rate For Calcs": NaN,
        "Normalized EBITDA": NaN,
        "Total Unusual Items": NaN,
        "Total Unusual Items Excluding Goodwill": NaN,
        "Net Income From Continuing Operation Net Minority Interest": NaN,
        "Reconciled Depreciation": NaN,
        "Reconciled Cost Of Revenue": NaN,
        "EBITDA": NaN,
        "EBIT": NaN,
        "Net Interest Income": NaN,
        "Interest Expense": NaN,
        "Interest Income": NaN,
        "Normalized Income": NaN,
        "Net Income From Continuing And Discontinued Operation": NaN,
        "Total Expenses": NaN,
        "Total Operating Income As Reported": NaN,
        "Diluted Average Shares": NaN,
        "Basic Average Shares": NaN,
        "Diluted EPS": NaN,
        "Basic EPS": NaN,
        "Diluted NI Availto Com Stockholders": NaN,
        "Net Income Common Stockholders": NaN,
        "Net Income": NaN,
        "Minority Interests": NaN,
        "Net Income Including Noncontrolling Interests": NaN,
        "Net Income Discontinuous Operations": NaN,
        "Net Income Continuous Operations": NaN,
        "Tax Provision": NaN,
        "Pretax Income": NaN,
        "Other Income Expense": NaN,
        "Other Non Operating Income Expenses": NaN,
        "Special Income Charges": NaN,
        "Gain On Sale Of Ppe": NaN,
        "Other Special Charges": NaN,
        "Write Off": 1234000000.0,
        "Earnings From Equity Interest": NaN,
        "Gain On Sale Of Security": NaN,
        "Net Non Operating Interest Income Expense": NaN,
        "Total Other Finance Cost": NaN,
        "Interest Expense Non Operating": NaN,
        "Interest Income Non Operating": NaN,
        "Operating Income": NaN,
        "Operating Expense": NaN,
        "Other Operating Expenses": NaN,
        "Research And Development": NaN,
        "Selling General And Administration": NaN,
        "General And Administrative Expense": NaN,
        "Other Gand A": NaN,
        "Salaries And Wages": NaN,
        "Gross Profit": NaN,
        "Cost Of Revenue": NaN,
        "Total Revenue": NaN,
        "Operating Revenue": NaN
    },
    "2022-06-30": {
        "Tax Effect Of Unusual Items": -48840000.0,
        "Tax Rate For Calcs": 0.37,
        "Normalized EBITDA": 3247000000.0,
        "Total Unusual Items": -132000000.0,
        "Total Unusual Items Excluding Goodwill": -132000000.0,
        "Net Income From Continuing Operation Net Minority Interest": 1675000000.0,
        "Reconciled Depreciation": 452000000.0,
        "Reconciled Cost Of Revenue": 2499000000.0,
        "EBITDA": 3115000000.0,
        "EBIT": 2663000000.0,
        "Net Interest Income": -10000000.0,
        "Interest Expense": 0.0,
        "Interest Income": 6000000.0,
        "Normalized Income": 1758160000.0,
        "Net Income From Continuing And Discontinued Operation": 1675000000.0,
        "Total Expenses": 2968000000.0,
        "Total Operating Income As Reported": 2812000000.0,
        "Diluted Average Shares": 545900000.0,
        "Basic Average Shares": 536400000.0,
        "Diluted EPS": 3.07,
        "Basic EPS": 3.12,
        "Diluted NI Availto Com Stockholders": 1675000000.0,
        "Net Income Common Stockholders": 1675000000.0,
        "Net Income": 1675000000.0,
        "Minority Interests": -11000000.0,
        "Net Income Including Noncontrolling Interests": 1686000000.0,
        "Net Income Discontinuous Operations": NaN,
        "Net Income Continuous Operations": 1686000000.0,
        "Tax Provision": 977000000.0,
        "Pretax Income": 2663000000.0,
        "Other Income Expense": -146000000.0,
        "Other Non Operating Income Expenses": -11000000.0,
        "Special Income Charges": -123000000.0,
        "Gain On Sale Of Ppe": 2000000.0,
        "Other Special Charges": 125000000.0,
        "Write Off": NaN,
        "Impairment Of Capital Assets": NaN,
        "Earnings From Equity Interest": -3000000.0,
        "Gain On Sale Of Security": -9000000.0,
        "Net Non Operating Interest Income Expense": -10000000.0,
        "Total Other Finance Cost": 16000000.0,
        "Interest Expense Non Operating": 0.0,
        "Interest Income Non Operating": 6000000.0,
        "Operating Income": 2819000000.0,
        "Operating Expense": 469000000.0,
        "Other Operating Expenses": 363000000.0,
        "Research And Development": 34000000.0,
        "Selling General And Administration": 55000000.0,
        "General And Administrative Expense": 55000000.0,
        "Other Gand A": 50000000.0,
        "Salaries And Wages": 5000000.0,
        "Gross Profit": 3288000000.0,
        "Cost Of Revenue": 2499000000.0,
        "Total Revenue": 5787000000.0,
        "Operating Revenue": 5787000000.0
    },
    "2022-03-31": {
        "Diluted EPS": 2.27,
        "Total Revenue": NaN,
        "Gross Profit": NaN,
        "Operating Income": NaN,
        "EBIT": NaN,
        "Net Income": NaN
    },
    "2021-12-31": {
        "Diluted EPS": 2.2,
        "Total Revenue": NaN,
        "Gross Profit": NaN,
        "Operating Income": NaN,
        "EBIT": NaN,
        "Net Income": NaN
    },
    "2021-09-30": {
        "Diluted EPS": 1.2,
        "Total Revenue": NaN,
        "Gross Profit": NaN,
        "Operating Income": NaN,
        "EBIT": NaN,
        "Net Income": 648
    },
    "2021-06-30": {
        "Diluted EPS": 0.39,
        "Total Revenue": NaN,
        "Gross Profit": 561,
        "Operating Income": 439,
        "EBIT": 749,
        "Net Income": 212
    },
    "2021-03-31": {
        "Diluted EPS": 0.45,
        "Total Revenue": NaN,
        "Gross Profit": 517,
        "Operating Income": 476,
        "EBIT": 775,
        "Net Income": 241
    },
    "2020-12-31": {
        "Diluted EPS": -0.67,
        "Total Revenue": NaN,
        "Gross Profit": 380,
        "Operating Income": 69,
        "EBIT": 368,
        "Net Income": -351
    },
    "2020-09-30": {
        "Diluted EPS": 0.08,
        "Total Revenue": NaN,
        "Gross Profit": 218,
        "Operating Income": 83,
        "EBIT": 413,
        "Net Income": 46
    },
    "2020-06-30": {
        "Diluted EPS": -0.2,
        "Total Revenue": NaN,
        "Gross Profit": 100,
        "Operating Income": -124,
        "EBIT": 93,
        "Net Income": -108
    },
    "2020-03-31": {
        "Diluted EPS": -0.43,
        "Total Revenue": NaN,
        "Gross Profit": 297,
        "Operating Income": 221,
        "EBIT": 503,
        "Net Income": -233
    },
    "2019-12-31": {
        "Diluted EPS": -2.45,
        "Total Revenue": NaN,
        "Gross Profit": 351,
        "Operating Income": 149,
        "EBIT": 457,
        "Net Income": NaN
    },
    "2019-09-30": {
        "Diluted EPS": 0.5,
        "Total Revenue": NaN,
        "Gross Profit": 596,
        "Operating Income": 455,
        "EBIT": 793,
        "Net Income": 280
    },
    "2019-06-30": {
        "Diluted EPS": 0.31,
        "Total Revenue": NaN,
        "Gross Profit": 786,
        "Operating Income": 586,
        "EBIT": 880,
        "Net Income": 173
    },
    "2019-03-31": {
        "Diluted EPS": 0.83,
        "Total Revenue": NaN,
        "Gross Profit": 784,
        "Operating Income": 724,
        "EBIT": NaN,
        "Net Income": 474
    },
    "2018-12-31": {
        "Diluted EPS": 0.56,
        "Total Revenue": NaN,
        "Gross Profit": 755,
        "Operating Income": 634,
        "EBIT": 950,
        "Net Income": 325
    },
    "2018-09-30": {
        "Diluted EPS": 1.68,
        "Total Revenue": NaN,
        "Gross Profit": 772,
        "Operating Income": NaN,
        "EBIT": NaN,
        "Net Income": 980
    },
    "2018-06-30": {
        "Diluted EPS": 0.85,
        "Total Revenue": NaN,
        "Gross Profit": 962,
        "Operating Income": 832,
        "EBIT": NaN,
        "Net Income": 491
    },
    "2018-03-31": {
        "Diluted EPS": 1.03,
        "Total Revenue": NaN,
        "Gross Profit": NaN,
        "Operating Income": 968,
        "EBIT": NaN,
        "Net Income": 601
    },
    "2017-12-31": {
        "Diluted EPS": 1.03,
        "Total Revenue": NaN,
        "Gross Profit": NaN,
        "Operating Income": 849,
        "EBIT": NaN,
        "Net Income": 595
    },
    "2017-09-30": {
        "Diluted EPS": 0.81,
        "Total Revenue": NaN,
        "Gross Profit": 871,
        "Operating Income": 780,
        "EBIT": NaN,
        "Net Income": 479
    },
    "2017-06-30": {
        "Diluted EPS": 0.73,
        "Total Revenue": NaN,
        "Gross Profit": 793,
        "Operating Income": 723,
        "EBIT": 985,
        "Net Income": 429
    },
    "2017-03-31": {
        "Diluted EPS": 0.73,
        "Total Revenue": NaN,
        "Gross Profit": 897,
        "Operating Income": 865,
        "EBIT": NaN,
        "Net Income": 432
    },
    "2016-12-31": {
        "Diluted EPS": 0.9,
        "Total Revenue": NaN,
        "Gross Profit": NaN,
        "Operating Income": NaN,
        "EBIT": NaN,
        "Net Income": 526
    },
    "2016-09-30": {
        "Diluted EPS": 0.31,
        "Total Revenue": NaN,
        "Gross Profit": 347,
        "Operating Income": 252,
        "EBIT": 527,
        "Net Income": 180
    },
    "2016-06-30": {
        "Diluted EPS": 0.02,
        "Total Revenue": NaN,
        "Gross Profit": 164,
        "Operating Income": 113,
        "EBIT": 379,
        "Net Income": 12
    },
    "2016-03-31": {
        "Diluted EPS": 0.12,
        "Total Revenue": NaN,
        "Gross Profit": 113,
        "Operating Income": 86,
        "EBIT": 311,
        "Net Income": 69
    },
    "2015-12-31": {
        "Diluted EPS": -0.6,
        "Total Revenue": NaN,
        "Gross Profit": 206,
        "Operating Income": 101,
        "EBIT": 381,
        "Net Income": -344
    },
    "2015-09-30": {
        "Diluted EPS": -2.84,
        "Total Revenue": NaN,
        "Gross Profit": 257,
        "Operating Income": 69,
        "EBIT": 289,
        "Net Income": NaN
    },
    "2015-06-30": {
        "Diluted EPS": 0.09,
        "Total Revenue": NaN,
        "Gross Profit": 253,
        "Operating Income": 194,
        "EBIT": 492,
        "Net Income": 51
    },
    "2015-03-31": {
        "Diluted EPS": 0.1,
        "Total Revenue": NaN,
        "Gross Profit": 303,
        "Operating Income": 212,
        "EBIT": 484,
        "Net Income": 56
    },
    "2014-12-31": {
        "Diluted EPS": 0.18,
        "Total Revenue": NaN,
        "Gross Profit": 184,
        "Operating Income": 39,
        "EBIT": 335,
        "Net Income": 103
    },
    "2014-09-30": {
        "Diluted EPS": 0.12,
        "Total Revenue": NaN,
        "Gross Profit": 315,
        "Operating Income": 240,
        "EBIT": 552,
        "Net Income": 75
    },
    "2014-06-30": {
        "Diluted EPS": 0.13,
        "Total Revenue": NaN,
        "Gross Profit": 300,
        "Operating Income": 224,
        "EBIT": 537,
        "Net Income": 79
    },
    "2014-03-31": {
        "Diluted EPS": 0.11,
        "Total Revenue": NaN,
        "Gross Profit": 367,
        "Operating Income": 228,
        "EBIT": 525,
        "Net Income": 63
    },
    "2013-12-31": {
        "Diluted EPS": 0.37,
        "Total Revenue": NaN,
        "Gross Profit": 410,
        "Operating Income": 276,
        "EBIT": 604,
        "Net Income": 211
    },
    "2013-09-30": {
        "Diluted EPS": 0.44,
        "Total Revenue": NaN,
        "Gross Profit": 575,
        "Operating Income": 481,
        "EBIT": 782,
        "Net Income": 257
    },
    "2013-06-30": {
        "Diluted EPS": 0.24,
        "Total Revenue": NaN,
        "Gross Profit": 553,
        "Operating Income": 411,
        "EBIT": 689,
        "Net Income": 139
    },
    "2013-03-31": {
        "Diluted EPS": 0.54,
        "Total Revenue": NaN,
        "Gross Profit": 654,
        "Operating Income": 586,
        "EBIT": 877,
        "Net Income": 321
    },
    "2012-12-31": {
        "Diluted EPS": 0.25,
        "Total Revenue": NaN,
        "Gross Profit": 712,
        "Operating Income": 654,
        "EBIT": 894,
        "Net Income": 145
    },
    "2012-09-30": {
        "Diluted EPS": 0.31,
        "Total Revenue": NaN,
        "Gross Profit": 709,
        "Operating Income": 615,
        "EBIT": 861,
        "Net Income": 182
    },
    "2012-06-30": {
        "Diluted EPS": 0.45,
        "Total Revenue": NaN,
        "Gross Profit": 707,
        "Operating Income": 635,
        "EBIT": 887,
        "Net Income": 263
    },
    "2012-03-31": {
        "Diluted EPS": 0.37,
        "Total Revenue": NaN,
        "Gross Profit": 928,
        "Operating Income": 871,
        "EBIT": NaN,
        "Net Income": 219
    },
    "2011-12-31": {
        "Diluted EPS": 1.09,
        "Total Revenue": NaN,
        "Gross Profit": NaN,
        "Operating Income": NaN,
        "EBIT": NaN,
        "Net Income": 641
    },
    "2011-09-30": {
        "Diluted EPS": 1.35,
        "Total Revenue": NaN,
        "Gross Profit": NaN,
        "Operating Income": NaN,
        "EBIT": NaN,
        "Net Income": 803
    },
    "2011-06-30": {
        "Diluted EPS": 1.36,
        "Total Revenue": NaN,
        "Gross Profit": NaN,
        "Operating Income": NaN,
        "EBIT": NaN,
        "Net Income": 802
    },
    "2011-03-31": {
        "Diluted EPS": 0.81,
        "Total Revenue": NaN,
        "Gross Profit": 976,
        "Operating Income": 910,
        "EBIT": 910,
        "Net Income": 480
    },
    "2010-12-31": {
        "Diluted EPS": 0.62,
        "Total Revenue": NaN,
        "Gross Profit": NaN,
        "Operating Income": NaN,
        "EBIT": NaN,
        "Net Income": 365
    },
    "2010-09-30": {
        "Diluted EPS": 0.56,
        "Total Revenue": NaN,
        "Gross Profit": NaN,
        "Operating Income": 975,
        "EBIT": NaN,
        "Net Income": 331
    },
    "2010-06-30": {
        "Diluted EPS": 0.43,
        "Total Revenue": NaN,
        "Gross Profit": 944,
        "Operating Income": 675,
        "EBIT": 926,
        "Net Income": 251
    },
    "2010-03-31": {
        "Diluted EPS": 1.5,
        "Total Revenue": NaN,
        "Gross Profit": 852,
        "Operating Income": 539,
        "EBIT": 807,
        "Net Income": 892
    },
    "2009-12-31": {
        "Diluted EPS": 0.65,
        "Total Revenue": NaN,
        "Gross Profit": 994,
        "Operating Income": 713,
        "EBIT": NaN,
        "Net Income": 383
    },
    "2009-09-30": {
        "Diluted EPS": 1.0,
        "Total Revenue": NaN,
        "Gross Profit": 960,
        "Operating Income": 643,
        "EBIT": 914,
        "Net Income": 577
    },
    "2009-06-30": {
        "Diluted EPS": 1.0,
        "Total Revenue": NaN,
        "Gross Profit": 720,
        "Operating Income": 492,
        "EBIT": 671,
        "Net Income": 488
    },
    "2009-03-31": {
        "Diluted EPS": 0.4,
        "Total Revenue": NaN,
        "Gross Profit": 672,
        "Operating Income": 473,
        "EBIT": 633,
        "Net Income": 194
    },
    "2023-09-30": {
        "Tax Effect Of Unusual Items": 11200000.0,
        "Tax Rate For Calcs": 0.4,
        "Normalized EBITDA": 1090000000.0,
        "Total Unusual Items": 28000000.0,
        "Total Unusual Items Excluding Goodwill": 28000000.0,
        "Net Income From Continuing Operation Net Minority Interest": 276000000.0,
        "Reconciled Depreciation": 529000000.0,
        "Reconciled Cost Of Revenue": 2768000000.0,
        "EBITDA": 1118000000.0,
        "EBIT": 589000000.0,
        "Net Interest Income": 6000000.0,
        "Interest Expense": 0.0,
        "Interest Income": 32000000.0,
        "Normalized Income": 259200000.0,
        "Net Income From Continuing And Discontinued Operation": 276000000.0,
        "Total Expenses": 3114000000.0,
        "Total Operating Income As Reported": 561000000.0,
        "Diluted Average Shares": 527100000.0,
        "Basic Average Shares": 519800000.0,
        "Diluted EPS": 0.52,
        "Basic EPS": 0.53,
        "Diluted NI Availto Com Stockholders": 276000000.0,
        "Net Income Common Stockholders": 276000000.0,
        "Net Income": 276000000.0,
        "Minority Interests": 8000000.0,
        "Net Income Including Noncontrolling Interests": 268000000.0,
        "Net Income Discontinuous Operations": 0.0,
        "Net Income Continuous Operations": 268000000.0,
        "Tax Provision": 321000000.0,
        "Pretax Income": 589000000.0,
        "Other Income Expense": 98000000.0,
        "Other Non Operating Income Expenses": 74000000.0,
        "Special Income Charges": -7000000.0,
        "Gain On Sale Of Ppe": -9000000.0,
        "Other Special Charges": -2000000.0,
        "Earnings From Equity Interest": -4000000.0,
        "Gain On Sale Of Security": 35000000.0,
        "Net Non Operating Interest Income Expense": 6000000.0,
        "Total Other Finance Cost": 26000000.0,
        "Interest Expense Non Operating": 0.0,
        "Interest Income Non Operating": 32000000.0,
        "Operating Income": 485000000.0,
        "Operating Expense": 346000000.0,
        "Other Operating Expenses": 183000000.0,
        "Research And Development": 50000000.0,
        "Selling General And Administration": 99000000.0,
        "General And Administrative Expense": 99000000.0,
        "Other Gand A": 73000000.0,
        "Salaries And Wages": 26000000.0,
        "Gross Profit": 831000000.0,
        "Cost Of Revenue": 2768000000.0,
        "Total Revenue": 3599000000.0,
        "Operating Revenue": 3599000000.0
    },
    "2023-12-31": {
        "Tax Effect Of Unusual Items": 62000000.0,
        "Tax Rate For Calcs": 0.4,
        "Normalized EBITDA": 1087000000.0,
        "Total Unusual Items": 155000000.0,
        "Total Unusual Items Excluding Goodwill": 155000000.0,
        "Net Income From Continuing Operation Net Minority Interest": 483000000.0,
        "Reconciled Depreciation": 548000000.0,
        "Reconciled Cost Of Revenue": 2872000000.0,
        "EBITDA": 1242000000.0,
        "EBIT": 694000000.0,
        "Net Interest Income": -102000000.0,
        "Interest Expense": 0.0,
        "Interest Income": 21000000.0,
        "Normalized Income": 390000000.0,
        "Net Income From Continuing And Discontinued Operation": 483000000.0,
        "Total Expenses": 3345000000.0,
        "Total Operating Income As Reported": 899000000.0,
        "Diluted Average Shares": 526400000.0,
        "Basic Average Shares": 519600000.0,
        "Diluted EPS": 0.92,
        "Basic EPS": 0.93,
        "Diluted NI Availto Com Stockholders": 483000000.0,
        "Net Income Common Stockholders": 483000000.0,
        "Net Income": 483000000.0,
        "Minority Interests": 87000000.0,
        "Net Income Including Noncontrolling Interests": 396000000.0,
        "Net Income Discontinuous Operations": 0.0,
        "Net Income Continuous Operations": 396000000.0,
        "Tax Provision": 298000000.0,
        "Pretax Income": 694000000.0,
        "Other Income Expense": 33000000.0,
        "Other Non Operating Income Expenses": -124000000.0,
        "Special Income Charges": -11000000.0,
        "Gain On Sale Of Ppe": -11000000.0,
        "Other Special Charges": 0.0,
        "Earnings From Equity Interest": 2000000.0,
        "Gain On Sale Of Security": 166000000.0,
        "Net Non Operating Interest Income Expense": -102000000.0,
        "Total Other Finance Cost": 11000000.0,
        "Interest Expense Non Operating": 0.0,
        "Interest Income Non Operating": 21000000.0,
        "Operating Income": 763000000.0,
        "Operating Expense": 473000000.0,
        "Other Operating Expenses": 320000000.0,
        "Research And Development": 36000000.0,
        "Selling General And Administration": 98000000.0,
        "General And Administrative Expense": 98000000.0,
        "Other Gand A": 95000000.0,
        "Salaries And Wages": 3000000.0,
        "Gross Profit": 1236000000.0,
        "Cost Of Revenue": 2872000000.0,
        "Total Revenue": 4108000000.0,
        "Operating Revenue": 4108000000.0
    },
    "2024-03-31": {
        "Tax Effect Of Unusual Items": -11250000.0,
        "Tax Rate For Calcs": 0.15,
        "Normalized EBITDA": 1619000000.0,
        "Total Unusual Items": -75000000.0,
        "Total Unusual Items Excluding Goodwill": -75000000.0,
        "Net Income From Continuing Operation Net Minority Interest": 343000000.0,
        "Reconciled Depreciation": 630000000.0,
        "Reconciled Cost Of Revenue": 2699000000.0,
        "EBITDA": 1544000000.0,
        "EBIT": 914000000.0,
        "Net Interest Income": -176000000.0,
        "Interest Expense": 173000000.0,
        "Interest Income": 28000000.0,
        "Normalized Income": 406750000.0,
        "Net Income From Continuing And Discontinued Operation": 343000000.0,
        "Total Expenses": 2973000000.0,
        "Total Operating Income As Reported": 993000000.0,
        "Diluted Average Shares": 524100000.0,
        "Basic Average Shares": 517700000.0,
        "Diluted EPS": 0.65,
        "Basic EPS": 0.66,
        "Diluted NI Availto Com Stockholders": 343000000.0,
        "Net Income Common Stockholders": 343000000.0,
        "Net Income": 343000000.0,
        "Minority Interests": -89000000.0,
        "Net Income Including Noncontrolling Interests": 432000000.0,
        "Net Income Discontinuous Operations": 0.0,
        "Net Income Continuous Operations": 432000000.0,
        "Tax Provision": 309000000.0,
        "Pretax Income": 741000000.0,
        "Other Income Expense": -98000000.0,
        "Other Non Operating Income Expenses": -20000000.0,
        "Special Income Charges": 8000000.0,
        "Gain On Sale Of Ppe": 8000000.0,
        "Other Special Charges": NaN,
        "Earnings From Equity Interest": -3000000.0,
        "Gain On Sale Of Security": -83000000.0,
        "Net Non Operating Interest Income Expense": -176000000.0,
        "Total Other Finance Cost": 31000000.0,
        "Interest Expense Non Operating": 173000000.0,
        "Interest Income Non Operating": 28000000.0,
        "Operating Income": 1015000000.0,
        "Operating Expense": 274000000.0,
        "Other Operating Expenses": 134000000.0,
        "Research And Development": 24000000.0,
        "Selling General And Administration": 101000000.0,
        "General And Administrative Expense": 101000000.0,
        "Other Gand A": 66000000.0,
        "Salaries And Wages": 35000000.0,
        "Gross Profit": 1289000000.0,
        "Cost Of Revenue": 2699000000.0,
        "Total Revenue": 3988000000.0,
        "Operating Revenue": 3988000000.0
    },
    "2024-06-30": {
        "Tax Effect Of Unusual Items": 9450000.0,
        "Tax Rate For Calcs": 0.15,
        "Normalized EBITDA": 1458000000.0,
        "Total Unusual Items": 63000000.0,
        "Total Unusual Items Excluding Goodwill": 63000000.0,
        "Net Income From Continuing Operation Net Minority Interest": 363000000.0,
        "Reconciled Depreciation": 666000000.0,
        "Reconciled Cost Of Revenue": 2711000000.0,
        "EBITDA": 1521000000.0,
        "EBIT": 855000000.0,
        "Net Interest Income": -197000000.0,
        "Interest Expense": 197000000.0,
        "Interest Income": 27000000.0,
        "Normalized Income": 309450000.0,
        "Net Income From Continuing And Discontinued Operation": 363000000.0,
        "Total Expenses": 3033000000.0,
        "Total Operating Income As Reported": 966000000.0,
        "Diluted Average Shares": 523800000.0,
        "Basic Average Shares": 518800000.0,
        "Diluted EPS": 0.69,
        "Basic EPS": 0.7,
        "Diluted NI Availto Com Stockholders": 363000000.0,
        "Net Income Common Stockholders": 363000000.0,
        "Net Income": 363000000.0,
        "Minority Interests": -22000000.0,
        "Net Income Including Noncontrolling Interests": 385000000.0,
        "Net Income Discontinuous Operations": 0.0,
        "Net Income Continuous Operations": 385000000.0,
        "Tax Provision": 273000000.0,
        "Pretax Income": 658000000.0,
        "Other Income Expense": 15000000.0,
        "Other Non Operating Income Expenses": -49000000.0,
        "Special Income Charges": -14000000.0,
        "Gain On Sale Of Ppe": -14000000.0,
        "Other Special Charges": NaN,
        "Earnings From Equity Interest": 1000000.0,
        "Gain On Sale Of Security": 77000000.0,
        "Net Non Operating Interest Income Expense": -197000000.0,
        "Total Other Finance Cost": 27000000.0,
        "Interest Expense Non Operating": 197000000.0,
        "Interest Income Non Operating": 27000000.0,
        "Operating Income": 840000000.0,
        "Operating Expense": 322000000.0,
        "Other Operating Expenses": 162000000.0,
        "Research And Development": 23000000.0,
        "Selling General And Administration": 115000000.0,
        "General And Administrative Expense": 115000000.0,
        "Other Gand A": 87000000.0,
        "Salaries And Wages": 28000000.0,
        "Gross Profit": 1162000000.0,
        "Cost Of Revenue": 2711000000.0,
        "Total Revenue": 3873000000.0,
        "Operating Revenue": 3873000000.0
    }
}