{
    "2023-06-30": {
        "Tax Effect Of Unusual Items": NaN,
        "Tax Rate For Calcs": NaN,
        "Normalized EBITDA": NaN,
        "Total Unusual Items": NaN,
        "Total Unusual Items Excluding Goodwill": NaN,
        "Net Income From Continuing Operation Net Minority Interest": NaN,
        "Reconciled Depreciation": NaN,
        "Reconciled Cost Of Revenue": NaN,
        "EBITDA": NaN,
        "EBIT": NaN,
        "Net Interest Income": NaN,
        "Interest Expense": NaN,
        "Interest Income": NaN,
        "Normalized Income": NaN,
        "Net Income From Continuing And Discontinued Operation": NaN,
        "Total Expenses": NaN,
        "Total Operating Income As Reported": NaN,
        "Diluted Average Shares": 317000000.0,
        "Basic Average Shares": 315000000.0,
        "Diluted EPS": 1.67,
        "Basic EPS": 1.68,
        "Diluted NI Availto Com Stockholders": NaN,
        "Net Income Common Stockholders": NaN,
        "Net Income": NaN,
        "Net Income Including Noncontrolling Interests": NaN,
        "Net Income Discontinuous Operations": NaN,
        "Net Income Continuous Operations": NaN,
        "Tax Provision": NaN,
        "Pretax Income": NaN,
        "Other Income Expense": NaN,
        "Other Non Operating Income Expenses": NaN,
        "Special Income Charges": NaN,
        "Gain On Sale Of Business": NaN,
        "Write Off": 10000000.0,
        "Restructuring And Mergern Acquisition": NaN,
        "Net Non Operating Interest Income Expense": NaN,
        "Interest Expense Non Operating": NaN,
        "Interest Income Non Operating": NaN,
        "Operating Income": NaN,
        "Operating Expense": NaN,
        "Research And Development": NaN,
        "Selling General And Administration": NaN,
        "Gross Profit": NaN,
        "Cost Of Revenue": NaN,
        "Total Revenue": NaN,
        "Operating Revenue": NaN
    },
    "2023-03-31": {
        "Tax Effect Of Unusual Items": -24130000.0,
        "Tax Rate For Calcs": 0.19,
        "Normalized EBITDA": 879000000.0,
        "Total Unusual Items": -127000000.0,
        "Total Unusual Items Excluding Goodwill": -127000000.0,
        "Net Income From Continuing Operation Net Minority Interest": 425000000.0,
        "Reconciled Depreciation": 207000000.0,
        "Reconciled Cost Of Revenue": 2876000000.0,
        "EBITDA": 752000000.0,
        "EBIT": 545000000.0,
        "Net Interest Income": -8000000.0,
        "Interest Expense": 20000000.0,
        "Interest Income": 12000000.0,
        "Normalized Income": 527870000.0,
        "Net Income From Continuing And Discontinued Operation": 433000000.0,
        "Total Expenses": 3496000000.0,
        "Total Operating Income As Reported": 537000000.0,
        "Diluted Average Shares": 318000000.0,
        "Basic Average Shares": 316000000.0,
        "Diluted EPS": 1.36,
        "Basic EPS": 1.37,
        "Diluted NI Availto Com Stockholders": 433000000.0,
        "Net Income Common Stockholders": 433000000.0,
        "Net Income": 433000000.0,
        "Net Income Including Noncontrolling Interests": 433000000.0,
        "Net Income Discontinuous Operations": 8000000.0,
        "Net Income Continuous Operations": 425000000.0,
        "Tax Provision": 100000000.0,
        "Pretax Income": 525000000.0,
        "Other Income Expense": -131000000.0,
        "Other Non Operating Income Expenses": -4000000.0,
        "Special Income Charges": -127000000.0,
        "Gain On Sale Of Business": -56000000.0,
        "Write Off": NaN,
        "Restructuring And Mergern Acquisition": 71000000.0,
        "Net Non Operating Interest Income Expense": -8000000.0,
        "Interest Expense Non Operating": 20000000.0,
        "Interest Income Non Operating": 12000000.0,
        "Operating Income": 664000000.0,
        "Operating Expense": 620000000.0,
        "Research And Development": 185000000.0,
        "Selling General And Administration": 435000000.0,
        "Gross Profit": 1284000000.0,
        "Cost Of Revenue": 2876000000.0,
        "Total Revenue": 4160000000.0,
        "Operating Revenue": 4160000000.0
    },
    "2022-12-31": {
        "Tax Effect Of Unusual Items": NaN,
        "Tax Rate For Calcs": NaN,
        "Normalized EBITDA": NaN,
        "Total Unusual Items": NaN,
        "Total Unusual Items Excluding Goodwill": NaN,
        "Net Income From Continuing Operation Net Minority Interest": NaN,
        "Reconciled Depreciation": NaN,
        "Reconciled Cost Of Revenue": NaN,
        "EBITDA": NaN,
        "EBIT": NaN,
        "Net Interest Income": NaN,
        "Interest Expense": NaN,
        "Interest Income": NaN,
        "Normalized Income": NaN,
        "Net Income From Continuing And Discontinued Operation": NaN,
        "Total Expenses": NaN,
        "Total Operating Income As Reported": NaN,
        "Diluted Average Shares": NaN,
        "Basic Average Shares": NaN,
        "Diluted EPS": NaN,
        "Basic EPS": NaN,
        "Diluted NI Availto Com Stockholders": NaN,
        "Net Income Common Stockholders": NaN,
        "Net Income": NaN,
        "Net Income Including Noncontrolling Interests": NaN,
        "Net Income Discontinuous Operations": NaN,
        "Net Income Continuous Operations": NaN,
        "Tax Provision": NaN,
        "Pretax Income": NaN,
        "Other Income Expense": NaN,
        "Other Non Operating Income Expenses": NaN,
        "Special Income Charges": NaN,
        "Gain On Sale Of Business": NaN,
        "Write Off": 6000000.0,
        "Restructuring And Mergern Acquisition": NaN,
        "Net Non Operating Interest Income Expense": NaN,
        "Interest Expense Non Operating": NaN,
        "Interest Income Non Operating": NaN,
        "Operating Income": NaN,
        "Operating Expense": NaN,
        "Research And Development": NaN,
        "Selling General And Administration": NaN,
        "Gross Profit": NaN,
        "Cost Of Revenue": NaN,
        "Total Revenue": NaN,
        "Operating Revenue": NaN
    },
    "2022-09-30": {
        "Tax Effect Of Unusual Items": -20580000.0,
        "Tax Rate For Calcs": 0.21,
        "Normalized EBITDA": 956000000.0,
        "Total Unusual Items": -98000000.0,
        "Total Unusual Items Excluding Goodwill": -98000000.0,
        "Net Income From Continuing Operation Net Minority Interest": 708000000.0,
        "Reconciled Depreciation": 188000000.0,
        "Reconciled Cost Of Revenue": 3010000000.0,
        "EBITDA": 858000000.0,
        "EBIT": 670000000.0,
        "Net Interest Income": -12000000.0,
        "Interest Expense": 18000000.0,
        "Interest Income": 6000000.0,
        "Normalized Income": 785420000.0,
        "Net Income From Continuing And Discontinued Operation": 708000000.0,
        "Total Expenses": 3601000000.0,
        "Total Operating Income As Reported": 660000000.0,
        "Diluted Average Shares": 321000000.0,
        "Basic Average Shares": 319000000.0,
        "Diluted EPS": 2.21,
        "Basic EPS": 2.22,
        "Diluted NI Availto Com Stockholders": 708000000.0,
        "Net Income Common Stockholders": 708000000.0,
        "Net Income": 708000000.0,
        "Net Income Including Noncontrolling Interests": 708000000.0,
        "Net Income Discontinuous Operations": 0.0,
        "Net Income Continuous Operations": 708000000.0,
        "Tax Provision": -56000000.0,
        "Pretax Income": 652000000.0,
        "Other Income Expense": -94000000.0,
        "Other Non Operating Income Expenses": 4000000.0,
        "Special Income Charges": -98000000.0,
        "Gain On Sale Of Business": NaN,
        "Write Off": NaN,
        "Restructuring And Mergern Acquisition": 98000000.0,
        "Net Non Operating Interest Income Expense": -12000000.0,
        "Interest Expense Non Operating": 18000000.0,
        "Interest Income Non Operating": 6000000.0,
        "Operating Income": 758000000.0,
        "Operating Expense": 591000000.0,
        "Research And Development": 179000000.0,
        "Selling General And Administration": 412000000.0,
        "Gross Profit": 1349000000.0,
        "Cost Of Revenue": 3010000000.0,
        "Total Revenue": 4359000000.0,
        "Operating Revenue": 4359000000.0
    },
    "2022-06-30": {
        "Tax Effect Of Unusual Items": -6068000.0,
        "Tax Rate For Calcs": 0.164,
        "Normalized EBITDA": 968000000.0,
        "Total Unusual Items": -37000000.0,
        "Total Unusual Items Excluding Goodwill": -37000000.0,
        "Net Income From Continuing Operation Net Minority Interest": 592000000.0,
        "Reconciled Depreciation": 205000000.0,
        "Reconciled Cost Of Revenue": 2769000000.0,
        "EBITDA": 931000000.0,
        "EBIT": 726000000.0,
        "Net Interest Income": -15000000.0,
        "Interest Expense": 18000000.0,
        "Interest Income": 3000000.0,
        "Normalized Income": 622932000.0,
        "Net Income From Continuing And Discontinued Operation": 594000000.0,
        "Total Expenses": 3341000000.0,
        "Total Operating Income As Reported": 719000000.0,
        "Diluted Average Shares": 324000000.0,
        "Basic Average Shares": 322000000.0,
        "Diluted EPS": 1.83,
        "Basic EPS": 1.84,
        "Diluted NI Availto Com Stockholders": 594000000.0,
        "Net Income Common Stockholders": 594000000.0,
        "Net Income": 594000000.0,
        "Net Income Including Noncontrolling Interests": 594000000.0,
        "Net Income Discontinuous Operations": 2000000.0,
        "Net Income Continuous Operations": 592000000.0,
        "Tax Provision": 116000000.0,
        "Pretax Income": 708000000.0,
        "Other Income Expense": -33000000.0,
        "Other Non Operating Income Expenses": 4000000.0,
        "Special Income Charges": -37000000.0,
        "Gain On Sale Of Business": 0.0,
        "Write Off": NaN,
        "Restructuring And Mergern Acquisition": 37000000.0,
        "Net Non Operating Interest Income Expense": -15000000.0,
        "Interest Expense Non Operating": 18000000.0,
        "Interest Income Non Operating": 3000000.0,
        "Operating Income": 756000000.0,
        "Operating Expense": 572000000.0,
        "Research And Development": 179000000.0,
        "Selling General And Administration": 393000000.0,
        "Gross Profit": 1328000000.0,
        "Cost Of Revenue": 2769000000.0,
        "Total Revenue": 4097000000.0,
        "Operating Revenue": 4097000000.0
    },
    "2022-03-31": {
        "Diluted EPS": 1.71,
        "Total Revenue": NaN,
        "Gross Profit": NaN,
        "Operating Income": 705,
        "EBIT": 899,
        "Net Income": 560
    },
    "2021-12-31": {
        "Diluted EPS": 1.72,
        "Total Revenue": NaN,
        "Gross Profit": NaN,
        "Operating Income": 672,
        "EBIT": 870,
        "Net Income": 566
    },
    "2021-09-30": {
        "Diluted EPS": 2.4,
        "Total Revenue": NaN,
        "Gross Profit": NaN,
        "Operating Income": 660,
        "EBIT": 839,
        "Net Income": 794
    },
    "2021-06-30": {
        "Diluted EPS": 1.74,
        "Total Revenue": NaN,
        "Gross Profit": NaN,
        "Operating Income": 714,
        "EBIT": 924,
        "Net Income": 580
    },
    "2021-03-31": {
        "Diluted EPS": 1.51,
        "Total Revenue": NaN,
        "Gross Profit": NaN,
        "Operating Income": 612,
        "EBIT": 805,
        "Net Income": 506
    },
    "2020-12-31": {
        "Diluted EPS": 1.14,
        "Total Revenue": NaN,
        "Gross Profit": NaN,
        "Operating Income": 448,
        "EBIT": 635,
        "Net Income": 381
    },
    "2020-09-30": {
        "Diluted EPS": 0.68,
        "Total Revenue": NaN,
        "Gross Profit": 969,
        "Operating Income": 347,
        "EBIT": 528,
        "Net Income": 230
    },
    "2020-06-30": {
        "Diluted EPS": -0.12,
        "Total Revenue": NaN,
        "Gross Profit": 707,
        "Operating Income": 134,
        "EBIT": 310,
        "Net Income": -41
    },
    "2020-03-31": {
        "Diluted EPS": -1.37,
        "Total Revenue": NaN,
        "Gross Profit": NaN,
        "Operating Income": -415,
        "EBIT": 665,
        "Net Income": -456
    },
    "2019-12-31": {
        "Diluted EPS": 0.08,
        "Total Revenue": NaN,
        "Gross Profit": NaN,
        "Operating Income": 471,
        "EBIT": 645,
        "Net Income": 26
    },
    "2019-09-30": {
        "Diluted EPS": 1.1,
        "Total Revenue": NaN,
        "Gross Profit": NaN,
        "Operating Income": 444,
        "EBIT": 619,
        "Net Income": 372
    },
    "2019-06-30": {
        "Diluted EPS": 2.23,
        "Total Revenue": NaN,
        "Gross Profit": NaN,
        "Operating Income": 520,
        "EBIT": 694,
        "Net Income": 757
    },
    "2019-03-31": {
        "Diluted EPS": 1.29,
        "Total Revenue": NaN,
        "Gross Profit": NaN,
        "Operating Income": 530,
        "EBIT": 703,
        "Net Income": 439
    },
    "2018-12-31": {
        "Diluted EPS": 0.8,
        "Total Revenue": NaN,
        "Gross Profit": NaN,
        "Operating Income": 484,
        "EBIT": 652,
        "Net Income": 276
    },
    "2018-09-30": {
        "Diluted EPS": 4.71,
        "Total Revenue": NaN,
        "Gross Profit": NaN,
        "Operating Income": 570,
        "EBIT": 741,
        "Net Income": NaN
    },
    "2018-06-30": {
        "Diluted EPS": 1.29,
        "Total Revenue": NaN,
        "Gross Profit": NaN,
        "Operating Income": 554,
        "EBIT": 721,
        "Net Income": 454
    },
    "2018-03-31": {
        "Diluted EPS": 1.38,
        "Total Revenue": NaN,
        "Gross Profit": NaN,
        "Operating Income": 621,
        "EBIT": 788,
        "Net Income": 490
    },
    "2017-12-31": {
        "Diluted EPS": -0.11,
        "Total Revenue": NaN,
        "Gross Profit": NaN,
        "Operating Income": 586,
        "EBIT": 748,
        "Net Income": -40
    },
    "2017-09-30": {
        "Diluted EPS": 1.21,
        "Total Revenue": NaN,
        "Gross Profit": 866,
        "Operating Income": 356,
        "EBIT": 498,
        "Net Income": 434
    },
    "2017-06-30": {
        "Diluted EPS": 1.22,
        "Total Revenue": NaN,
        "Gross Profit": NaN,
        "Operating Income": 544,
        "EBIT": 701,
        "Net Income": 435
    },
    "2017-03-31": {
        "Diluted EPS": 1.13,
        "Total Revenue": NaN,
        "Gross Profit": NaN,
        "Operating Income": 481,
        "EBIT": 633,
        "Net Income": 405
    },
    "2016-12-31": {
        "Diluted EPS": 1.14,
        "Total Revenue": NaN,
        "Gross Profit": NaN,
        "Operating Income": 495,
        "EBIT": 655,
        "Net Income": 409
    },
    "2016-09-30": {
        "Diluted EPS": 1.18,
        "Total Revenue": NaN,
        "Gross Profit": 898,
        "Operating Income": 423,
        "EBIT": 545,
        "Net Income": 437
    },
    "2016-06-30": {
        "Diluted EPS": 2.32,
        "Total Revenue": NaN,
        "Gross Profit": NaN,
        "Operating Income": 452,
        "EBIT": 600,
        "Net Income": 839
    },
    "2016-03-31": {
        "Diluted EPS": 1.03,
        "Total Revenue": NaN,
        "Gross Profit": 962,
        "Operating Income": 535,
        "EBIT": 679,
        "Net Income": 380
    },
    "2015-12-31": {
        "Diluted EPS": 0.91,
        "Total Revenue": NaN,
        "Gross Profit": 945,
        "Operating Income": 398,
        "EBIT": 544,
        "Net Income": 353
    },
    "2015-09-30": {
        "Diluted EPS": 2.55,
        "Total Revenue": NaN,
        "Gross Profit": 968,
        "Operating Income": 407,
        "EBIT": 568,
        "Net Income": NaN
    },
    "2015-06-30": {
        "Diluted EPS": 0.75,
        "Total Revenue": NaN,
        "Gross Profit": NaN,
        "Operating Income": 469,
        "EBIT": 617,
        "Net Income": 309
    },
    "2015-03-31": {
        "Diluted EPS": 1.45,
        "Total Revenue": NaN,
        "Gross Profit": NaN,
        "Operating Income": 448,
        "EBIT": 595,
        "Net Income": 599
    },
    "2014-12-31": {
        "Diluted EPS": 1.14,
        "Total Revenue": NaN,
        "Gross Profit": NaN,
        "Operating Income": 425,
        "EBIT": 585,
        "Net Income": 472
    },
    "2014-09-30": {
        "Diluted EPS": 1.59,
        "Total Revenue": NaN,
        "Gross Profit": 842,
        "Operating Income": 391,
        "EBIT": 534,
        "Net Income": 663
    },
    "2014-06-30": {
        "Diluted EPS": 0.97,
        "Total Revenue": NaN,
        "Gross Profit": NaN,
        "Operating Income": 464,
        "EBIT": 602,
        "Net Income": 403
    },
    "2014-03-31": {
        "Diluted EPS": 0.87,
        "Total Revenue": NaN,
        "Gross Profit": 995,
        "Operating Income": 471,
        "EBIT": 592,
        "Net Income": 362
    },
    "2013-12-31": {
        "Diluted EPS": 0.84,
        "Total Revenue": NaN,
        "Gross Profit": NaN,
        "Operating Income": 479,
        "EBIT": 628,
        "Net Income": 353
    },
    "2013-09-30": {
        "Diluted EPS": 0.92,
        "Total Revenue": NaN,
        "Gross Profit": NaN,
        "Operating Income": 465,
        "EBIT": 544,
        "Net Income": 387
    },
    "2013-06-30": {
        "Diluted EPS": 0.8,
        "Total Revenue": NaN,
        "Gross Profit": NaN,
        "Operating Income": 439,
        "EBIT": 586,
        "Net Income": 335
    },
    "2013-03-31": {
        "Diluted EPS": 0.65,
        "Total Revenue": NaN,
        "Gross Profit": NaN,
        "Operating Income": 359,
        "EBIT": 517,
        "Net Income": 277
    },
    "2012-12-31": {
        "Diluted EPS": 0.65,
        "Total Revenue": NaN,
        "Gross Profit": 989,
        "Operating Income": 293,
        "EBIT": 445,
        "Net Income": 277
    },
    "2012-09-30": {
        "Diluted EPS": 0.92,
        "Total Revenue": NaN,
        "Gross Profit": NaN,
        "Operating Income": 401,
        "EBIT": 557,
        "Net Income": 396
    },
    "2012-06-30": {
        "Diluted EPS": 0.46,
        "Total Revenue": NaN,
        "Gross Profit": NaN,
        "Operating Income": 371,
        "EBIT": 545,
        "Net Income": 199
    },
    "2012-03-31": {
        "Diluted EPS": 0.6,
        "Total Revenue": NaN,
        "Gross Profit": NaN,
        "Operating Income": 385,
        "EBIT": 523,
        "Net Income": 257
    },
    "2011-12-31": {
        "Diluted EPS": 0.61,
        "Total Revenue": NaN,
        "Gross Profit": 943,
        "Operating Income": 361,
        "EBIT": 502,
        "Net Income": 260
    },
    "2011-09-30": {
        "Diluted EPS": 0.75,
        "Total Revenue": NaN,
        "Gross Profit": NaN,
        "Operating Income": 435,
        "EBIT": 580,
        "Net Income": 326
    },
    "2011-06-30": {
        "Diluted EPS": 0.8,
        "Total Revenue": NaN,
        "Gross Profit": NaN,
        "Operating Income": 460,
        "EBIT": 603,
        "Net Income": 355
    },
    "2011-03-31": {
        "Diluted EPS": 0.67,
        "Total Revenue": NaN,
        "Gross Profit": NaN,
        "Operating Income": 392,
        "EBIT": 535,
        "Net Income": 299
    },
    "2010-12-31": {
        "Diluted EPS": 0.59,
        "Total Revenue": NaN,
        "Gross Profit": NaN,
        "Operating Income": 400,
        "EBIT": 533,
        "Net Income": 265
    },
    "2010-09-30": {
        "Diluted EPS": 0.66,
        "Total Revenue": NaN,
        "Gross Profit": 859,
        "Operating Income": 318,
        "EBIT": 437,
        "Net Income": 297
    },
    "2010-06-30": {
        "Diluted EPS": 0.72,
        "Total Revenue": NaN,
        "Gross Profit": 985,
        "Operating Income": 467,
        "EBIT": 596,
        "Net Income": 330
    },
    "2010-03-31": {
        "Diluted EPS": 0.66,
        "Total Revenue": NaN,
        "Gross Profit": 958,
        "Operating Income": 398,
        "EBIT": 526,
        "Net Income": 304
    },
    "2009-12-31": {
        "Diluted EPS": 0.37,
        "Total Revenue": NaN,
        "Gross Profit": 841,
        "Operating Income": 269,
        "EBIT": 407,
        "Net Income": 172
    },
    "2009-09-30": {
        "Diluted EPS": 0.21,
        "Total Revenue": NaN,
        "Gross Profit": 691,
        "Operating Income": 176,
        "EBIT": 309,
        "Net Income": 87
    },
    "2009-06-30": {
        "Diluted EPS": -0.17,
        "Total Revenue": NaN,
        "Gross Profit": 587,
        "Operating Income": 64,
        "EBIT": 194,
        "Net Income": -77
    },
    "2009-03-31": {
        "Diluted EPS": -7.07,
        "Total Revenue": NaN,
        "Gross Profit": 534,
        "Operating Income": NaN,
        "EBIT": -125,
        "Net Income": NaN
    },
    "2023-09-30": {
        "Tax Effect Of Unusual Items": -7793375.394322,
        "Tax Rate For Calcs": 0.12776,
        "Normalized EBITDA": 914000000.0,
        "Total Unusual Items": -61000000.0,
        "Total Unusual Items Excluding Goodwill": -61000000.0,
        "Net Income From Continuing Operation Net Minority Interest": 553000000.0,
        "Reconciled Depreciation": 200000000.0,
        "Reconciled Cost Of Revenue": 2750000000.0,
        "EBITDA": 853000000.0,
        "EBIT": 653000000.0,
        "Net Interest Income": 2000000.0,
        "Interest Expense": 19000000.0,
        "Interest Income": 21000000.0,
        "Normalized Income": 606206624.605678,
        "Net Income From Continuing And Discontinued Operation": 552000000.0,
        "Total Expenses": 3336000000.0,
        "Total Operating Income As Reported": 635000000.0,
        "Diluted Average Shares": 316000000.0,
        "Basic Average Shares": 313000000.0,
        "Diluted EPS": 1.75,
        "Basic EPS": 1.76,
        "Diluted NI Availto Com Stockholders": 552000000.0,
        "Net Income Common Stockholders": 552000000.0,
        "Net Income": 552000000.0,
        "Net Income Including Noncontrolling Interests": 552000000.0,
        "Net Income Discontinuous Operations": -1000000.0,
        "Net Income Continuous Operations": 553000000.0,
        "Tax Provision": 81000000.0,
        "Pretax Income": 634000000.0,
        "Other Income Expense": -67000000.0,
        "Other Non Operating Income Expenses": -6000000.0,
        "Special Income Charges": -61000000.0,
        "Gain On Sale Of Business": -5000000.0,
        "Write Off": 5000000.0,
        "Restructuring And Mergern Acquisition": 56000000.0,
        "Net Non Operating Interest Income Expense": 2000000.0,
        "Interest Expense Non Operating": 19000000.0,
        "Interest Income Non Operating": 21000000.0,
        "Operating Income": 699000000.0,
        "Operating Expense": 586000000.0,
        "Research And Development": 174000000.0,
        "Selling General And Administration": 412000000.0,
        "Gross Profit": 1285000000.0,
        "Cost Of Revenue": 2750000000.0,
        "Total Revenue": 4035000000.0,
        "Operating Revenue": 4035000000.0
    },
    "2023-12-31": {
        "Tax Effect Of Unusual Items": -6090000.0,
        "Tax Rate For Calcs": 0.21,
        "Normalized EBITDA": 940000000.0,
        "Total Unusual Items": -29000000.0,
        "Total Unusual Items Excluding Goodwill": -29000000.0,
        "Net Income From Continuing Operation Net Minority Interest": 1804000000.0,
        "Reconciled Depreciation": 194000000.0,
        "Reconciled Cost Of Revenue": 2507000000.0,
        "EBITDA": 911000000.0,
        "EBIT": 717000000.0,
        "Net Interest Income": 4000000.0,
        "Interest Expense": 18000000.0,
        "Interest Income": 22000000.0,
        "Normalized Income": 1826910000.0,
        "Net Income From Continuing And Discontinued Operation": 1803000000.0,
        "Total Expenses": 3104000000.0,
        "Total Operating Income As Reported": 698000000.0,
        "Diluted Average Shares": 313000000.0,
        "Basic Average Shares": 311000000.0,
        "Diluted EPS": 5.76,
        "Basic EPS": 5.8,
        "Diluted NI Availto Com Stockholders": 1803000000.0,
        "Net Income Common Stockholders": 1803000000.0,
        "Net Income": 1803000000.0,
        "Net Income Including Noncontrolling Interests": 1803000000.0,
        "Net Income Discontinuous Operations": -1000000.0,
        "Net Income Continuous Operations": 1804000000.0,
        "Tax Provision": -1105000000.0,
        "Pretax Income": 699000000.0,
        "Other Income Expense": -32000000.0,
        "Other Non Operating Income Expenses": -3000000.0,
        "Special Income Charges": -29000000.0,
        "Gain On Sale Of Business": -11000000.0,
        "Write Off": 11000000.0,
        "Restructuring And Mergern Acquisition": 18000000.0,
        "Net Non Operating Interest Income Expense": 4000000.0,
        "Interest Expense Non Operating": 18000000.0,
        "Interest Income Non Operating": 22000000.0,
        "Operating Income": 727000000.0,
        "Operating Expense": 597000000.0,
        "Research And Development": 173000000.0,
        "Selling General And Administration": 424000000.0,
        "Gross Profit": 1324000000.0,
        "Cost Of Revenue": 2507000000.0,
        "Total Revenue": 3831000000.0,
        "Operating Revenue": 3831000000.0
    },
    "2024-03-31": {
        "Tax Effect Of Unusual Items": -9159000.0,
        "Tax Rate For Calcs": 0.213,
        "Normalized EBITDA": 941000000.0,
        "Total Unusual Items": -43000000.0,
        "Total Unusual Items Excluding Goodwill": -43000000.0,
        "Net Income From Continuing Operation Net Minority Interest": 541000000.0,
        "Reconciled Depreciation": 192000000.0,
        "Reconciled Cost Of Revenue": 2604000000.0,
        "EBITDA": 898000000.0,
        "EBIT": 706000000.0,
        "Net Interest Income": 0.0,
        "Interest Expense": 19000000.0,
        "Interest Income": 19000000.0,
        "Normalized Income": 574841000.0,
        "Net Income From Continuing And Discontinued Operation": 541000000.0,
        "Total Expenses": 3232000000.0,
        "Total Operating Income As Reported": 692000000.0,
        "Diluted Average Shares": 310000000.0,
        "Basic Average Shares": 308000000.0,
        "Diluted EPS": 1.75,
        "Basic EPS": 1.76,
        "Diluted NI Availto Com Stockholders": 541000000.0,
        "Net Income Common Stockholders": 541000000.0,
        "Net Income": 541000000.0,
        "Net Income Including Noncontrolling Interests": 541000000.0,
        "Net Income Discontinuous Operations": 0.0,
        "Net Income Continuous Operations": 541000000.0,
        "Tax Provision": 146000000.0,
        "Pretax Income": 687000000.0,
        "Other Income Expense": -48000000.0,
        "Other Non Operating Income Expenses": -5000000.0,
        "Special Income Charges": -43000000.0,
        "Gain On Sale Of Business": 0.0,
        "Write Off": NaN,
        "Restructuring And Mergern Acquisition": 43000000.0,
        "Net Non Operating Interest Income Expense": 0.0,
        "Interest Expense Non Operating": 19000000.0,
        "Interest Income Non Operating": 19000000.0,
        "Operating Income": 735000000.0,
        "Operating Expense": 628000000.0,
        "Research And Development": 184000000.0,
        "Selling General And Administration": 444000000.0,
        "Gross Profit": 1363000000.0,
        "Cost Of Revenue": 2604000000.0,
        "Total Revenue": 3967000000.0,
        "Operating Revenue": 3967000000.0
    },
    "2024-06-30": {
        "Tax Effect Of Unusual Items": -2640000.0,
        "Tax Rate For Calcs": 0.24,
        "Normalized EBITDA": 991000000.0,
        "Total Unusual Items": -11000000.0,
        "Total Unusual Items Excluding Goodwill": -11000000.0,
        "Net Income From Continuing Operation Net Minority Interest": 573000000.0,
        "Reconciled Depreciation": 208000000.0,
        "Reconciled Cost Of Revenue": 2593000000.0,
        "EBITDA": 980000000.0,
        "EBIT": 772000000.0,
        "Net Interest Income": 2000000.0,
        "Interest Expense": 18000000.0,
        "Interest Income": 20000000.0,
        "Normalized Income": 581360000.0,
        "Net Income From Continuing And Discontinued Operation": 573000000.0,
        "Total Expenses": 3213000000.0,
        "Total Operating Income As Reported": 755000000.0,
        "Diluted Average Shares": 308000000.0,
        "Basic Average Shares": 306000000.0,
        "Diluted EPS": 1.86,
        "Basic EPS": 1.87,
        "Diluted NI Availto Com Stockholders": 573000000.0,
        "Net Income Common Stockholders": 573000000.0,
        "Net Income": 573000000.0,
        "Net Income Including Noncontrolling Interests": 573000000.0,
        "Net Income Discontinuous Operations": 0.0,
        "Net Income Continuous Operations": 573000000.0,
        "Tax Provision": 181000000.0,
        "Pretax Income": 754000000.0,
        "Other Income Expense": -14000000.0,
        "Other Non Operating Income Expenses": -3000000.0,
        "Special Income Charges": -11000000.0,
        "Gain On Sale Of Business": 21000000.0,
        "Write Off": NaN,
        "Restructuring And Mergern Acquisition": 32000000.0,
        "Net Non Operating Interest Income Expense": 2000000.0,
        "Interest Expense Non Operating": 18000000.0,
        "Interest Income Non Operating": 20000000.0,
        "Operating Income": 766000000.0,
        "Operating Expense": 620000000.0,
        "Research And Development": 189000000.0,
        "Selling General And Administration": 431000000.0,
        "Gross Profit": 1386000000.0,
        "Cost Of Revenue": 2593000000.0,
        "Total Revenue": 3979000000.0,
        "Operating Revenue": 3979000000.0
    },
    "2024-09-30": {
        "Tax Effect Of Unusual Items": -19320000.0,
        "Tax Rate For Calcs": 0.21,
        "Normalized EBITDA": 996000000.0,
        "Total Unusual Items": -92000000.0,
        "Total Unusual Items Excluding Goodwill": -92000000.0,
        "Net Income From Continuing Operation Net Minority Interest": 276000000.0,
        "Reconciled Depreciation": 232000000.0,
        "Reconciled Cost Of Revenue": 2685000000.0,
        "EBITDA": 904000000.0,
        "EBIT": 672000000.0,
        "Net Interest Income": 11000000.0,
        "Interest Expense": 15000000.0,
        "Interest Income": 26000000.0,
        "Normalized Income": 348680000.0,
        "Net Income From Continuing And Discontinued Operation": 276000000.0,
        "Total Expenses": 3313000000.0,
        "Total Operating Income As Reported": 651000000.0,
        "Diluted Average Shares": NaN,
        "Basic Average Shares": NaN,
        "Diluted EPS": NaN,
        "Basic EPS": NaN,
        "Diluted NI Availto Com Stockholders": 276000000.0,
        "Net Income Common Stockholders": 276000000.0,
        "Net Income": 276000000.0,
        "Net Income Including Noncontrolling Interests": 276000000.0,
        "Net Income Discontinuous Operations": 0.0,
        "Net Income Continuous Operations": 276000000.0,
        "Tax Provision": 381000000.0,
        "Pretax Income": 657000000.0,
        "Other Income Expense": -109000000.0,
        "Other Non Operating Income Expenses": -17000000.0,
        "Special Income Charges": -92000000.0,
        "Gain On Sale Of Business": 0.0,
        "Write Off": NaN,
        "Restructuring And Mergern Acquisition": 92000000.0,
        "Net Non Operating Interest Income Expense": 11000000.0,
        "Interest Expense Non Operating": 15000000.0,
        "Interest Income Non Operating": 26000000.0,
        "Operating Income": 755000000.0,
        "Operating Expense": 628000000.0,
        "Research And Development": 195000000.0,
        "Selling General And Administration": 433000000.0,
        "Gross Profit": 1383000000.0,
        "Cost Of Revenue": 2685000000.0,
        "Total Revenue": 4068000000.0,
        "Operating Revenue": 4068000000.0
    }
}