{
    "2023-03-31": {
        "Tax Effect Of Unusual Items": NaN,
        "Tax Rate For Calcs": NaN,
        "Normalized EBITDA": NaN,
        "Total Unusual Items": NaN,
        "Total Unusual Items Excluding Goodwill": NaN,
        "Net Income From Continuing Operation Net Minority Interest": NaN,
        "Reconciled Depreciation": NaN,
        "Reconciled Cost Of Revenue": NaN,
        "EBITDA": NaN,
        "EBIT": NaN,
        "Net Interest Income": NaN,
        "Interest Expense": NaN,
        "Normalized Income": NaN,
        "Net Income From Continuing And Discontinued Operation": NaN,
        "Total Expenses": NaN,
        "Total Operating Income As Reported": NaN,
        "Diluted Average Shares": NaN,
        "Basic Average Shares": NaN,
        "Diluted EPS": NaN,
        "Basic EPS": NaN,
        "Diluted NI Availto Com Stockholders": NaN,
        "Net Income Common Stockholders": NaN,
        "Net Income": NaN,
        "Net Income Including Noncontrolling Interests": NaN,
        "Net Income Continuous Operations": NaN,
        "Pretax Income": NaN,
        "Other Income Expense": NaN,
        "Other Non Operating Income Expenses": NaN,
        "Special Income Charges": NaN,
        "Gain On Sale Of Business": 0.0,
        "Net Non Operating Interest Income Expense": NaN,
        "Interest Expense Non Operating": NaN,
        "Operating Income": NaN,
        "Operating Expense": NaN,
        "Research And Development": NaN,
        "Selling General And Administration": NaN,
        "Selling And Marketing Expense": NaN,
        "General And Administrative Expense": NaN,
        "Other Gand A": NaN,
        "Gross Profit": NaN,
        "Cost Of Revenue": NaN,
        "Total Revenue": NaN,
        "Operating Revenue": NaN
    },
    "2022-12-31": {
        "Tax Effect Of Unusual Items": NaN,
        "Tax Rate For Calcs": NaN,
        "Normalized EBITDA": NaN,
        "Total Unusual Items": NaN,
        "Total Unusual Items Excluding Goodwill": NaN,
        "Net Income From Continuing Operation Net Minority Interest": NaN,
        "Reconciled Depreciation": NaN,
        "Reconciled Cost Of Revenue": NaN,
        "EBITDA": NaN,
        "EBIT": NaN,
        "Net Interest Income": NaN,
        "Interest Expense": NaN,
        "Normalized Income": NaN,
        "Net Income From Continuing And Discontinued Operation": NaN,
        "Total Expenses": NaN,
        "Total Operating Income As Reported": NaN,
        "Diluted Average Shares": NaN,
        "Basic Average Shares": NaN,
        "Diluted EPS": NaN,
        "Basic EPS": NaN,
        "Diluted NI Availto Com Stockholders": NaN,
        "Net Income Common Stockholders": NaN,
        "Net Income": NaN,
        "Net Income Including Noncontrolling Interests": NaN,
        "Net Income Continuous Operations": NaN,
        "Pretax Income": NaN,
        "Other Income Expense": NaN,
        "Other Non Operating Income Expenses": NaN,
        "Special Income Charges": NaN,
        "Gain On Sale Of Business": NaN,
        "Other Special Charges": 0.0,
        "Net Non Operating Interest Income Expense": NaN,
        "Interest Expense Non Operating": NaN,
        "Operating Income": NaN,
        "Operating Expense": NaN,
        "Research And Development": NaN,
        "Selling General And Administration": NaN,
        "Selling And Marketing Expense": NaN,
        "General And Administrative Expense": NaN,
        "Other Gand A": NaN,
        "Gross Profit": NaN,
        "Cost Of Revenue": NaN,
        "Total Revenue": NaN,
        "Operating Revenue": NaN
    },
    "2022-09-30": {
        "Tax Effect Of Unusual Items": 0.0,
        "Tax Rate For Calcs": 0.0,
        "Normalized EBITDA": -9477000.0,
        "Total Unusual Items": 0.0,
        "Total Unusual Items Excluding Goodwill": 0.0,
        "Net Income From Continuing Operation Net Minority Interest": -10714000.0,
        "Reconciled Depreciation": 205000.0,
        "Reconciled Cost Of Revenue": 3840000.0,
        "EBITDA": -9477000.0,
        "EBIT": -9682000.0,
        "Net Interest Income": -1032000.0,
        "Interest Expense": 1032000.0,
        "Normalized Income": -10714000.0,
        "Net Income From Continuing And Discontinued Operation": -10714000.0,
        "Total Expenses": 20646000.0,
        "Total Operating Income As Reported": -9487000.0,
        "Diluted Average Shares": 16758573.0,
        "Basic Average Shares": 16758573.0,
        "Diluted EPS": -0.64,
        "Basic EPS": -0.64,
        "Diluted NI Availto Com Stockholders": -10714000.0,
        "Net Income Common Stockholders": -10714000.0,
        "Net Income": -10714000.0,
        "Net Income Including Noncontrolling Interests": -10714000.0,
        "Net Income Continuous Operations": -10714000.0,
        "Pretax Income": -10714000.0,
        "Other Income Expense": -195000.0,
        "Other Non Operating Income Expenses": -195000.0,
        "Special Income Charges": 0.0,
        "Other Special Charges": NaN,
        "Net Non Operating Interest Income Expense": -1032000.0,
        "Interest Expense Non Operating": 1032000.0,
        "Operating Income": -9487000.0,
        "Operating Expense": 16806000.0,
        "Research And Development": 2102000.0,
        "Selling General And Administration": 14704000.0,
        "Selling And Marketing Expense": 11172000.0,
        "General And Administrative Expense": 3532000.0,
        "Other Gand A": 3532000.0,
        "Gross Profit": 7319000.0,
        "Cost Of Revenue": 3840000.0,
        "Total Revenue": 11159000.0,
        "Operating Revenue": 11159000.0
    },
    "2022-06-30": {
        "Tax Effect Of Unusual Items": 0.0,
        "Tax Rate For Calcs": 0.0,
        "Normalized EBITDA": -10579000.0,
        "Total Unusual Items": -1228000.0,
        "Total Unusual Items Excluding Goodwill": -1228000.0,
        "Net Income From Continuing Operation Net Minority Interest": -12741000.0,
        "Reconciled Depreciation": 621000.0,
        "Reconciled Cost Of Revenue": 3856000.0,
        "EBITDA": -11807000.0,
        "EBIT": -11807000.0,
        "Net Interest Income": -934000.0,
        "Interest Expense": 934000.0,
        "Normalized Income": -11513000.0,
        "Net Income From Continuing And Discontinued Operation": -12741000.0,
        "Total Expenses": 20643000.0,
        "Total Operating Income As Reported": -10237000.0,
        "Diluted Average Shares": 14557453.0,
        "Basic Average Shares": 14557453.0,
        "Diluted EPS": -0.88,
        "Basic EPS": -0.88,
        "Diluted NI Availto Com Stockholders": -12741000.0,
        "Net Income Common Stockholders": -12741000.0,
        "Net Income": -12741000.0,
        "Net Income Including Noncontrolling Interests": -12741000.0,
        "Net Income Continuous Operations": -12741000.0,
        "Pretax Income": -12741000.0,
        "Other Income Expense": -1570000.0,
        "Other Non Operating Income Expenses": -342000.0,
        "Special Income Charges": -1228000.0,
        "Other Special Charges": 1228000.0,
        "Net Non Operating Interest Income Expense": -934000.0,
        "Interest Expense Non Operating": 934000.0,
        "Operating Income": -10237000.0,
        "Operating Expense": 16787000.0,
        "Research And Development": 2102000.0,
        "Selling General And Administration": 14685000.0,
        "Selling And Marketing Expense": 11055000.0,
        "General And Administrative Expense": 3630000.0,
        "Other Gand A": 3630000.0,
        "Gross Profit": 6550000.0,
        "Cost Of Revenue": 3856000.0,
        "Total Revenue": 10406000.0,
        "Operating Revenue": 10406000.0
    },
    "2022-03-31": {
        "Diluted EPS": -0.75,
        "Total Revenue": 8,
        "Gross Profit": 5,
        "Operating Income": -10,
        "EBIT": -10,
        "Net Income": -11
    },
    "2021-12-31": {
        "Diluted EPS": -0.6,
        "Total Revenue": 8,
        "Gross Profit": 6,
        "Operating Income": -8,
        "EBIT": -8,
        "Net Income": -9
    },
    "2021-09-30": {
        "Diluted EPS": -0.57,
        "Total Revenue": 8,
        "Gross Profit": 5,
        "Operating Income": -7,
        "EBIT": -7,
        "Net Income": -8
    },
    "2021-06-30": {
        "Diluted EPS": -0.57,
        "Total Revenue": 8,
        "Gross Profit": 5,
        "Operating Income": -7,
        "EBIT": -7,
        "Net Income": -8
    },
    "2021-03-31": {
        "Diluted EPS": -0.56,
        "Total Revenue": 6,
        "Gross Profit": 4,
        "Operating Income": -7,
        "EBIT": -7,
        "Net Income": -8
    },
    "2020-12-31": {
        "Diluted EPS": -0.54,
        "Total Revenue": 6,
        "Gross Profit": 4,
        "Operating Income": -7,
        "EBIT": -7,
        "Net Income": -8
    },
    "2020-09-30": {
        "Diluted EPS": -0.53,
        "Total Revenue": 5,
        "Gross Profit": 3,
        "Operating Income": -7,
        "EBIT": -7,
        "Net Income": -8
    },
    "2020-06-30": {
        "Diluted EPS": -0.53,
        "Total Revenue": 4,
        "Gross Profit": 2,
        "Operating Income": -5,
        "EBIT": -5,
        "Net Income": -6
    },
    "2020-03-31": {
        "Diluted EPS": -0.63,
        "Total Revenue": 4,
        "Gross Profit": 2,
        "Operating Income": -6,
        "EBIT": -6,
        "Net Income": -7
    },
    "2019-12-31": {
        "Diluted EPS": 59.54,
        "Total Revenue": 5,
        "Gross Profit": 3,
        "Operating Income": -6,
        "EBIT": -6,
        "Net Income": -7
    },
    "2019-09-30": {
        "Diluted EPS": -22.58,
        "Total Revenue": 4,
        "Gross Profit": 3,
        "Operating Income": -4,
        "EBIT": -4,
        "Net Income": -7
    },
    "2019-06-30": {
        "Diluted EPS": -27.06,
        "Total Revenue": 3,
        "Gross Profit": 2,
        "Operating Income": -4,
        "EBIT": -4,
        "Net Income": -8
    },
    "2019-03-31": {
        "Diluted EPS": -27.0,
        "Total Revenue": 3,
        "Gross Profit": 2,
        "Operating Income": -5,
        "EBIT": -5,
        "Net Income": -8
    },
    "2018-12-31": {
        "Diluted EPS": 0.0,
        "Total Revenue": NaN,
        "Gross Profit": NaN,
        "Operating Income": NaN,
        "EBIT": NaN,
        "Net Income": NaN
    },
    "2018-09-30": {
        "Diluted EPS": -15.84,
        "Total Revenue": 2,
        "Gross Profit": 1,
        "Operating Income": -3,
        "EBIT": -3,
        "Net Income": -5
    },
    "2017-12-31": {
        "Diluted EPS": 0.0,
        "Total Revenue": NaN,
        "Gross Profit": NaN,
        "Operating Income": NaN,
        "EBIT": NaN,
        "Net Income": NaN
    },
    "2023-06-30": {
        "Tax Effect Of Unusual Items": NaN,
        "Tax Rate For Calcs": NaN,
        "Normalized EBITDA": NaN,
        "Total Unusual Items": NaN,
        "Total Unusual Items Excluding Goodwill": NaN,
        "Net Income From Continuing Operation Net Minority Interest": NaN,
        "Reconciled Depreciation": NaN,
        "Reconciled Cost Of Revenue": NaN,
        "EBITDA": NaN,
        "EBIT": NaN,
        "Net Interest Income": NaN,
        "Interest Expense": NaN,
        "Normalized Income": NaN,
        "Net Income From Continuing And Discontinued Operation": NaN,
        "Total Expenses": NaN,
        "Total Operating Income As Reported": NaN,
        "Diluted Average Shares": NaN,
        "Basic Average Shares": NaN,
        "Diluted EPS": NaN,
        "Basic EPS": NaN,
        "Diluted NI Availto Com Stockholders": NaN,
        "Net Income Common Stockholders": NaN,
        "Net Income": NaN,
        "Net Income Including Noncontrolling Interests": NaN,
        "Net Income Continuous Operations": NaN,
        "Pretax Income": NaN,
        "Other Income Expense": NaN,
        "Other Non Operating Income Expenses": NaN,
        "Special Income Charges": NaN,
        "Gain On Sale Of Business": 0.0,
        "Net Non Operating Interest Income Expense": NaN,
        "Interest Expense Non Operating": NaN,
        "Operating Income": NaN,
        "Operating Expense": NaN,
        "Research And Development": NaN,
        "Selling General And Administration": NaN,
        "Selling And Marketing Expense": NaN,
        "General And Administrative Expense": NaN,
        "Other Gand A": NaN,
        "Gross Profit": NaN,
        "Cost Of Revenue": NaN,
        "Total Revenue": NaN,
        "Operating Revenue": NaN
    },
    "2023-09-30": {
        "Tax Effect Of Unusual Items": 0.0,
        "Tax Rate For Calcs": 0.0,
        "Normalized EBITDA": -9405000.0,
        "Total Unusual Items": 0.0,
        "Total Unusual Items Excluding Goodwill": 0.0,
        "Net Income From Continuing Operation Net Minority Interest": -10957000.0,
        "Reconciled Depreciation": 218000.0,
        "Reconciled Cost Of Revenue": 4663000.0,
        "EBITDA": -9405000.0,
        "EBIT": -9623000.0,
        "Net Interest Income": -1334000.0,
        "Interest Expense": 1334000.0,
        "Normalized Income": -10957000.0,
        "Net Income From Continuing And Discontinued Operation": -10957000.0,
        "Total Expenses": 25233000.0,
        "Total Operating Income As Reported": -10181000.0,
        "Diluted Average Shares": 24483664.0,
        "Basic Average Shares": 24483664.0,
        "Diluted EPS": -0.45,
        "Basic EPS": -0.45,
        "Diluted NI Availto Com Stockholders": -10957000.0,
        "Net Income Common Stockholders": -10957000.0,
        "Net Income": -10957000.0,
        "Net Income Including Noncontrolling Interests": -10957000.0,
        "Net Income Continuous Operations": -10957000.0,
        "Pretax Income": -10957000.0,
        "Other Income Expense": 558000.0,
        "Other Non Operating Income Expenses": 558000.0,
        "Special Income Charges": 0.0,
        "Gain On Sale Of Business": 0.0,
        "Net Non Operating Interest Income Expense": -1334000.0,
        "Interest Expense Non Operating": 1334000.0,
        "Operating Income": -10181000.0,
        "Operating Expense": 20570000.0,
        "Research And Development": 2368000.0,
        "Selling General And Administration": 18202000.0,
        "Selling And Marketing Expense": 14474000.0,
        "General And Administrative Expense": 3728000.0,
        "Other Gand A": 3728000.0,
        "Gross Profit": 10389000.0,
        "Cost Of Revenue": 4663000.0,
        "Total Revenue": 15052000.0,
        "Operating Revenue": 15052000.0
    },
    "2023-12-31": {
        "Tax Effect Of Unusual Items": 0.0,
        "Tax Rate For Calcs": 0.0,
        "Normalized EBITDA": -11384000.0,
        "Total Unusual Items": 0.0,
        "Total Unusual Items Excluding Goodwill": 0.0,
        "Net Income From Continuing Operation Net Minority Interest": -12890000.0,
        "Reconciled Depreciation": 161000.0,
        "Reconciled Cost Of Revenue": 5374000.0,
        "EBITDA": -11384000.0,
        "EBIT": -11545000.0,
        "Net Interest Income": -1345000.0,
        "Interest Expense": 1345000.0,
        "Normalized Income": -12890000.0,
        "Net Income From Continuing And Discontinued Operation": -12890000.0,
        "Total Expenses": 29276000.0,
        "Total Operating Income As Reported": -12278000.0,
        "Diluted Average Shares": 24490066.0,
        "Basic Average Shares": 24490066.0,
        "Diluted EPS": -0.53,
        "Basic EPS": -0.53,
        "Diluted NI Availto Com Stockholders": -12890000.0,
        "Net Income Common Stockholders": -12890000.0,
        "Net Income": -12890000.0,
        "Net Income Including Noncontrolling Interests": -12890000.0,
        "Net Income Continuous Operations": -12890000.0,
        "Pretax Income": -12890000.0,
        "Other Income Expense": 733000.0,
        "Other Non Operating Income Expenses": 733000.0,
        "Special Income Charges": 0.0,
        "Gain On Sale Of Business": NaN,
        "Net Non Operating Interest Income Expense": -1345000.0,
        "Interest Expense Non Operating": 1345000.0,
        "Operating Income": -12278000.0,
        "Operating Expense": 23902000.0,
        "Research And Development": 2685000.0,
        "Selling General And Administration": 21217000.0,
        "Selling And Marketing Expense": 17164000.0,
        "General And Administrative Expense": 4053000.0,
        "Other Gand A": 4053000.0,
        "Gross Profit": 11624000.0,
        "Cost Of Revenue": 5374000.0,
        "Total Revenue": 16998000.0,
        "Operating Revenue": 16998000.0
    },
    "2024-03-31": {
        "Tax Effect Of Unusual Items": 0.0,
        "Tax Rate For Calcs": 0.0,
        "Normalized EBITDA": -11675000.0,
        "Total Unusual Items": 7580000.0,
        "Total Unusual Items Excluding Goodwill": 7580000.0,
        "Net Income From Continuing Operation Net Minority Interest": -5661000.0,
        "Reconciled Depreciation": 234000.0,
        "Reconciled Cost Of Revenue": 5267000.0,
        "EBITDA": -4095000.0,
        "EBIT": -4329000.0,
        "Net Interest Income": -1332000.0,
        "Interest Expense": 1332000.0,
        "Normalized Income": -13241000.0,
        "Net Income From Continuing And Discontinued Operation": -5661000.0,
        "Total Expenses": 29009000.0,
        "Total Operating Income As Reported": -4826000.0,
        "Diluted Average Shares": 24579386.0,
        "Basic Average Shares": 24579386.0,
        "Diluted EPS": -0.23,
        "Basic EPS": -0.23,
        "Diluted NI Availto Com Stockholders": -5661000.0,
        "Net Income Common Stockholders": -5661000.0,
        "Net Income": -5661000.0,
        "Net Income Including Noncontrolling Interests": -5661000.0,
        "Net Income Continuous Operations": -5661000.0,
        "Pretax Income": -5661000.0,
        "Other Income Expense": 8077000.0,
        "Other Non Operating Income Expenses": 497000.0,
        "Special Income Charges": 7580000.0,
        "Gain On Sale Of Business": 7580000.0,
        "Net Non Operating Interest Income Expense": -1332000.0,
        "Interest Expense Non Operating": 1332000.0,
        "Operating Income": -12406000.0,
        "Operating Expense": 23742000.0,
        "Research And Development": 2393000.0,
        "Selling General And Administration": 21349000.0,
        "Selling And Marketing Expense": 17520000.0,
        "General And Administrative Expense": 3829000.0,
        "Other Gand A": 3829000.0,
        "Gross Profit": 11336000.0,
        "Cost Of Revenue": 5267000.0,
        "Total Revenue": 16603000.0,
        "Operating Revenue": 16603000.0
    },
    "2024-06-30": {
        "Tax Effect Of Unusual Items": 0.0,
        "Tax Rate For Calcs": 0.0,
        "Normalized EBITDA": -11020000.0,
        "Total Unusual Items": 0.0,
        "Total Unusual Items Excluding Goodwill": 0.0,
        "Net Income From Continuing Operation Net Minority Interest": -12600000.0,
        "Reconciled Depreciation": 249000.0,
        "Reconciled Cost Of Revenue": 5018000.0,
        "EBITDA": -11020000.0,
        "EBIT": -11269000.0,
        "Net Interest Income": -1331000.0,
        "Interest Expense": 1331000.0,
        "Normalized Income": -12600000.0,
        "Net Income From Continuing And Discontinued Operation": -12600000.0,
        "Total Expenses": 27661000.0,
        "Total Operating Income As Reported": -11570000.0,
        "Diluted Average Shares": 24663234.0,
        "Basic Average Shares": 24663234.0,
        "Diluted EPS": -0.51,
        "Basic EPS": -0.51,
        "Diluted NI Availto Com Stockholders": -12600000.0,
        "Net Income Common Stockholders": -12600000.0,
        "Net Income": -12600000.0,
        "Net Income Including Noncontrolling Interests": -12600000.0,
        "Net Income Continuous Operations": -12600000.0,
        "Pretax Income": -12600000.0,
        "Other Income Expense": 301000.0,
        "Other Non Operating Income Expenses": 301000.0,
        "Special Income Charges": 0.0,
        "Gain On Sale Of Business": 0.0,
        "Net Non Operating Interest Income Expense": -1331000.0,
        "Interest Expense Non Operating": 1331000.0,
        "Operating Income": -11570000.0,
        "Operating Expense": 22643000.0,
        "Research And Development": 2323000.0,
        "Selling General And Administration": 20320000.0,
        "Selling And Marketing Expense": 16699000.0,
        "General And Administrative Expense": 3621000.0,
        "Other Gand A": 3621000.0,
        "Gross Profit": 11073000.0,
        "Cost Of Revenue": 5018000.0,
        "Total Revenue": 16091000.0,
        "Operating Revenue": 16091000.0
    },
    "2024-09-30": {
        "Tax Effect Of Unusual Items": 0.0,
        "Tax Rate For Calcs": 0.0,
        "Normalized EBITDA": -8765000.0,
        "Total Unusual Items": 0.0,
        "Total Unusual Items Excluding Goodwill": 0.0,
        "Net Income From Continuing Operation Net Minority Interest": -10372000.0,
        "Reconciled Depreciation": 263000.0,
        "Reconciled Cost Of Revenue": 6099000.0,
        "EBITDA": -8765000.0,
        "EBIT": -9028000.0,
        "Net Interest Income": -1344000.0,
        "Interest Expense": 1344000.0,
        "Normalized Income": -10372000.0,
        "Net Income From Continuing And Discontinued Operation": -10372000.0,
        "Total Expenses": 28322000.0,
        "Total Operating Income As Reported": -9365000.0,
        "Diluted Average Shares": 24703578.0,
        "Basic Average Shares": 24703578.0,
        "Diluted EPS": -0.42,
        "Basic EPS": -0.42,
        "Diluted NI Availto Com Stockholders": -10372000.0,
        "Net Income Common Stockholders": -10372000.0,
        "Net Income": -10372000.0,
        "Net Income Including Noncontrolling Interests": -10372000.0,
        "Net Income Continuous Operations": -10372000.0,
        "Pretax Income": -10372000.0,
        "Other Income Expense": 337000.0,
        "Other Non Operating Income Expenses": 337000.0,
        "Special Income Charges": 0.0,
        "Gain On Sale Of Business": 0.0,
        "Net Non Operating Interest Income Expense": -1344000.0,
        "Interest Expense Non Operating": 1344000.0,
        "Operating Income": -9365000.0,
        "Operating Expense": 22223000.0,
        "Research And Development": 2068000.0,
        "Selling General And Administration": 20155000.0,
        "Selling And Marketing Expense": 16472000.0,
        "General And Administrative Expense": 3683000.0,
        "Other Gand A": 3683000.0,
        "Gross Profit": 12858000.0,
        "Cost Of Revenue": 6099000.0,
        "Total Revenue": 18957000.0,
        "Operating Revenue": 18957000.0
    }
}