{
    "2023-03-31": {
        "Tax Effect Of Unusual Items": 0.0,
        "Tax Rate For Calcs": 0.4,
        "Normalized EBITDA": -24157000.0,
        "Net Income From Continuing Operation Net Minority Interest": -21528000.0,
        "Reconciled Depreciation": 222000.0,
        "EBIT": -24157000.0,
        "Net Interest Income": 2693000.0,
        "Interest Income": 2693000.0,
        "Normalized Income": -21528000.0,
        "Net Income From Continuing And Discontinued Operation": -21528000.0,
        "Total Expenses": 24157000.0,
        "Total Operating Income As Reported": -24157000.0,
        "Diluted Average Shares": 69778420.0,
        "Basic Average Shares": 69778420.0,
        "Diluted EPS": -0.31,
        "Basic EPS": -0.31,
        "Diluted NI Availto Com Stockholders": -21528000.0,
        "Net Income Common Stockholders": -21528000.0,
        "Net Income": -21528000.0,
        "Net Income Including Noncontrolling Interests": -21528000.0,
        "Net Income Continuous Operations": -21528000.0,
        "Tax Provision": 60000.0,
        "Pretax Income": -21468000.0,
        "Other Income Expense": -4000.0,
        "Other Non Operating Income Expenses": -4000.0,
        "Net Non Operating Interest Income Expense": 2693000.0,
        "Interest Income Non Operating": 2693000.0,
        "Operating Income": -24157000.0,
        "Operating Expense": 24157000.0,
        "Research And Development": 17056000.0,
        "Selling General And Administration": 7101000.0,
        "General And Administrative Expense": 7101000.0,
        "Other Gand A": 7101000.0,
        "Total Revenue": 0.0,
        "Operating Revenue": 0.0
    },
    "2022-12-31": {
        "Tax Effect Of Unusual Items": 0.0,
        "Tax Rate For Calcs": 0.4,
        "Normalized EBITDA": -16828000.0,
        "Net Income From Continuing Operation Net Minority Interest": -15822000.0,
        "Reconciled Depreciation": 233000.0,
        "EBIT": -16828000.0,
        "Net Interest Income": 1328000.0,
        "Interest Income": 1328000.0,
        "Normalized Income": -15822000.0,
        "Net Income From Continuing And Discontinued Operation": -15822000.0,
        "Total Expenses": 16828000.0,
        "Total Operating Income As Reported": -16828000.0,
        "Diluted Average Shares": 54696352.0,
        "Basic Average Shares": 54696352.0,
        "Diluted EPS": -0.29,
        "Basic EPS": -0.29,
        "Diluted NI Availto Com Stockholders": -15822000.0,
        "Net Income Common Stockholders": -15822000.0,
        "Net Income": -15822000.0,
        "Net Income Including Noncontrolling Interests": -15822000.0,
        "Net Income Continuous Operations": -15822000.0,
        "Tax Provision": 318000.0,
        "Pretax Income": -15504000.0,
        "Other Income Expense": -4000.0,
        "Other Non Operating Income Expenses": -4000.0,
        "Net Non Operating Interest Income Expense": 1328000.0,
        "Interest Income Non Operating": 1328000.0,
        "Operating Income": -16828000.0,
        "Operating Expense": 16828000.0,
        "Research And Development": 10658000.0,
        "Selling General And Administration": 6170000.0,
        "General And Administrative Expense": 6170000.0,
        "Other Gand A": 6170000.0,
        "Total Revenue": 0.0,
        "Operating Revenue": 0.0
    },
    "2022-09-30": {
        "Tax Effect Of Unusual Items": 0.0,
        "Tax Rate For Calcs": 0.4,
        "Normalized EBITDA": -17040000.0,
        "Net Income From Continuing Operation Net Minority Interest": -16820000.0,
        "Reconciled Depreciation": 252000.0,
        "EBIT": -17292000.0,
        "Net Interest Income": 499000.0,
        "Interest Income": 499000.0,
        "Normalized Income": -16820000.0,
        "Net Income From Continuing And Discontinued Operation": -16820000.0,
        "Total Expenses": 17292000.0,
        "Total Operating Income As Reported": -17292000.0,
        "Diluted Average Shares": 38511655.0,
        "Basic Average Shares": 38511655.0,
        "Diluted EPS": -0.44,
        "Basic EPS": -0.44,
        "Diluted NI Availto Com Stockholders": -16820000.0,
        "Net Income Common Stockholders": -16820000.0,
        "Net Income": -16820000.0,
        "Net Income Including Noncontrolling Interests": -16820000.0,
        "Net Income Continuous Operations": -16820000.0,
        "Tax Provision": 13000.0,
        "Pretax Income": -16807000.0,
        "Other Income Expense": -14000.0,
        "Other Non Operating Income Expenses": -14000.0,
        "Net Non Operating Interest Income Expense": 499000.0,
        "Interest Income Non Operating": 499000.0,
        "Operating Income": -17292000.0,
        "Operating Expense": 17292000.0,
        "Research And Development": 12161000.0,
        "Selling General And Administration": 5131000.0,
        "General And Administrative Expense": 5131000.0,
        "Other Gand A": 5131000.0,
        "Total Revenue": 0.0,
        "Operating Revenue": 0.0
    },
    "2022-06-30": {
        "Tax Effect Of Unusual Items": 0.0,
        "Tax Rate For Calcs": 0.4,
        "Normalized EBITDA": -13815000.0,
        "Net Income From Continuing Operation Net Minority Interest": -13930000.0,
        "Reconciled Depreciation": 269000.0,
        "EBIT": -14084000.0,
        "Net Interest Income": 214000.0,
        "Interest Income": 214000.0,
        "Normalized Income": -13930000.0,
        "Net Income From Continuing And Discontinued Operation": -13930000.0,
        "Total Expenses": 14084000.0,
        "Total Operating Income As Reported": -14084000.0,
        "Diluted Average Shares": 25304290.0,
        "Basic Average Shares": 25304290.0,
        "Diluted EPS": -0.55,
        "Basic EPS": -0.55,
        "Diluted NI Availto Com Stockholders": -13930000.0,
        "Net Income Common Stockholders": -13930000.0,
        "Net Income": -13930000.0,
        "Net Income Including Noncontrolling Interests": -13930000.0,
        "Net Income Continuous Operations": -13930000.0,
        "Tax Provision": 6000.0,
        "Pretax Income": -13924000.0,
        "Other Income Expense": -54000.0,
        "Other Non Operating Income Expenses": -54000.0,
        "Net Non Operating Interest Income Expense": 214000.0,
        "Interest Income Non Operating": 214000.0,
        "Operating Income": -14084000.0,
        "Operating Expense": 14084000.0,
        "Research And Development": 8662000.0,
        "Selling General And Administration": 5422000.0,
        "General And Administrative Expense": 5422000.0,
        "Other Gand A": 5422000.0,
        "Total Revenue": 0.0,
        "Operating Revenue": 0.0
    },
    "2022-03-31": {
        "Diluted EPS": -0.55,
        "Total Revenue": NaN,
        "Gross Profit": NaN,
        "Operating Income": -14,
        "EBIT": -13,
        "Net Income": -14
    },
    "2021-12-31": {
        "Diluted EPS": -0.43,
        "Total Revenue": NaN,
        "Gross Profit": NaN,
        "Operating Income": -15,
        "EBIT": -15,
        "Net Income": -14
    },
    "2021-09-30": {
        "Diluted EPS": -0.47,
        "Total Revenue": NaN,
        "Gross Profit": NaN,
        "Operating Income": -12,
        "EBIT": -11,
        "Net Income": -12
    },
    "2021-06-30": {
        "Diluted EPS": -0.43,
        "Total Revenue": NaN,
        "Gross Profit": NaN,
        "Operating Income": -11,
        "EBIT": -11,
        "Net Income": -11
    },
    "2021-03-31": {
        "Diluted EPS": -0.88,
        "Total Revenue": NaN,
        "Gross Profit": NaN,
        "Operating Income": -13,
        "EBIT": -13,
        "Net Income": -13
    },
    "2020-12-31": {
        "Diluted EPS": -3.65,
        "Total Revenue": NaN,
        "Gross Profit": NaN,
        "Operating Income": -9,
        "EBIT": -9,
        "Net Income": -10
    },
    "2020-09-30": {
        "Diluted EPS": -37.82,
        "Total Revenue": NaN,
        "Gross Profit": NaN,
        "Operating Income": -9,
        "EBIT": -9,
        "Net Income": -11
    },
    "2020-06-30": {
        "Diluted EPS": -33.09,
        "Total Revenue": NaN,
        "Gross Profit": NaN,
        "Operating Income": -10,
        "EBIT": -10,
        "Net Income": -10
    },
    "2020-03-31": {
        "Diluted EPS": -41.69,
        "Total Revenue": NaN,
        "Gross Profit": NaN,
        "Operating Income": -9,
        "EBIT": -9,
        "Net Income": -9
    },
    "2019-12-31": {
        "Diluted EPS": 0.0,
        "Total Revenue": NaN,
        "Gross Profit": NaN,
        "Operating Income": NaN,
        "EBIT": NaN,
        "Net Income": NaN
    },
    "2023-06-30": {
        "Tax Effect Of Unusual Items": 0.0,
        "Tax Rate For Calcs": 0.4,
        "Normalized EBITDA": -20942000.0,
        "Net Income From Continuing Operation Net Minority Interest": -17896000.0,
        "Reconciled Depreciation": 217000.0,
        "EBIT": -21159000.0,
        "Net Interest Income": 3395000.0,
        "Interest Income": 3395000.0,
        "Normalized Income": -17896000.0,
        "Net Income From Continuing And Discontinued Operation": -17896000.0,
        "Total Expenses": 21159000.0,
        "Total Operating Income As Reported": -21159000.0,
        "Diluted Average Shares": 71364110.0,
        "Basic Average Shares": 71364110.0,
        "Diluted EPS": -0.25,
        "Basic EPS": -0.25,
        "Diluted NI Availto Com Stockholders": -17896000.0,
        "Net Income Common Stockholders": -17896000.0,
        "Net Income": -17896000.0,
        "Net Income Including Noncontrolling Interests": -17896000.0,
        "Net Income Continuous Operations": -17896000.0,
        "Tax Provision": 72000.0,
        "Pretax Income": -17824000.0,
        "Other Income Expense": -60000.0,
        "Other Non Operating Income Expenses": -60000.0,
        "Net Non Operating Interest Income Expense": 3395000.0,
        "Interest Income Non Operating": 3395000.0,
        "Operating Income": -21159000.0,
        "Operating Expense": 21159000.0,
        "Research And Development": 14151000.0,
        "Selling General And Administration": 7008000.0,
        "General And Administrative Expense": 7008000.0,
        "Other Gand A": 7008000.0,
        "Total Revenue": 0.0,
        "Operating Revenue": 0.0
    }
}