{
    "2023-03-31": {
        "Tax Effect Of Unusual Items": NaN,
        "Tax Rate For Calcs": NaN,
        "Normalized EBITDA": NaN,
        "Total Unusual Items": NaN,
        "Total Unusual Items Excluding Goodwill": NaN,
        "Net Income From Continuing Operation Net Minority Interest": NaN,
        "Reconciled Depreciation": NaN,
        "Reconciled Cost Of Revenue": NaN,
        "EBITDA": NaN,
        "EBIT": NaN,
        "Net Interest Income": NaN,
        "Interest Expense": NaN,
        "Normalized Income": NaN,
        "Net Income From Continuing And Discontinued Operation": NaN,
        "Total Expenses": NaN,
        "Total Operating Income As Reported": NaN,
        "Diluted Average Shares": NaN,
        "Basic Average Shares": NaN,
        "Diluted EPS": NaN,
        "Basic EPS": NaN,
        "Diluted NI Availto Com Stockholders": NaN,
        "Net Income Common Stockholders": NaN,
        "Net Income": NaN,
        "Minority Interests": NaN,
        "Net Income Including Noncontrolling Interests": NaN,
        "Net Income Continuous Operations": NaN,
        "Earnings From Equity Interest Net Of Tax": NaN,
        "Tax Provision": NaN,
        "Pretax Income": NaN,
        "Other Income Expense": NaN,
        "Other Non Operating Income Expenses": NaN,
        "Special Income Charges": NaN,
        "Other Special Charges": NaN,
        "Impairment Of Capital Assets": NaN,
        "Restructuring And Mergern Acquisition": NaN,
        "Net Non Operating Interest Income Expense": NaN,
        "Interest Expense Non Operating": NaN,
        "Operating Income": NaN,
        "Operating Expense": NaN,
        "Other Operating Expenses": -2000000.0,
        "Research And Development": NaN,
        "Selling General And Administration": NaN,
        "Selling And Marketing Expense": NaN,
        "General And Administrative Expense": NaN,
        "Other Gand A": NaN,
        "Gross Profit": NaN,
        "Cost Of Revenue": NaN,
        "Total Revenue": NaN,
        "Operating Revenue": NaN
    },
    "2022-12-31": {
        "Tax Effect Of Unusual Items": NaN,
        "Tax Rate For Calcs": NaN,
        "Normalized EBITDA": NaN,
        "Total Unusual Items": NaN,
        "Total Unusual Items Excluding Goodwill": NaN,
        "Net Income From Continuing Operation Net Minority Interest": NaN,
        "Reconciled Depreciation": NaN,
        "Reconciled Cost Of Revenue": NaN,
        "EBITDA": NaN,
        "EBIT": NaN,
        "Net Interest Income": NaN,
        "Interest Expense": NaN,
        "Normalized Income": NaN,
        "Net Income From Continuing And Discontinued Operation": NaN,
        "Total Expenses": NaN,
        "Total Operating Income As Reported": NaN,
        "Diluted Average Shares": NaN,
        "Basic Average Shares": NaN,
        "Diluted EPS": NaN,
        "Basic EPS": NaN,
        "Diluted NI Availto Com Stockholders": NaN,
        "Net Income Common Stockholders": NaN,
        "Net Income": NaN,
        "Minority Interests": NaN,
        "Net Income Including Noncontrolling Interests": NaN,
        "Net Income Continuous Operations": NaN,
        "Earnings From Equity Interest Net Of Tax": 1000000.0,
        "Tax Provision": NaN,
        "Pretax Income": NaN,
        "Other Income Expense": NaN,
        "Other Non Operating Income Expenses": NaN,
        "Special Income Charges": NaN,
        "Other Special Charges": NaN,
        "Impairment Of Capital Assets": NaN,
        "Restructuring And Mergern Acquisition": NaN,
        "Net Non Operating Interest Income Expense": NaN,
        "Interest Expense Non Operating": NaN,
        "Operating Income": NaN,
        "Operating Expense": NaN,
        "Other Operating Expenses": NaN,
        "Research And Development": NaN,
        "Selling General And Administration": NaN,
        "Selling And Marketing Expense": NaN,
        "General And Administrative Expense": NaN,
        "Other Gand A": NaN,
        "Gross Profit": NaN,
        "Cost Of Revenue": NaN,
        "Total Revenue": NaN,
        "Operating Revenue": NaN
    },
    "2022-09-30": {
        "Tax Effect Of Unusual Items": NaN,
        "Tax Rate For Calcs": NaN,
        "Normalized EBITDA": NaN,
        "Total Unusual Items": NaN,
        "Total Unusual Items Excluding Goodwill": NaN,
        "Net Income From Continuing Operation Net Minority Interest": NaN,
        "Reconciled Depreciation": NaN,
        "Reconciled Cost Of Revenue": NaN,
        "EBITDA": NaN,
        "EBIT": NaN,
        "Net Interest Income": NaN,
        "Interest Expense": NaN,
        "Normalized Income": NaN,
        "Net Income From Continuing And Discontinued Operation": NaN,
        "Total Expenses": NaN,
        "Total Operating Income As Reported": NaN,
        "Diluted Average Shares": NaN,
        "Basic Average Shares": NaN,
        "Diluted EPS": NaN,
        "Basic EPS": NaN,
        "Diluted NI Availto Com Stockholders": NaN,
        "Net Income Common Stockholders": NaN,
        "Net Income": NaN,
        "Minority Interests": NaN,
        "Net Income Including Noncontrolling Interests": NaN,
        "Net Income Continuous Operations": NaN,
        "Earnings From Equity Interest Net Of Tax": -1000000.0,
        "Tax Provision": NaN,
        "Pretax Income": NaN,
        "Other Income Expense": NaN,
        "Other Non Operating Income Expenses": NaN,
        "Special Income Charges": NaN,
        "Other Special Charges": NaN,
        "Impairment Of Capital Assets": NaN,
        "Restructuring And Mergern Acquisition": NaN,
        "Net Non Operating Interest Income Expense": NaN,
        "Interest Expense Non Operating": NaN,
        "Operating Income": NaN,
        "Operating Expense": NaN,
        "Other Operating Expenses": -2000000.0,
        "Research And Development": NaN,
        "Selling General And Administration": NaN,
        "Selling And Marketing Expense": NaN,
        "General And Administrative Expense": NaN,
        "Other Gand A": NaN,
        "Gross Profit": NaN,
        "Cost Of Revenue": NaN,
        "Total Revenue": NaN,
        "Operating Revenue": NaN
    },
    "2022-06-30": {
        "Tax Effect Of Unusual Items": -657200000.0,
        "Tax Rate For Calcs": 0.4,
        "Normalized EBITDA": 1052000000.0,
        "Total Unusual Items": -1643000000.0,
        "Total Unusual Items Excluding Goodwill": -1643000000.0,
        "Net Income From Continuing Operation Net Minority Interest": -232000000.0,
        "Reconciled Depreciation": 358000000.0,
        "Reconciled Cost Of Revenue": 1992000000.0,
        "EBITDA": -591000000.0,
        "EBIT": -949000000.0,
        "Net Interest Income": -211000000.0,
        "Interest Expense": 211000000.0,
        "Normalized Income": 753800000.0,
        "Net Income From Continuing And Discontinued Operation": -232000000.0,
        "Total Expenses": 3127000000.0,
        "Total Operating Income As Reported": -949000000.0,
        "Diluted Average Shares": 1110000000.0,
        "Basic Average Shares": 1110000000.0,
        "Diluted EPS": -0.21,
        "Basic EPS": -0.21,
        "Diluted NI Availto Com Stockholders": -232000000.0,
        "Net Income Common Stockholders": -232000000.0,
        "Net Income": -232000000.0,
        "Minority Interests": 27000000.0,
        "Net Income Including Noncontrolling Interests": -259000000.0,
        "Net Income Continuous Operations": -260000000.0,
        "Earnings From Equity Interest Net Of Tax": 0.0,
        "Tax Provision": -900000000.0,
        "Pretax Income": -1160000000.0,
        "Other Income Expense": -1609000000.0,
        "Other Non Operating Income Expenses": 34000000.0,
        "Special Income Charges": -1643000000.0,
        "Other Special Charges": 729000000.0,
        "Write Off": NaN,
        "Impairment Of Capital Assets": 914000000.0,
        "Restructuring And Mergern Acquisition": 96000000.0,
        "Net Non Operating Interest Income Expense": -211000000.0,
        "Interest Expense Non Operating": 211000000.0,
        "Operating Income": 659000000.0,
        "Operating Expense": 1135000000.0,
        "Research And Development": 228000000.0,
        "Selling General And Administration": 907000000.0,
        "Selling And Marketing Expense": 594000000.0,
        "General And Administrative Expense": 313000000.0,
        "Other Gand A": 313000000.0,
        "Gross Profit": 1794000000.0,
        "Cost Of Revenue": 1992000000.0,
        "Total Revenue": 3786000000.0,
        "Operating Revenue": 3786000000.0
    },
    "2023-06-30": {
        "Tax Effect Of Unusual Items": -201248000.0,
        "Tax Rate For Calcs": 0.152,
        "Normalized EBITDA": 969000000.0,
        "Total Unusual Items": -1324000000.0,
        "Total Unusual Items Excluding Goodwill": -1324000000.0,
        "Net Income From Continuing Operation Net Minority Interest": -872000000.0,
        "Reconciled Depreciation": 300000000.0,
        "Reconciled Cost Of Revenue": 2082000000.0,
        "EBITDA": -355000000.0,
        "EBIT": -655000000.0,
        "Net Interest Income": -268000000.0,
        "Interest Expense": 268000000.0,
        "Normalized Income": 250752000.0,
        "Net Income From Continuing And Discontinued Operation": -872000000.0,
        "Total Expenses": 3232000000.0,
        "Total Operating Income As Reported": -654000000.0,
        "Diluted Average Shares": 1120000000.0,
        "Basic Average Shares": 1120000000.0,
        "Diluted EPS": -0.78,
        "Basic EPS": -0.78,
        "Diluted NI Availto Com Stockholders": -872000000.0,
        "Net Income Common Stockholders": -872000000.0,
        "Net Income": -872000000.0,
        "Minority Interests": 35000000.0,
        "Net Income Including Noncontrolling Interests": -906000000.0,
        "Net Income Continuous Operations": -906000000.0,
        "Earnings From Equity Interest Net Of Tax": 1000000.0,
        "Tax Provision": -16000000.0,
        "Pretax Income": -923000000.0,
        "Other Income Expense": -1300000000.0,
        "Other Non Operating Income Expenses": 24000000.0,
        "Special Income Charges": -1324000000.0,
        "Other Special Charges": 462000000.0,
        "Impairment Of Capital Assets": 774000000.0,
        "Restructuring And Mergern Acquisition": 88000000.0,
        "Net Non Operating Interest Income Expense": -268000000.0,
        "Interest Expense Non Operating": 268000000.0,
        "Operating Income": 646000000.0,
        "Operating Expense": 1150000000.0,
        "Other Operating Expenses": -33000000.0,
        "Research And Development": 240000000.0,
        "Selling General And Administration": 910000000.0,
        "Selling And Marketing Expense": 603000000.0,
        "General And Administrative Expense": 307000000.0,
        "Other Gand A": 307000000.0,
        "Gross Profit": 1796000000.0,
        "Cost Of Revenue": 2082000000.0,
        "Total Revenue": 3877000000.0,
        "Operating Revenue": 3771000000.0
    },
    "2022-03-31": {
        "Diluted EPS": -0.86,
        "Total Revenue": NaN,
        "Gross Profit": NaN,
        "Operating Income": -714,
        "EBIT": -391,
        "Net Income": -955
    },
    "2021-12-31": {
        "Diluted EPS": -0.14,
        "Total Revenue": NaN,
        "Gross Profit": NaN,
        "Operating Income": 55,
        "EBIT": 375,
        "Net Income": -159
    },
    "2021-09-30": {
        "Diluted EPS": 0.26,
        "Total Revenue": NaN,
        "Gross Profit": NaN,
        "Operating Income": 644,
        "EBIT": 973,
        "Net Income": 292
    },
    "2021-06-30": {
        "Diluted EPS": 0.19,
        "Total Revenue": NaN,
        "Gross Profit": NaN,
        "Operating Income": 582,
        "EBIT": 887,
        "Net Income": 207
    },
    "2021-03-31": {
        "Diluted EPS": 0.07,
        "Total Revenue": NaN,
        "Gross Profit": NaN,
        "Operating Income": 434,
        "EBIT": 810,
        "Net Income": 77
    },
    "2020-12-31": {
        "Diluted EPS": 0.14,
        "Total Revenue": NaN,
        "Gross Profit": NaN,
        "Operating Income": NaN,
        "EBIT": NaN,
        "Net Income": 150
    },
    "2020-09-30": {
        "Diluted EPS": -3.97,
        "Total Revenue": NaN,
        "Gross Profit": NaN,
        "Operating Income": 286,
        "EBIT": 667,
        "Net Income": NaN
    },
    "2020-06-30": {
        "Diluted EPS": 0.13,
        "Total Revenue": NaN,
        "Gross Profit": NaN,
        "Operating Income": 172,
        "EBIT": 554,
        "Net Income": 140
    },
    "2020-03-31": {
        "Diluted EPS": 0.06,
        "Total Revenue": NaN,
        "Gross Profit": NaN,
        "Operating Income": 193,
        "EBIT": 592,
        "Net Income": 69
    },
    "2019-12-31": {
        "Diluted EPS": 0.11,
        "Total Revenue": NaN,
        "Gross Profit": NaN,
        "Operating Income": 148,
        "EBIT": 564,
        "Net Income": 109
    },
    "2019-09-30": {
        "Diluted EPS": -0.29,
        "Total Revenue": NaN,
        "Gross Profit": NaN,
        "Operating Income": -82,
        "EBIT": 331,
        "Net Income": -314
    },
    "2019-06-30": {
        "Diluted EPS": -0.63,
        "Total Revenue": NaN,
        "Gross Profit": NaN,
        "Operating Income": -644,
        "EBIT": -194,
        "Net Income": -689
    },
    "2019-03-31": {
        "Diluted EPS": -0.1,
        "Total Revenue": NaN,
        "Gross Profit": NaN,
        "Operating Income": 134,
        "EBIT": 577,
        "Net Income": -105
    },
    "2018-12-31": {
        "Diluted EPS": -2.87,
        "Total Revenue": NaN,
        "Gross Profit": NaN,
        "Operating Income": -257,
        "EBIT": 125,
        "Net Income": NaN
    },
    "2018-09-30": {
        "Diluted EPS": -0.27,
        "Total Revenue": NaN,
        "Gross Profit": NaN,
        "Operating Income": 16,
        "EBIT": 490,
        "Net Income": -273
    },
    "2018-06-30": {
        "Diluted EPS": -0.24,
        "Total Revenue": NaN,
        "Gross Profit": NaN,
        "Operating Income": 106,
        "EBIT": 585,
        "Net Income": -241
    },
    "2018-03-31": {
        "Diluted EPS": 1.03,
        "Total Revenue": NaN,
        "Gross Profit": NaN,
        "Operating Income": NaN,
        "EBIT": NaN,
        "Net Income": NaN
    },
    "2017-12-31": {
        "Diluted EPS": -11.41,
        "Total Revenue": NaN,
        "Gross Profit": NaN,
        "Operating Income": NaN,
        "EBIT": NaN,
        "Net Income": NaN
    },
    "2017-09-30": {
        "Diluted EPS": 0.52,
        "Total Revenue": NaN,
        "Gross Profit": NaN,
        "Operating Income": 378,
        "EBIT": 905,
        "Net Income": 530
    },
    "2017-06-30": {
        "Diluted EPS": -5.94,
        "Total Revenue": NaN,
        "Gross Profit": NaN,
        "Operating Income": NaN,
        "EBIT": NaN,
        "Net Income": NaN
    },
    "2017-03-31": {
        "Diluted EPS": 0.57,
        "Total Revenue": NaN,
        "Gross Profit": NaN,
        "Operating Income": 895,
        "EBIT": NaN,
        "Net Income": 580
    },
    "2016-12-31": {
        "Diluted EPS": -1.1,
        "Total Revenue": NaN,
        "Gross Profit": NaN,
        "Operating Income": -558,
        "EBIT": -226,
        "Net Income": NaN
    },
    "2016-09-30": {
        "Diluted EPS": 0.35,
        "Total Revenue": NaN,
        "Gross Profit": NaN,
        "Operating Income": 355,
        "EBIT": 932,
        "Net Income": 348
    },
    "2016-06-30": {
        "Diluted EPS": 0.2,
        "Total Revenue": NaN,
        "Gross Profit": NaN,
        "Operating Income": NaN,
        "EBIT": NaN,
        "Net Income": 188
    },
    "2016-03-31": {
        "Diluted EPS": 0.62,
        "Total Revenue": NaN,
        "Gross Profit": NaN,
        "Operating Income": NaN,
        "EBIT": NaN,
        "Net Income": 570
    },
    "2015-12-31": {
        "Diluted EPS": 0.55,
        "Total Revenue": NaN,
        "Gross Profit": NaN,
        "Operating Income": -37,
        "EBIT": 298,
        "Net Income": 485
    },
    "2015-09-30": {
        "Diluted EPS": 0.12,
        "Total Revenue": NaN,
        "Gross Profit": NaN,
        "Operating Income": NaN,
        "EBIT": NaN,
        "Net Income": 103
    },
    "2015-06-30": {
        "Diluted EPS": 0.63,
        "Total Revenue": NaN,
        "Gross Profit": NaN,
        "Operating Income": 947,
        "EBIT": NaN,
        "Net Income": 539
    },
    "2015-03-31": {
        "Diluted EPS": 0.52,
        "Total Revenue": NaN,
        "Gross Profit": NaN,
        "Operating Income": NaN,
        "EBIT": NaN,
        "Net Income": 446
    },
    "2014-12-31": {
        "Diluted EPS": 0.8,
        "Total Revenue": NaN,
        "Gross Profit": NaN,
        "Operating Income": NaN,
        "EBIT": NaN,
        "Net Income": 687
    },
    "2014-09-30": {
        "Diluted EPS": 1.02,
        "Total Revenue": NaN,
        "Gross Profit": NaN,
        "Operating Income": NaN,
        "EBIT": NaN,
        "Net Income": 876
    },
    "2014-06-30": {
        "Diluted EPS": 0.87,
        "Total Revenue": NaN,
        "Gross Profit": NaN,
        "Operating Income": NaN,
        "EBIT": NaN,
        "Net Income": 748
    },
    "2014-03-31": {
        "Diluted EPS": 0.87,
        "Total Revenue": NaN,
        "Gross Profit": NaN,
        "Operating Income": NaN,
        "EBIT": NaN,
        "Net Income": 744
    },
    "2013-12-31": {
        "Diluted EPS": 0.44,
        "Total Revenue": NaN,
        "Gross Profit": NaN,
        "Operating Income": NaN,
        "EBIT": NaN,
        "Net Income": 380
    },
    "2013-09-30": {
        "Diluted EPS": 0.84,
        "Total Revenue": NaN,
        "Gross Profit": NaN,
        "Operating Income": 967,
        "EBIT": NaN,
        "Net Income": 711
    },
    "2013-06-30": {
        "Diluted EPS": -0.53,
        "Total Revenue": NaN,
        "Gross Profit": NaN,
        "Operating Income": -482,
        "EBIT": -82,
        "Net Income": -452
    },
    "2013-03-31": {
        "Diluted EPS": 0.74,
        "Total Revenue": NaN,
        "Gross Profit": NaN,
        "Operating Income": 932,
        "EBIT": NaN,
        "Net Income": 630
    },
    "2012-12-31": {
        "Diluted EPS": 0.38,
        "Total Revenue": NaN,
        "Gross Profit": NaN,
        "Operating Income": NaN,
        "EBIT": NaN,
        "Net Income": 320
    },
    "2012-09-30": {
        "Diluted EPS": -0.09,
        "Total Revenue": NaN,
        "Gross Profit": NaN,
        "Operating Income": -60,
        "EBIT": 352,
        "Net Income": -79
    },
    "2012-06-30": {
        "Diluted EPS": 0.99,
        "Total Revenue": NaN,
        "Gross Profit": NaN,
        "Operating Income": NaN,
        "EBIT": NaN,
        "Net Income": 863
    },
    "2012-03-31": {
        "Diluted EPS": 0.97,
        "Total Revenue": NaN,
        "Gross Profit": NaN,
        "Operating Income": 928,
        "EBIT": NaN,
        "Net Income": 859
    },
    "2011-12-31": {
        "Diluted EPS": 0.58,
        "Total Revenue": NaN,
        "Gross Profit": NaN,
        "Operating Income": NaN,
        "EBIT": NaN,
        "Net Income": 506
    },
    "2011-09-30": {
        "Diluted EPS": 1.03,
        "Total Revenue": NaN,
        "Gross Profit": NaN,
        "Operating Income": NaN,
        "EBIT": NaN,
        "Net Income": 916
    },
    "2011-06-30": {
        "Diluted EPS": 0.64,
        "Total Revenue": NaN,
        "Gross Profit": NaN,
        "Operating Income": 597,
        "EBIT": 821,
        "Net Income": 576
    },
    "2011-03-31": {
        "Diluted EPS": 0.84,
        "Total Revenue": NaN,
        "Gross Profit": NaN,
        "Operating Income": 867,
        "EBIT": NaN,
        "Net Income": 761
    },
    "2010-12-31": {
        "Diluted EPS": 0.85,
        "Total Revenue": NaN,
        "Gross Profit": NaN,
        "Operating Income": 765,
        "EBIT": NaN,
        "Net Income": 771
    },
    "2010-09-30": {
        "Diluted EPS": 1.15,
        "Total Revenue": NaN,
        "Gross Profit": NaN,
        "Operating Income": NaN,
        "EBIT": NaN,
        "Net Income": NaN
    },
    "2010-06-30": {
        "Diluted EPS": 0.88,
        "Total Revenue": NaN,
        "Gross Profit": NaN,
        "Operating Income": NaN,
        "EBIT": NaN,
        "Net Income": 797
    },
    "2010-03-31": {
        "Diluted EPS": 0.79,
        "Total Revenue": NaN,
        "Gross Profit": NaN,
        "Operating Income": 834,
        "EBIT": NaN,
        "Net Income": 713
    },
    "2009-12-31": {
        "Diluted EPS": 0.42,
        "Total Revenue": NaN,
        "Gross Profit": NaN,
        "Operating Income": 272,
        "EBIT": 512,
        "Net Income": 379
    },
    "2009-09-30": {
        "Diluted EPS": 0.72,
        "Total Revenue": NaN,
        "Gross Profit": NaN,
        "Operating Income": 850,
        "EBIT": NaN,
        "Net Income": 649
    },
    "2009-06-30": {
        "Diluted EPS": 0.58,
        "Total Revenue": NaN,
        "Gross Profit": NaN,
        "Operating Income": 754,
        "EBIT": NaN,
        "Net Income": 521
    },
    "2009-03-31": {
        "Diluted EPS": 0.51,
        "Total Revenue": NaN,
        "Gross Profit": NaN,
        "Operating Income": 552,
        "EBIT": 709,
        "Net Income": 451
    },
    "2023-09-30": {
        "Tax Effect Of Unusual Items": -93150000.0,
        "Tax Rate For Calcs": 0.23,
        "Normalized EBITDA": 1043000000.0,
        "Total Unusual Items": -405000000.0,
        "Total Unusual Items Excluding Goodwill": -405000000.0,
        "Net Income From Continuing Operation Net Minority Interest": 80000000.0,
        "Reconciled Depreciation": 283000000.0,
        "Reconciled Cost Of Revenue": 1999000000.0,
        "EBITDA": 638000000.0,
        "EBIT": 355000000.0,
        "Net Interest Income": -280000000.0,
        "Interest Expense": 280000000.0,
        "Normalized Income": 391850000.0,
        "Net Income From Continuing And Discontinued Operation": 80000000.0,
        "Total Expenses": 3087000000.0,
        "Total Operating Income As Reported": 355000000.0,
        "Diluted Average Shares": 1135000000.0,
        "Basic Average Shares": 1121000000.0,
        "Diluted EPS": 0.07,
        "Basic EPS": 0.07,
        "Diluted NI Availto Com Stockholders": 80000000.0,
        "Net Income Common Stockholders": 80000000.0,
        "Net Income": 80000000.0,
        "Minority Interests": -8000000.0,
        "Net Income Including Noncontrolling Interests": 88000000.0,
        "Net Income Continuous Operations": 87000000.0,
        "Earnings From Equity Interest Net Of Tax": NaN,
        "Tax Provision": -12000000.0,
        "Pretax Income": 75000000.0,
        "Other Income Expense": -407000000.0,
        "Other Non Operating Income Expenses": -2000000.0,
        "Special Income Charges": -405000000.0,
        "Other Special Charges": 314000000.0,
        "Impairment Of Capital Assets": 48000000.0,
        "Restructuring And Mergern Acquisition": 43000000.0,
        "Net Non Operating Interest Income Expense": -280000000.0,
        "Interest Expense Non Operating": 280000000.0,
        "Operating Income": 763000000.0,
        "Operating Expense": 1088000000.0,
        "Other Operating Expenses": -9000000.0,
        "Research And Development": 253000000.0,
        "Selling General And Administration": 844000000.0,
        "Selling And Marketing Expense": 576000000.0,
        "General And Administrative Expense": 268000000.0,
        "Other Gand A": 268000000.0,
        "Gross Profit": 1851000000.0,
        "Cost Of Revenue": 1999000000.0,
        "Total Revenue": 3850000000.0,
        "Operating Revenue": 3733000000.0
    },
    "2023-12-31": {
        "Tax Effect Of Unusual Items": -42560253.699789,
        "Tax Rate For Calcs": 0.086681,
        "Normalized EBITDA": 1451000000.0,
        "Total Unusual Items": -491000000.0,
        "Total Unusual Items Excluding Goodwill": -491000000.0,
        "Net Income From Continuing Operation Net Minority Interest": 429000000.0,
        "Reconciled Depreciation": 266000000.0,
        "Reconciled Cost Of Revenue": 2041000000.0,
        "EBITDA": 960000000.0,
        "EBIT": 694000000.0,
        "Net Interest Income": -287000000.0,
        "Interest Expense": 221000000.0,
        "Normalized Income": 877439746.300211,
        "Net Income From Continuing And Discontinued Operation": 429000000.0,
        "Total Expenses": 3213000000.0,
        "Total Operating Income As Reported": 722000000.0,
        "Diluted Average Shares": 1137000000.0,
        "Basic Average Shares": 1121000000.0,
        "Diluted EPS": 0.41,
        "Basic EPS": 0.41,
        "Diluted NI Availto Com Stockholders": 429000000.0,
        "Net Income Common Stockholders": 429000000.0,
        "Net Income": 429000000.0,
        "Minority Interests": -4000000.0,
        "Net Income Including Noncontrolling Interests": 433000000.0,
        "Net Income Continuous Operations": 433000000.0,
        "Earnings From Equity Interest Net Of Tax": 1000000.0,
        "Tax Provision": 41000000.0,
        "Pretax Income": 473000000.0,
        "Other Income Expense": -484000000.0,
        "Other Non Operating Income Expenses": 7000000.0,
        "Special Income Charges": -529000000.0,
        "Other Special Charges": 29000000.0,
        "Impairment Of Capital Assets": 68000000.0,
        "Restructuring And Mergern Acquisition": 460000000.0,
        "Net Non Operating Interest Income Expense": -287000000.0,
        "Interest Expense Non Operating": 221000000.0,
        "Operating Income": 1243000000.0,
        "Operating Expense": 1172000000.0,
        "Other Operating Expenses": NaN,
        "Research And Development": 227000000.0,
        "Selling General And Administration": 902000000.0,
        "Selling And Marketing Expense": 610000000.0,
        "General And Administrative Expense": 292000000.0,
        "Other Gand A": 292000000.0,
        "Gross Profit": 2415000000.0,
        "Cost Of Revenue": 2041000000.0,
        "Total Revenue": 4457000000.0,
        "Operating Revenue": 4205000000.0
    },
    "2024-03-31": {
        "Tax Effect Of Unusual Items": -131550000.0,
        "Tax Rate For Calcs": 0.15,
        "Normalized EBITDA": 932000000.0,
        "Total Unusual Items": -877000000.0,
        "Total Unusual Items Excluding Goodwill": -877000000.0,
        "Net Income From Continuing Operation Net Minority Interest": -139000000.0,
        "Reconciled Depreciation": 272000000.0,
        "Reconciled Cost Of Revenue": 2048000000.0,
        "EBITDA": 55000000.0,
        "EBIT": -217000000.0,
        "Net Interest Income": -250000000.0,
        "Interest Expense": 250000000.0,
        "Normalized Income": 606450000.0,
        "Net Income From Continuing And Discontinued Operation": -139000000.0,
        "Total Expenses": 3177000000.0,
        "Total Operating Income As Reported": -218000000.0,
        "Diluted Average Shares": 1123000000.0,
        "Basic Average Shares": 1123000000.0,
        "Diluted EPS": -0.12,
        "Basic EPS": -0.12,
        "Diluted NI Availto Com Stockholders": -139000000.0,
        "Net Income Common Stockholders": -139000000.0,
        "Net Income": -139000000.0,
        "Minority Interests": 280000000.0,
        "Net Income Including Noncontrolling Interests": -419000000.0,
        "Net Income Continuous Operations": -419000000.0,
        "Earnings From Equity Interest Net Of Tax": -4000000.0,
        "Tax Provision": -52000000.0,
        "Pretax Income": -467000000.0,
        "Other Income Expense": -859000000.0,
        "Other Non Operating Income Expenses": 18000000.0,
        "Special Income Charges": -877000000.0,
        "Other Special Charges": 106000000.0,
        "Impairment Of Capital Assets": 679000000.0,
        "Restructuring And Mergern Acquisition": 92000000.0,
        "Net Non Operating Interest Income Expense": -250000000.0,
        "Interest Expense Non Operating": 250000000.0,
        "Operating Income": 642000000.0,
        "Operating Expense": 1129000000.0,
        "Other Operating Expenses": 1000000.0,
        "Research And Development": 242000000.0,
        "Selling General And Administration": 886000000.0,
        "Selling And Marketing Expense": 608000000.0,
        "General And Administrative Expense": 278000000.0,
        "Other Gand A": 278000000.0,
        "Gross Profit": 1771000000.0,
        "Cost Of Revenue": 2048000000.0,
        "Total Revenue": 3819000000.0,
        "Operating Revenue": 3698000000.0
    },
    "2024-06-30": {
        "Tax Effect Of Unusual Items": -126742000.0,
        "Tax Rate For Calcs": 0.154,
        "Normalized EBITDA": 1077000000.0,
        "Total Unusual Items": -823000000.0,
        "Total Unusual Items Excluding Goodwill": -823000000.0,
        "Net Income From Continuing Operation Net Minority Interest": -846000000.0,
        "Reconciled Depreciation": 259000000.0,
        "Reconciled Cost Of Revenue": 2140000000.0,
        "EBITDA": 254000000.0,
        "EBIT": -5000000.0,
        "Net Interest Income": -241000000.0,
        "Interest Expense": 241000000.0,
        "Normalized Income": -149742000.0,
        "Net Income From Continuing And Discontinued Operation": -846000000.0,
        "Total Expenses": 3348000000.0,
        "Total Operating Income As Reported": -5000000.0,
        "Diluted Average Shares": 1133000000.0,
        "Basic Average Shares": 1133000000.0,
        "Diluted EPS": -0.75,
        "Basic EPS": -0.75,
        "Diluted NI Availto Com Stockholders": -846000000.0,
        "Net Income Common Stockholders": -846000000.0,
        "Net Income": -846000000.0,
        "Minority Interests": 29000000.0,
        "Net Income Including Noncontrolling Interests": -874000000.0,
        "Net Income Continuous Operations": -874000000.0,
        "Earnings From Equity Interest Net Of Tax": 2000000.0,
        "Tax Provision": 630000000.0,
        "Pretax Income": -246000000.0,
        "Other Income Expense": -822000000.0,
        "Other Non Operating Income Expenses": 1000000.0,
        "Special Income Charges": -823000000.0,
        "Other Special Charges": 83000000.0,
        "Impairment Of Capital Assets": 530000000.0,
        "Restructuring And Mergern Acquisition": 210000000.0,
        "Net Non Operating Interest Income Expense": -241000000.0,
        "Interest Expense Non Operating": 241000000.0,
        "Operating Income": 816000000.0,
        "Operating Expense": 1208000000.0,
        "Other Operating Expenses": NaN,
        "Research And Development": 269000000.0,
        "Selling General And Administration": 939000000.0,
        "Selling And Marketing Expense": 656000000.0,
        "General And Administrative Expense": 283000000.0,
        "Other Gand A": 283000000.0,
        "Gross Profit": 2024000000.0,
        "Cost Of Revenue": 2140000000.0,
        "Total Revenue": 4164000000.0,
        "Operating Revenue": 4058000000.0
    }
}