{
    "2023-06-30": {
        "Tax Effect Of Unusual Items": NaN,
        "Tax Rate For Calcs": NaN,
        "Total Unusual Items": NaN,
        "Total Unusual Items Excluding Goodwill": NaN,
        "Net Income From Continuing Operation Net Minority Interest": NaN,
        "Reconciled Depreciation": NaN,
        "Net Interest Income": NaN,
        "Interest Expense": NaN,
        "Interest Income": NaN,
        "Normalized Income": NaN,
        "Net Income From Continuing And Discontinued Operation": NaN,
        "Diluted Average Shares": NaN,
        "Basic Average Shares": NaN,
        "Diluted EPS": NaN,
        "Basic EPS": NaN,
        "Diluted NI Availto Com Stockholders": NaN,
        "Net Income Common Stockholders": NaN,
        "Preferred Stock Dividends": NaN,
        "Net Income": NaN,
        "Minority Interests": NaN,
        "Net Income Including Noncontrolling Interests": NaN,
        "Net Income Discontinuous Operations": 176000000.0,
        "Net Income Continuous Operations": NaN,
        "Tax Provision": NaN,
        "Pretax Income": NaN,
        "Special Income Charges": NaN,
        "Other Special Charges": NaN,
        "Restructuring And Mergern Acquisition": NaN,
        "Gain On Sale Of Security": 0.0,
        "Depreciation Amortization Depletion Income Statement": NaN,
        "Depreciation And Amortization In Income Statement": NaN,
        "Amortization": NaN,
        "Amortization Of Intangibles Income Statement": NaN,
        "Depreciation Income Statement": NaN,
        "Selling General And Administration": NaN,
        "Selling And Marketing Expense": NaN,
        "General And Administrative Expense": NaN,
        "Salaries And Wages": NaN,
        "Total Revenue": NaN,
        "Operating Revenue": NaN,
        "Occupancy And Equipment": NaN,
        "Professional Expense And Contract Services Expense": NaN,
        "Other Non Interest Expense": NaN
    },
    "2023-03-31": {
        "Tax Effect Of Unusual Items": NaN,
        "Tax Rate For Calcs": NaN,
        "Total Unusual Items": NaN,
        "Total Unusual Items Excluding Goodwill": NaN,
        "Net Income From Continuing Operation Net Minority Interest": NaN,
        "Reconciled Depreciation": NaN,
        "Net Interest Income": NaN,
        "Interest Expense": NaN,
        "Interest Income": NaN,
        "Normalized Income": NaN,
        "Net Income From Continuing And Discontinued Operation": NaN,
        "Diluted Average Shares": NaN,
        "Basic Average Shares": NaN,
        "Diluted EPS": NaN,
        "Basic EPS": NaN,
        "Diluted NI Availto Com Stockholders": NaN,
        "Net Income Common Stockholders": NaN,
        "Preferred Stock Dividends": NaN,
        "Net Income": NaN,
        "Minority Interests": NaN,
        "Net Income Including Noncontrolling Interests": NaN,
        "Net Income Discontinuous Operations": 105000000.0,
        "Net Income Continuous Operations": NaN,
        "Tax Provision": NaN,
        "Pretax Income": NaN,
        "Special Income Charges": NaN,
        "Other Special Charges": NaN,
        "Restructuring And Mergern Acquisition": NaN,
        "Gain On Sale Of Security": NaN,
        "Depreciation Amortization Depletion Income Statement": NaN,
        "Depreciation And Amortization In Income Statement": NaN,
        "Amortization": NaN,
        "Amortization Of Intangibles Income Statement": NaN,
        "Depreciation Income Statement": NaN,
        "Selling General And Administration": NaN,
        "Selling And Marketing Expense": NaN,
        "General And Administrative Expense": NaN,
        "Salaries And Wages": NaN,
        "Total Revenue": NaN,
        "Operating Revenue": NaN,
        "Occupancy And Equipment": NaN,
        "Professional Expense And Contract Services Expense": NaN,
        "Other Non Interest Expense": NaN
    },
    "2022-12-31": {
        "Tax Effect Of Unusual Items": NaN,
        "Tax Rate For Calcs": NaN,
        "Total Unusual Items": NaN,
        "Total Unusual Items Excluding Goodwill": NaN,
        "Net Income From Continuing Operation Net Minority Interest": NaN,
        "Reconciled Depreciation": NaN,
        "Net Interest Income": NaN,
        "Interest Expense": NaN,
        "Interest Income": NaN,
        "Normalized Income": NaN,
        "Net Income From Continuing And Discontinued Operation": NaN,
        "Diluted Average Shares": NaN,
        "Basic Average Shares": NaN,
        "Diluted EPS": NaN,
        "Basic EPS": NaN,
        "Diluted NI Availto Com Stockholders": NaN,
        "Net Income Common Stockholders": NaN,
        "Preferred Stock Dividends": NaN,
        "Net Income": NaN,
        "Minority Interests": NaN,
        "Net Income Including Noncontrolling Interests": NaN,
        "Net Income Discontinuous Operations": NaN,
        "Net Income Continuous Operations": NaN,
        "Tax Provision": NaN,
        "Pretax Income": NaN,
        "Special Income Charges": NaN,
        "Other Special Charges": NaN,
        "Restructuring And Mergern Acquisition": NaN,
        "Gain On Sale Of Security": 0.0,
        "Depreciation Amortization Depletion Income Statement": NaN,
        "Depreciation And Amortization In Income Statement": NaN,
        "Amortization": NaN,
        "Amortization Of Intangibles Income Statement": NaN,
        "Depreciation Income Statement": NaN,
        "Selling General And Administration": NaN,
        "Selling And Marketing Expense": NaN,
        "General And Administrative Expense": NaN,
        "Salaries And Wages": NaN,
        "Total Revenue": NaN,
        "Operating Revenue": NaN,
        "Occupancy And Equipment": NaN,
        "Professional Expense And Contract Services Expense": NaN,
        "Other Non Interest Expense": NaN
    },
    "2022-09-30": {
        "Tax Effect Of Unusual Items": -27664000.0,
        "Tax Rate For Calcs": 0.182,
        "Total Unusual Items": -152000000.0,
        "Total Unusual Items Excluding Goodwill": -152000000.0,
        "Net Income From Continuing Operation Net Minority Interest": 1633000000.0,
        "Reconciled Depreciation": 185000000.0,
        "Net Interest Income": 3745000000.0,
        "Interest Expense": 624000000.0,
        "Interest Income": 4369000000.0,
        "Normalized Income": 1757336000.0,
        "Net Income From Continuing And Discontinued Operation": 1633000000.0,
        "Diluted Average Shares": 1336659000.0,
        "Basic Average Shares": 1326539000.0,
        "Diluted EPS": 1.15,
        "Basic EPS": 1.16,
        "Diluted NI Availto Com Stockholders": 1536000000.0,
        "Net Income Common Stockholders": 1536000000.0,
        "Preferred Stock Dividends": 97000000.0,
        "Net Income": 1633000000.0,
        "Minority Interests": -4000000.0,
        "Net Income Including Noncontrolling Interests": 1637000000.0,
        "Net Income Continuous Operations": 1637000000.0,
        "Tax Provision": 363000000.0,
        "Pretax Income": 2000000000.0,
        "Special Income Charges": -152000000.0,
        "Gain On Sale Of Business": 0.0,
        "Restructuring And Mergern Acquisition": 152000000.0,
        "Gain On Sale Of Security": -1000000.0,
        "Depreciation Amortization Depletion Income Statement": 185000000.0,
        "Depreciation And Amortization In Income Statement": 185000000.0,
        "Amortization": 140000000.0,
        "Amortization Of Intangibles Income Statement": 140000000.0,
        "Depreciation Income Statement": 45000000.0,
        "Selling General And Administration": 2221000000.0,
        "Selling And Marketing Expense": 105000000.0,
        "General And Administrative Expense": 2116000000.0,
        "Salaries And Wages": 2116000000.0,
        "Total Revenue": 5847000000.0,
        "Operating Revenue": 5847000000.0
    },
    "2022-06-30": {
        "Tax Effect Of Unusual Items": -38805000.0,
        "Tax Rate For Calcs": 0.195,
        "Total Unusual Items": -199000000.0,
        "Total Unusual Items Excluding Goodwill": -199000000.0,
        "Net Income From Continuing Operation Net Minority Interest": 1531000000.0,
        "Reconciled Depreciation": 190000000.0,
        "Net Interest Income": 3407000000.0,
        "Interest Expense": 266000000.0,
        "Interest Income": 3673000000.0,
        "Normalized Income": 1691195000.0,
        "Net Income From Continuing And Discontinued Operation": 1531000000.0,
        "Diluted Average Shares": 1338864000.0,
        "Basic Average Shares": 1330160000.0,
        "Diluted EPS": 1.09,
        "Basic EPS": 1.09,
        "Diluted NI Availto Com Stockholders": 1454000000.0,
        "Net Income Common Stockholders": 1454000000.0,
        "Preferred Stock Dividends": 77000000.0,
        "Net Income": 1531000000.0,
        "Minority Interests": -1000000.0,
        "Net Income Including Noncontrolling Interests": 1532000000.0,
        "Net Income Continuous Operations": 1532000000.0,
        "Tax Provision": 372000000.0,
        "Pretax Income": 1904000000.0,
        "Special Income Charges": -199000000.0,
        "Gain On Sale Of Business": NaN,
        "Restructuring And Mergern Acquisition": 238000000.0,
        "Gain On Sale Of Security": -1000000.0,
        "Depreciation Amortization Depletion Income Statement": 190000000.0,
        "Depreciation And Amortization In Income Statement": 190000000.0,
        "Amortization": 143000000.0,
        "Amortization Of Intangibles Income Statement": 143000000.0,
        "Depreciation Income Statement": 47000000.0,
        "Selling General And Administration": 2195000000.0,
        "Selling And Marketing Expense": 93000000.0,
        "General And Administrative Expense": 2102000000.0,
        "Salaries And Wages": 2102000000.0,
        "Total Revenue": 5655000000.0,
        "Operating Revenue": 5655000000.0
    },
    "2022-03-31": {
        "Diluted EPS": 0.99,
        "Total Revenue": NaN,
        "Gross Profit": NaN,
        "Operating Income": NaN,
        "EBIT": NaN,
        "Net Income": NaN
    },
    "2021-12-31": {
        "Diluted EPS": 1.13,
        "Total Revenue": NaN,
        "Gross Profit": NaN,
        "Operating Income": NaN,
        "EBIT": NaN,
        "Net Income": NaN
    },
    "2021-09-30": {
        "Diluted EPS": 1.2,
        "Total Revenue": NaN,
        "Gross Profit": NaN,
        "Operating Income": NaN,
        "EBIT": NaN,
        "Net Income": NaN
    },
    "2021-06-30": {
        "Diluted EPS": 1.16,
        "Total Revenue": NaN,
        "Gross Profit": NaN,
        "Operating Income": NaN,
        "EBIT": NaN,
        "Net Income": NaN
    },
    "2021-03-31": {
        "Diluted EPS": 0.98,
        "Total Revenue": NaN,
        "Gross Profit": NaN,
        "Operating Income": NaN,
        "EBIT": NaN,
        "Net Income": NaN
    },
    "2020-12-31": {
        "Diluted EPS": 0.89,
        "Total Revenue": NaN,
        "Gross Profit": NaN,
        "Operating Income": NaN,
        "EBIT": NaN,
        "Net Income": NaN
    },
    "2020-09-30": {
        "Diluted EPS": 0.79,
        "Total Revenue": NaN,
        "Gross Profit": NaN,
        "Operating Income": NaN,
        "EBIT": NaN,
        "Net Income": NaN
    },
    "2020-06-30": {
        "Diluted EPS": 0.67,
        "Total Revenue": NaN,
        "Gross Profit": NaN,
        "Operating Income": NaN,
        "EBIT": NaN,
        "Net Income": 902
    },
    "2020-03-31": {
        "Diluted EPS": 0.73,
        "Total Revenue": NaN,
        "Gross Profit": NaN,
        "Operating Income": NaN,
        "EBIT": NaN,
        "Net Income": 986
    },
    "2019-12-31": {
        "Diluted EPS": 0.7,
        "Total Revenue": NaN,
        "Gross Profit": NaN,
        "Operating Income": NaN,
        "EBIT": NaN,
        "Net Income": 702
    },
    "2019-09-30": {
        "Diluted EPS": 0.95,
        "Total Revenue": NaN,
        "Gross Profit": NaN,
        "Operating Income": NaN,
        "EBIT": NaN,
        "Net Income": 735
    },
    "2019-06-30": {
        "Diluted EPS": 1.09,
        "Total Revenue": NaN,
        "Gross Profit": NaN,
        "Operating Income": NaN,
        "EBIT": NaN,
        "Net Income": 842
    },
    "2019-03-31": {
        "Diluted EPS": 0.97,
        "Total Revenue": NaN,
        "Gross Profit": NaN,
        "Operating Income": NaN,
        "EBIT": NaN,
        "Net Income": 749
    },
    "2018-12-31": {
        "Diluted EPS": 0.97,
        "Total Revenue": NaN,
        "Gross Profit": NaN,
        "Operating Income": NaN,
        "EBIT": NaN,
        "Net Income": 754
    },
    "2018-09-30": {
        "Diluted EPS": 1.01,
        "Total Revenue": NaN,
        "Gross Profit": NaN,
        "Operating Income": NaN,
        "EBIT": NaN,
        "Net Income": 789
    },
    "2018-06-30": {
        "Diluted EPS": 0.99,
        "Total Revenue": NaN,
        "Gross Profit": NaN,
        "Operating Income": NaN,
        "EBIT": NaN,
        "Net Income": 775
    },
    "2018-03-31": {
        "Diluted EPS": 0.94,
        "Total Revenue": NaN,
        "Gross Profit": NaN,
        "Operating Income": NaN,
        "EBIT": NaN,
        "Net Income": 745
    },
    "2017-12-31": {
        "Diluted EPS": 0.77,
        "Total Revenue": NaN,
        "Gross Profit": NaN,
        "Operating Income": 898,
        "EBIT": NaN,
        "Net Income": 614
    },
    "2017-09-30": {
        "Diluted EPS": 0.74,
        "Total Revenue": NaN,
        "Gross Profit": NaN,
        "Operating Income": 989,
        "EBIT": NaN,
        "Net Income": 597
    },
    "2017-06-30": {
        "Diluted EPS": 0.77,
        "Total Revenue": NaN,
        "Gross Profit": NaN,
        "Operating Income": 988,
        "EBIT": NaN,
        "Net Income": 631
    },
    "2017-03-31": {
        "Diluted EPS": 0.46,
        "Total Revenue": NaN,
        "Gross Profit": NaN,
        "Operating Income": 566,
        "EBIT": NaN,
        "Net Income": 378
    },
    "2016-12-31": {
        "Diluted EPS": 0.71,
        "Total Revenue": NaN,
        "Gross Profit": NaN,
        "Operating Income": 943,
        "EBIT": NaN,
        "Net Income": 592
    },
    "2016-09-30": {
        "Diluted EPS": 0.73,
        "Total Revenue": NaN,
        "Gross Profit": NaN,
        "Operating Income": 958,
        "EBIT": NaN,
        "Net Income": 599
    },
    "2016-06-30": {
        "Diluted EPS": 0.66,
        "Total Revenue": NaN,
        "Gross Profit": NaN,
        "Operating Income": 931,
        "EBIT": NaN,
        "Net Income": 541
    },
    "2016-03-31": {
        "Diluted EPS": 0.67,
        "Total Revenue": NaN,
        "Gross Profit": NaN,
        "Operating Income": 839,
        "EBIT": NaN,
        "Net Income": 527
    },
    "2015-12-31": {
        "Diluted EPS": 0.63,
        "Total Revenue": NaN,
        "Gross Profit": NaN,
        "Operating Income": 843,
        "EBIT": NaN,
        "Net Income": 502
    },
    "2015-09-30": {
        "Diluted EPS": 0.64,
        "Total Revenue": NaN,
        "Gross Profit": NaN,
        "Operating Income": 832,
        "EBIT": NaN,
        "Net Income": 492
    },
    "2015-06-30": {
        "Diluted EPS": 0.62,
        "Total Revenue": NaN,
        "Gross Profit": NaN,
        "Operating Income": 606,
        "EBIT": NaN,
        "Net Income": 454
    },
    "2015-03-31": {
        "Diluted EPS": 0.67,
        "Total Revenue": NaN,
        "Gross Profit": NaN,
        "Operating Income": 801,
        "EBIT": NaN,
        "Net Income": 488
    },
    "2014-12-31": {
        "Diluted EPS": 0.76,
        "Total Revenue": NaN,
        "Gross Profit": NaN,
        "Operating Income": 898,
        "EBIT": NaN,
        "Net Income": 551
    },
    "2014-09-30": {
        "Diluted EPS": 0.7,
        "Total Revenue": NaN,
        "Gross Profit": NaN,
        "Operating Income": 732,
        "EBIT": NaN,
        "Net Income": 512
    },
    "2014-06-30": {
        "Diluted EPS": 0.58,
        "Total Revenue": NaN,
        "Gross Profit": NaN,
        "Operating Income": 706,
        "EBIT": NaN,
        "Net Income": 424
    },
    "2014-03-31": {
        "Diluted EPS": 0.68,
        "Total Revenue": NaN,
        "Gross Profit": NaN,
        "Operating Income": 837,
        "EBIT": NaN,
        "Net Income": 496
    },
    "2013-12-31": {
        "Diluted EPS": 0.76,
        "Total Revenue": NaN,
        "Gross Profit": NaN,
        "Operating Income": NaN,
        "EBIT": NaN,
        "Net Income": 538
    },
    "2013-09-30": {
        "Diluted EPS": 0.37,
        "Total Revenue": NaN,
        "Gross Profit": NaN,
        "Operating Income": 763,
        "EBIT": NaN,
        "Net Income": 268
    },
    "2013-06-30": {
        "Diluted EPS": 0.77,
        "Total Revenue": NaN,
        "Gross Profit": NaN,
        "Operating Income": 824,
        "EBIT": NaN,
        "Net Income": 547
    },
    "2013-03-31": {
        "Diluted EPS": 0.29,
        "Total Revenue": NaN,
        "Gross Profit": NaN,
        "Operating Income": 742,
        "EBIT": NaN,
        "Net Income": 210
    },
    "2012-12-31": {
        "Diluted EPS": 0.71,
        "Total Revenue": NaN,
        "Gross Profit": NaN,
        "Operating Income": 767,
        "EBIT": NaN,
        "Net Income": 506
    },
    "2012-09-30": {
        "Diluted EPS": 0.66,
        "Total Revenue": NaN,
        "Gross Profit": NaN,
        "Operating Income": 716,
        "EBIT": NaN,
        "Net Income": 469
    },
    "2012-06-30": {
        "Diluted EPS": 0.72,
        "Total Revenue": NaN,
        "Gross Profit": NaN,
        "Operating Income": 731,
        "EBIT": NaN,
        "Net Income": 510
    },
    "2012-03-31": {
        "Diluted EPS": 0.61,
        "Total Revenue": NaN,
        "Gross Profit": NaN,
        "Operating Income": 646,
        "EBIT": NaN,
        "Net Income": 431
    },
    "2011-12-31": {
        "Diluted EPS": 0.55,
        "Total Revenue": NaN,
        "Gross Profit": NaN,
        "Operating Income": 500,
        "EBIT": NaN,
        "Net Income": 391
    },
    "2011-09-30": {
        "Diluted EPS": 0.52,
        "Total Revenue": NaN,
        "Gross Profit": NaN,
        "Operating Income": 439,
        "EBIT": NaN,
        "Net Income": 366
    },
    "2011-06-30": {
        "Diluted EPS": 0.44,
        "Total Revenue": NaN,
        "Gross Profit": NaN,
        "Operating Income": 420,
        "EBIT": NaN,
        "Net Income": 307
    },
    "2011-03-31": {
        "Diluted EPS": 0.32,
        "Total Revenue": NaN,
        "Gross Profit": NaN,
        "Operating Income": 285,
        "EBIT": NaN,
        "Net Income": 225
    },
    "2010-12-31": {
        "Diluted EPS": 0.29,
        "Total Revenue": NaN,
        "Gross Profit": NaN,
        "Operating Income": 236,
        "EBIT": NaN,
        "Net Income": 208
    },
    "2010-09-30": {
        "Diluted EPS": 0.3,
        "Total Revenue": NaN,
        "Gross Profit": NaN,
        "Operating Income": 256,
        "EBIT": NaN,
        "Net Income": 210
    },
    "2010-06-30": {
        "Diluted EPS": 0.3,
        "Total Revenue": NaN,
        "Gross Profit": NaN,
        "Operating Income": 287,
        "EBIT": NaN,
        "Net Income": 210
    },
    "2010-03-31": {
        "Diluted EPS": 0.27,
        "Total Revenue": NaN,
        "Gross Profit": NaN,
        "Operating Income": 259,
        "EBIT": NaN,
        "Net Income": 188
    },
    "2009-12-31": {
        "Diluted EPS": 0.24,
        "Total Revenue": NaN,
        "Gross Profit": NaN,
        "Operating Income": 216,
        "EBIT": NaN,
        "Net Income": 185
    },
    "2009-09-30": {
        "Diluted EPS": 0.23,
        "Total Revenue": NaN,
        "Gross Profit": NaN,
        "Operating Income": 166,
        "EBIT": NaN,
        "Net Income": 152
    },
    "2009-06-30": {
        "Diluted EPS": 0.2,
        "Total Revenue": NaN,
        "Gross Profit": NaN,
        "Operating Income": 248,
        "EBIT": NaN,
        "Net Income": 121
    },
    "2009-03-31": {
        "Diluted EPS": 0.48,
        "Total Revenue": NaN,
        "Gross Profit": NaN,
        "Operating Income": 444,
        "EBIT": NaN,
        "Net Income": 271
    },
    "2023-09-30": {
        "Tax Effect Of Unusual Items": -12900000.0,
        "Tax Rate For Calcs": 0.172,
        "Total Unusual Items": -75000000.0,
        "Total Unusual Items Excluding Goodwill": -75000000.0,
        "Net Income From Continuing Operation Net Minority Interest": 1177000000.0,
        "Reconciled Depreciation": 302000000.0,
        "Net Interest Income": 3564000000.0,
        "Interest Expense": 2665000000.0,
        "Interest Income": 6229000000.0,
        "Normalized Income": 1239100000.0,
        "Net Income From Continuing And Discontinued Operation": 1177000000.0,
        "Diluted Average Shares": 1340574000.0,
        "Basic Average Shares": 1333522000.0,
        "Diluted EPS": 0.8,
        "Basic EPS": 0.8,
        "Diluted NI Availto Com Stockholders": 1071000000.0,
        "Net Income Common Stockholders": 1071000000.0,
        "Preferred Stock Dividends": 106000000.0,
        "Net Income": 1177000000.0,
        "Minority Interests": -6000000.0,
        "Net Income Including Noncontrolling Interests": 1183000000.0,
        "Net Income Discontinuous Operations": NaN,
        "Net Income Continuous Operations": 1183000000.0,
        "Tax Provision": 245000000.0,
        "Pretax Income": 1428000000.0,
        "Special Income Charges": -75000000.0,
        "Other Special Charges": NaN,
        "Restructuring And Mergern Acquisition": 75000000.0,
        "Gain On Sale Of Security": 0.0,
        "Depreciation Amortization Depletion Income Statement": 173000000.0,
        "Depreciation And Amortization In Income Statement": 173000000.0,
        "Amortization": 130000000.0,
        "Amortization Of Intangibles Income Statement": 130000000.0,
        "Depreciation Income Statement": 43000000.0,
        "Selling General And Administration": 2278000000.0,
        "Selling And Marketing Expense": 78000000.0,
        "General And Administrative Expense": 2200000000.0,
        "Salaries And Wages": 2200000000.0,
        "Total Revenue": 5672000000.0,
        "Operating Revenue": 5672000000.0,
        "Occupancy And Equipment": 277000000.0,
        "Professional Expense And Contract Services Expense": 317000000.0,
        "Other Non Interest Expense": 627000000.0
    },
    "2023-12-31": {
        "Tax Effect Of Unusual Items": -82402793.946449,
        "Tax Rate For Calcs": 0.012418,
        "Total Unusual Items": -6636000000.0,
        "Total Unusual Items Excluding Goodwill": -6636000000.0,
        "Net Income From Continuing Operation Net Minority Interest": -5090000000.0,
        "Reconciled Depreciation": 296000000.0,
        "Net Interest Income": 3543000000.0,
        "Interest Expense": 2723000000.0,
        "Interest Income": 6266000000.0,
        "Normalized Income": 1463597206.053551,
        "Net Income From Continuing And Discontinued Operation": -5090000000.0,
        "Diluted Average Shares": 1342790000.0,
        "Basic Average Shares": 1333703000.0,
        "Diluted EPS": -3.87,
        "Basic EPS": -3.87,
        "Diluted NI Availto Com Stockholders": -5167000000.0,
        "Net Income Common Stockholders": -5167000000.0,
        "Preferred Stock Dividends": 77000000.0,
        "Net Income": -5090000000.0,
        "Minority Interests": 0.0,
        "Net Income Including Noncontrolling Interests": -5090000000.0,
        "Net Income Discontinuous Operations": NaN,
        "Net Income Continuous Operations": -5090000000.0,
        "Tax Provision": -64000000.0,
        "Pretax Income": -5154000000.0,
        "Special Income Charges": -6636000000.0,
        "Other Special Charges": NaN,
        "Restructuring And Mergern Acquisition": 558000000.0,
        "Gain On Sale Of Security": 0.0,
        "Depreciation Amortization Depletion Income Statement": 172000000.0,
        "Depreciation And Amortization In Income Statement": 172000000.0,
        "Amortization": 130000000.0,
        "Amortization Of Intangibles Income Statement": 130000000.0,
        "Depreciation Income Statement": 42000000.0,
        "Selling General And Administration": 2079000000.0,
        "Selling And Marketing Expense": 62000000.0,
        "General And Administrative Expense": 2017000000.0,
        "Salaries And Wages": 2017000000.0,
        "Total Revenue": 5698000000.0,
        "Operating Revenue": 5698000000.0,
        "Occupancy And Equipment": 282000000.0,
        "Professional Expense And Contract Services Expense": 358000000.0,
        "Other Non Interest Expense": 753000000.0
    },
    "2024-03-31": {
        "Tax Effect Of Unusual Items": -21420000.0,
        "Tax Rate For Calcs": 0.17,
        "Total Unusual Items": -126000000.0,
        "Total Unusual Items Excluding Goodwill": -126000000.0,
        "Net Income From Continuing Operation Net Minority Interest": 1130000000.0,
        "Reconciled Depreciation": 273000000.0,
        "Net Interest Income": 3372000000.0,
        "Interest Expense": 2812000000.0,
        "Interest Income": 6184000000.0,
        "Normalized Income": 1234580000.0,
        "Net Income From Continuing And Discontinued Operation": 1197000000.0,
        "Diluted Average Shares": 1346904000.0,
        "Basic Average Shares": 1335091000.0,
        "Diluted EPS": 0.81,
        "Basic EPS": 0.82,
        "Diluted NI Availto Com Stockholders": 1091000000.0,
        "Net Income Common Stockholders": 1091000000.0,
        "Preferred Stock Dividends": 106000000.0,
        "Net Income": 1197000000.0,
        "Minority Interests": -3000000.0,
        "Net Income Including Noncontrolling Interests": 1200000000.0,
        "Net Income Discontinuous Operations": 67000000.0,
        "Net Income Continuous Operations": 1133000000.0,
        "Tax Provision": 232000000.0,
        "Pretax Income": 1365000000.0,
        "Special Income Charges": -126000000.0,
        "Other Special Charges": 75000000.0,
        "Restructuring And Mergern Acquisition": 51000000.0,
        "Gain On Sale Of Security": NaN,
        "Depreciation Amortization Depletion Income Statement": 128000000.0,
        "Depreciation And Amortization In Income Statement": 128000000.0,
        "Amortization": 88000000.0,
        "Amortization Of Intangibles Income Statement": 88000000.0,
        "Depreciation Income Statement": 40000000.0,
        "Selling General And Administration": 1686000000.0,
        "Selling And Marketing Expense": 56000000.0,
        "General And Administrative Expense": 1630000000.0,
        "Salaries And Wages": 1630000000.0,
        "Total Revenue": 4818000000.0,
        "Operating Revenue": 4818000000.0,
        "Occupancy And Equipment": 248000000.0,
        "Professional Expense And Contract Services Expense": 278000000.0,
        "Other Non Interest Expense": 487000000.0
    },
    "2024-06-30": {
        "Tax Effect Of Unusual Items": -8349000.0,
        "Tax Rate For Calcs": 0.253,
        "Total Unusual Items": -33000000.0,
        "Total Unusual Items Excluding Goodwill": -33000000.0,
        "Net Income From Continuing Operation Net Minority Interest": -3925000000.0,
        "Reconciled Depreciation": 240000000.0,
        "Net Interest Income": 3527000000.0,
        "Interest Expense": 2824000000.0,
        "Interest Income": 6351000000.0,
        "Normalized Income": -3900349000.0,
        "Net Income From Continuing And Discontinued Operation": 903000000.0,
        "Diluted Average Shares": 1338149000.0,
        "Basic Average Shares": 1338149000.0,
        "Diluted EPS": 0.62,
        "Basic EPS": 0.62,
        "Diluted NI Availto Com Stockholders": 826000000.0,
        "Net Income Common Stockholders": 826000000.0,
        "Preferred Stock Dividends": 77000000.0,
        "Net Income": 903000000.0,
        "Minority Interests": -19000000.0,
        "Net Income Including Noncontrolling Interests": 922000000.0,
        "Net Income Discontinuous Operations": 4828000000.0,
        "Net Income Continuous Operations": -3906000000.0,
        "Tax Provision": -1324000000.0,
        "Pretax Income": -5230000000.0,
        "Special Income Charges": -33000000.0,
        "Other Special Charges": NaN,
        "Restructuring And Mergern Acquisition": 33000000.0,
        "Gain On Sale Of Security": -6650000000.0,
        "Depreciation Amortization Depletion Income Statement": 123000000.0,
        "Depreciation And Amortization In Income Statement": 123000000.0,
        "Amortization": 89000000.0,
        "Amortization Of Intangibles Income Statement": 89000000.0,
        "Depreciation Income Statement": 34000000.0,
        "Selling General And Administration": 1724000000.0,
        "Selling And Marketing Expense": 63000000.0,
        "General And Administrative Expense": 1661000000.0,
        "Salaries And Wages": 1661000000.0,
        "Total Revenue": -1685000000.0,
        "Operating Revenue": -1685000000.0,
        "Occupancy And Equipment": 249000000.0,
        "Professional Expense And Contract Services Expense": 308000000.0,
        "Other Non Interest Expense": 657000000.0
    },
    "2024-09-30": {
        "Tax Effect Of Unusual Items": -3961988.304094,
        "Tax Rate For Calcs": 0.15848,
        "Total Unusual Items": -25000000.0,
        "Total Unusual Items Excluding Goodwill": -25000000.0,
        "Net Income From Continuing Operation Net Minority Interest": 1439000000.0,
        "Reconciled Depreciation": 229000000.0,
        "Net Interest Income": 3602000000.0,
        "Interest Expense": 2750000000.0,
        "Interest Income": 6352000000.0,
        "Normalized Income": 1460038011.695906,
        "Net Income From Continuing And Discontinued Operation": 1442000000.0,
        "Diluted Average Shares": 1349129000.0,
        "Basic Average Shares": 1334212000.0,
        "Diluted EPS": 0.99,
        "Basic EPS": 1.0,
        "Diluted NI Availto Com Stockholders": 1336000000.0,
        "Net Income Common Stockholders": 1336000000.0,
        "Preferred Stock Dividends": 106000000.0,
        "Net Income": 1442000000.0,
        "Minority Interests": 0.0,
        "Net Income Including Noncontrolling Interests": 1442000000.0,
        "Net Income Discontinuous Operations": 3000000.0,
        "Net Income Continuous Operations": 1439000000.0,
        "Tax Provision": 271000000.0,
        "Pretax Income": 1710000000.0,
        "Special Income Charges": -25000000.0,
        "Other Special Charges": NaN,
        "Restructuring And Mergern Acquisition": 25000000.0,
        "Gain On Sale Of Security": 0.0,
        "Depreciation Amortization Depletion Income Statement": 118000000.0,
        "Depreciation And Amortization In Income Statement": 118000000.0,
        "Amortization": 84000000.0,
        "Amortization Of Intangibles Income Statement": 84000000.0,
        "Depreciation Income Statement": 34000000.0,
        "Selling General And Administration": 1703000000.0,
        "Selling And Marketing Expense": 75000000.0,
        "General And Administrative Expense": 1628000000.0,
        "Salaries And Wages": 1628000000.0,
        "Total Revenue": 5085000000.0,
        "Operating Revenue": 5085000000.0,
        "Occupancy And Equipment": 241000000.0,
        "Professional Expense And Contract Services Expense": 336000000.0,
        "Other Non Interest Expense": 504000000.0
    }
}