{
    "2023-03-31": {
        "Tax Effect Of Unusual Items": NaN,
        "Tax Rate For Calcs": NaN,
        "Normalized EBITDA": NaN,
        "Total Unusual Items": NaN,
        "Total Unusual Items Excluding Goodwill": NaN,
        "Net Income From Continuing Operation Net Minority Interest": NaN,
        "Reconciled Depreciation": NaN,
        "EBITDA": NaN,
        "EBIT": NaN,
        "Net Interest Income": NaN,
        "Interest Income": NaN,
        "Normalized Income": NaN,
        "Net Income From Continuing And Discontinued Operation": NaN,
        "Total Expenses": NaN,
        "Total Operating Income As Reported": NaN,
        "Diluted Average Shares": NaN,
        "Basic Average Shares": NaN,
        "Diluted EPS": NaN,
        "Basic EPS": NaN,
        "Diluted NI Availto Com Stockholders": NaN,
        "Net Income Common Stockholders": NaN,
        "Net Income": NaN,
        "Net Income Including Noncontrolling Interests": NaN,
        "Net Income Continuous Operations": NaN,
        "Pretax Income": NaN,
        "Other Income Expense": NaN,
        "Other Non Operating Income Expenses": NaN,
        "Gain On Sale Of Security": NaN,
        "Net Non Operating Interest Income Expense": NaN,
        "Interest Income Non Operating": NaN,
        "Operating Income": NaN,
        "Operating Expense": NaN,
        "Other Operating Expenses": -51429.0,
        "Research And Development": NaN,
        "Selling General And Administration": NaN,
        "General And Administrative Expense": NaN,
        "Other Gand A": NaN,
        "Insurance And Claims": NaN,
        "Salaries And Wages": NaN,
        "Total Revenue": NaN,
        "Operating Revenue": NaN
    },
    "2022-12-31": {
        "Tax Effect Of Unusual Items": NaN,
        "Tax Rate For Calcs": NaN,
        "Normalized EBITDA": NaN,
        "Total Unusual Items": NaN,
        "Total Unusual Items Excluding Goodwill": NaN,
        "Net Income From Continuing Operation Net Minority Interest": NaN,
        "Reconciled Depreciation": NaN,
        "EBITDA": NaN,
        "EBIT": NaN,
        "Net Interest Income": NaN,
        "Interest Income": NaN,
        "Normalized Income": NaN,
        "Net Income From Continuing And Discontinued Operation": NaN,
        "Total Expenses": NaN,
        "Total Operating Income As Reported": NaN,
        "Diluted Average Shares": NaN,
        "Basic Average Shares": NaN,
        "Diluted EPS": NaN,
        "Basic EPS": NaN,
        "Diluted NI Availto Com Stockholders": NaN,
        "Net Income Common Stockholders": NaN,
        "Net Income": NaN,
        "Net Income Including Noncontrolling Interests": NaN,
        "Net Income Continuous Operations": NaN,
        "Pretax Income": NaN,
        "Other Income Expense": NaN,
        "Other Non Operating Income Expenses": NaN,
        "Gain On Sale Of Security": NaN,
        "Net Non Operating Interest Income Expense": NaN,
        "Interest Income Non Operating": NaN,
        "Operating Income": NaN,
        "Operating Expense": NaN,
        "Other Operating Expenses": -312780.0,
        "Research And Development": NaN,
        "Selling General And Administration": NaN,
        "General And Administrative Expense": NaN,
        "Other Gand A": NaN,
        "Insurance And Claims": NaN,
        "Salaries And Wages": NaN,
        "Total Revenue": NaN,
        "Operating Revenue": NaN
    },
    "2022-09-30": {
        "Tax Effect Of Unusual Items": NaN,
        "Tax Rate For Calcs": NaN,
        "Normalized EBITDA": NaN,
        "Net Income From Continuing Operation Net Minority Interest": NaN,
        "Reconciled Depreciation": NaN,
        "EBITDA": NaN,
        "EBIT": NaN,
        "Net Interest Income": NaN,
        "Interest Income": NaN,
        "Normalized Income": NaN,
        "Net Income From Continuing And Discontinued Operation": NaN,
        "Total Expenses": NaN,
        "Total Operating Income As Reported": NaN,
        "Diluted Average Shares": 1018067.0,
        "Basic Average Shares": 1018067.0,
        "Diluted EPS": -7.25,
        "Basic EPS": -7.25,
        "Diluted NI Availto Com Stockholders": NaN,
        "Net Income Common Stockholders": NaN,
        "Net Income": NaN,
        "Net Income Including Noncontrolling Interests": NaN,
        "Net Income Continuous Operations": NaN,
        "Pretax Income": NaN,
        "Other Income Expense": NaN,
        "Other Non Operating Income Expenses": NaN,
        "Net Non Operating Interest Income Expense": NaN,
        "Interest Income Non Operating": NaN,
        "Operating Income": NaN,
        "Operating Expense": NaN,
        "Other Operating Expenses": NaN,
        "Research And Development": NaN,
        "Selling General And Administration": NaN,
        "General And Administrative Expense": NaN,
        "Other Gand A": NaN,
        "Insurance And Claims": NaN,
        "Salaries And Wages": NaN,
        "Total Revenue": NaN,
        "Operating Revenue": NaN
    },
    "2022-06-30": {
        "Tax Effect Of Unusual Items": 0.0,
        "Tax Rate For Calcs": 0.0,
        "Normalized EBITDA": -8683665.0,
        "Net Income From Continuing Operation Net Minority Interest": -8746325.0,
        "Reconciled Depreciation": 89146.0,
        "EBITDA": -8683665.0,
        "EBIT": -8772811.0,
        "Net Interest Income": 5880.0,
        "Interest Income": 5880.0,
        "Normalized Income": -8746325.0,
        "Net Income From Continuing And Discontinued Operation": -8746325.0,
        "Total Expenses": 8772811.0,
        "Total Operating Income As Reported": -8772811.0,
        "Diluted Average Shares": 25373706.0,
        "Basic Average Shares": 25373706.0,
        "Diluted EPS": -0.34,
        "Basic EPS": -0.34,
        "Diluted NI Availto Com Stockholders": -8746325.0,
        "Net Income Common Stockholders": -8746325.0,
        "Net Income": -8746325.0,
        "Net Income Including Noncontrolling Interests": -8746325.0,
        "Net Income Continuous Operations": -8746325.0,
        "Pretax Income": -8746325.0,
        "Other Income Expense": 20606.0,
        "Other Non Operating Income Expenses": 20606.0,
        "Net Non Operating Interest Income Expense": 5880.0,
        "Interest Income Non Operating": 5880.0,
        "Operating Income": -8772811.0,
        "Operating Expense": 8772811.0,
        "Other Operating Expenses": -28004.0,
        "Research And Development": 5110805.0,
        "Selling General And Administration": 3690010.0,
        "General And Administrative Expense": 3690010.0,
        "Other Gand A": 3690010.0,
        "Total Revenue": 0.0,
        "Operating Revenue": 0.0
    },
    "2022-03-31": {
        "Diluted EPS": -0.33,
        "Total Revenue": 0,
        "Gross Profit": 0,
        "Operating Income": -8,
        "EBIT": -8,
        "Net Income": -8
    },
    "2021-12-31": {
        "Diluted EPS": -0.4,
        "Total Revenue": 0,
        "Gross Profit": 0,
        "Operating Income": -10,
        "EBIT": -10,
        "Net Income": -10
    },
    "2021-09-30": {
        "Diluted EPS": -0.34,
        "Total Revenue": 0,
        "Gross Profit": 0,
        "Operating Income": -9,
        "EBIT": -9,
        "Net Income": -9
    },
    "2021-06-30": {
        "Diluted EPS": -0.18,
        "Total Revenue": 0,
        "Gross Profit": 0,
        "Operating Income": -5,
        "EBIT": -5,
        "Net Income": -5
    },
    "2021-03-31": {
        "Diluted EPS": -0.33,
        "Total Revenue": 0,
        "Gross Profit": 0,
        "Operating Income": -8,
        "EBIT": -8,
        "Net Income": -8
    },
    "2020-12-31": {
        "Diluted EPS": -0.27,
        "Total Revenue": NaN,
        "Gross Profit": NaN,
        "Operating Income": -6,
        "EBIT": -6,
        "Net Income": -6
    },
    "2020-09-30": {
        "Diluted EPS": -0.24,
        "Total Revenue": NaN,
        "Gross Profit": NaN,
        "Operating Income": -5,
        "EBIT": -5,
        "Net Income": -5
    },
    "2020-06-30": {
        "Diluted EPS": -0.2,
        "Total Revenue": NaN,
        "Gross Profit": NaN,
        "Operating Income": -4,
        "EBIT": -4,
        "Net Income": -4
    },
    "2020-03-31": {
        "Diluted EPS": -0.2,
        "Total Revenue": NaN,
        "Gross Profit": NaN,
        "Operating Income": -4,
        "EBIT": -4,
        "Net Income": -4
    },
    "2019-12-31": {
        "Diluted EPS": -3.5,
        "Total Revenue": NaN,
        "Gross Profit": NaN,
        "Operating Income": -5,
        "EBIT": -5,
        "Net Income": -29
    },
    "2019-09-30": {
        "Diluted EPS": -0.7,
        "Total Revenue": NaN,
        "Gross Profit": NaN,
        "Operating Income": -3,
        "EBIT": -3,
        "Net Income": -3
    },
    "2019-06-30": {
        "Diluted EPS": -0.56,
        "Total Revenue": NaN,
        "Gross Profit": NaN,
        "Operating Income": -2,
        "EBIT": -2,
        "Net Income": -2
    },
    "2019-03-31": {
        "Diluted EPS": -0.55,
        "Total Revenue": NaN,
        "Gross Profit": NaN,
        "Operating Income": -2,
        "EBIT": -2,
        "Net Income": -2
    },
    "2018-12-31": {
        "Diluted EPS": 0.0,
        "Total Revenue": NaN,
        "Gross Profit": NaN,
        "Operating Income": NaN,
        "EBIT": NaN,
        "Net Income": NaN
    },
    "2018-09-30": {
        "Diluted EPS": -0.18,
        "Total Revenue": NaN,
        "Gross Profit": NaN,
        "Operating Income": -1,
        "EBIT": -1,
        "Net Income": -1
    },
    "2023-06-30": {
        "Tax Effect Of Unusual Items": NaN,
        "Tax Rate For Calcs": NaN,
        "Normalized EBITDA": NaN,
        "Total Unusual Items": -37416.0,
        "Total Unusual Items Excluding Goodwill": -37416.0,
        "Net Income From Continuing Operation Net Minority Interest": NaN,
        "Reconciled Depreciation": NaN,
        "EBITDA": NaN,
        "EBIT": NaN,
        "Net Interest Income": NaN,
        "Interest Income": NaN,
        "Normalized Income": NaN,
        "Net Income From Continuing And Discontinued Operation": NaN,
        "Total Expenses": NaN,
        "Total Operating Income As Reported": NaN,
        "Diluted Average Shares": 1447723.0,
        "Basic Average Shares": 1447723.0,
        "Diluted EPS": -3.47,
        "Basic EPS": -3.47,
        "Diluted NI Availto Com Stockholders": NaN,
        "Net Income Common Stockholders": NaN,
        "Net Income": NaN,
        "Net Income Including Noncontrolling Interests": NaN,
        "Net Income Continuous Operations": NaN,
        "Pretax Income": NaN,
        "Other Income Expense": -37416.0,
        "Other Non Operating Income Expenses": -37416.0,
        "Gain On Sale Of Security": -37416.0,
        "Net Non Operating Interest Income Expense": NaN,
        "Interest Income Non Operating": NaN,
        "Operating Income": NaN,
        "Operating Expense": NaN,
        "Other Operating Expenses": -333351.0,
        "Research And Development": NaN,
        "Selling General And Administration": NaN,
        "General And Administrative Expense": NaN,
        "Other Gand A": NaN,
        "Insurance And Claims": 548498.0,
        "Salaries And Wages": 1302400.0,
        "Total Revenue": NaN,
        "Operating Revenue": NaN
    },
    "2023-09-30": {
        "Tax Effect Of Unusual Items": 0.0,
        "Tax Rate For Calcs": 0.0,
        "Normalized EBITDA": -4218027.0,
        "Total Unusual Items": -77454.0,
        "Total Unusual Items Excluding Goodwill": -77454.0,
        "Net Income From Continuing Operation Net Minority Interest": -4409244.0,
        "Reconciled Depreciation": 125119.0,
        "EBITDA": -4295481.0,
        "EBIT": -4420600.0,
        "Net Interest Income": 88810.0,
        "Interest Income": 88810.0,
        "Normalized Income": -4331790.0,
        "Net Income From Continuing And Discontinued Operation": -4409244.0,
        "Total Expenses": 4610049.0,
        "Total Operating Income As Reported": -4420600.0,
        "Diluted Average Shares": 1897668.0,
        "Basic Average Shares": 1897668.0,
        "Diluted EPS": -2.32,
        "Basic EPS": -2.32,
        "Diluted NI Availto Com Stockholders": -4409244.0,
        "Net Income Common Stockholders": -4409244.0,
        "Net Income": -4409244.0,
        "Net Income Including Noncontrolling Interests": -4409244.0,
        "Net Income Continuous Operations": -4409244.0,
        "Pretax Income": -4409244.0,
        "Other Income Expense": -77454.0,
        "Other Non Operating Income Expenses": -77454.0,
        "Gain On Sale Of Security": -77454.0,
        "Net Non Operating Interest Income Expense": 88810.0,
        "Interest Income Non Operating": 88810.0,
        "Operating Income": -4420600.0,
        "Operating Expense": 4610049.0,
        "Other Operating Expenses": -45314.0,
        "Research And Development": 2478462.0,
        "Selling General And Administration": 2176901.0,
        "General And Administrative Expense": 2176901.0,
        "Other Gand A": 647341.0,
        "Insurance And Claims": 497274.0,
        "Salaries And Wages": 1032286.0,
        "Total Revenue": 189449.0,
        "Operating Revenue": 189449.0
    },
    "2023-12-31": {
        "Tax Effect Of Unusual Items": 0.0,
        "Tax Rate For Calcs": 0.0,
        "Normalized EBITDA": -5238040.0,
        "Total Unusual Items": NaN,
        "Total Unusual Items Excluding Goodwill": NaN,
        "Net Income From Continuing Operation Net Minority Interest": -4762414.0,
        "Reconciled Depreciation": 130666.0,
        "EBITDA": -5238040.0,
        "EBIT": -5368706.0,
        "Net Interest Income": 106179.0,
        "Interest Income": 106179.0,
        "Normalized Income": -4762414.0,
        "Net Income From Continuing And Discontinued Operation": -4762414.0,
        "Total Expenses": 5368706.0,
        "Total Operating Income As Reported": -5368706.0,
        "Diluted Average Shares": NaN,
        "Basic Average Shares": NaN,
        "Diluted EPS": NaN,
        "Basic EPS": NaN,
        "Diluted NI Availto Com Stockholders": -4762414.0,
        "Net Income Common Stockholders": -4762414.0,
        "Net Income": -4762414.0,
        "Net Income Including Noncontrolling Interests": -4762414.0,
        "Net Income Continuous Operations": -4762414.0,
        "Pretax Income": -4762414.0,
        "Other Income Expense": 500113.0,
        "Other Non Operating Income Expenses": NaN,
        "Gain On Sale Of Security": NaN,
        "Net Non Operating Interest Income Expense": 106179.0,
        "Interest Income Non Operating": 106179.0,
        "Operating Income": -5368706.0,
        "Operating Expense": 5368706.0,
        "Other Operating Expenses": -114328.0,
        "Research And Development": 2974158.0,
        "Selling General And Administration": 2508876.0,
        "General And Administrative Expense": 2508876.0,
        "Other Gand A": 2508876.0,
        "Insurance And Claims": NaN,
        "Salaries And Wages": NaN,
        "Total Revenue": 0.0,
        "Operating Revenue": 0.0
    },
    "2024-03-31": {
        "Tax Effect Of Unusual Items": 0.0,
        "Tax Rate For Calcs": 0.0,
        "Normalized EBITDA": -5650710.0,
        "Total Unusual Items": NaN,
        "Total Unusual Items Excluding Goodwill": NaN,
        "Net Income From Continuing Operation Net Minority Interest": -5735144.0,
        "Reconciled Depreciation": 140183.0,
        "EBITDA": -5650710.0,
        "EBIT": -5790893.0,
        "Net Interest Income": 55749.0,
        "Interest Income": 55749.0,
        "Normalized Income": -5735144.0,
        "Net Income From Continuing And Discontinued Operation": -5735144.0,
        "Total Expenses": 5994166.0,
        "Total Operating Income As Reported": -5790893.0,
        "Diluted Average Shares": 2387906.0,
        "Basic Average Shares": 2387906.0,
        "Diluted EPS": -2.4,
        "Basic EPS": -2.4,
        "Diluted NI Availto Com Stockholders": -5735144.0,
        "Net Income Common Stockholders": -5735144.0,
        "Net Income": -5735144.0,
        "Net Income Including Noncontrolling Interests": -5735144.0,
        "Net Income Continuous Operations": -5735144.0,
        "Pretax Income": -5735144.0,
        "Other Income Expense": NaN,
        "Other Non Operating Income Expenses": NaN,
        "Gain On Sale Of Security": NaN,
        "Net Non Operating Interest Income Expense": 55749.0,
        "Interest Income Non Operating": 55749.0,
        "Operating Income": -5790893.0,
        "Operating Expense": 5994166.0,
        "Other Operating Expenses": NaN,
        "Research And Development": 3674535.0,
        "Selling General And Administration": 2319631.0,
        "General And Administrative Expense": 2319631.0,
        "Other Gand A": 1012889.0,
        "Insurance And Claims": 426983.0,
        "Salaries And Wages": 879759.0,
        "Total Revenue": 203273.0,
        "Operating Revenue": 203273.0
    },
    "2024-06-30": {
        "Tax Effect Of Unusual Items": 0.0,
        "Tax Rate For Calcs": 0.0,
        "Normalized EBITDA": -3261502.0,
        "Total Unusual Items": -560473.0,
        "Total Unusual Items Excluding Goodwill": -560473.0,
        "Net Income From Continuing Operation Net Minority Interest": -4479221.0,
        "Reconciled Depreciation": 140592.0,
        "EBITDA": -3821975.0,
        "EBIT": -3962567.0,
        "Net Interest Income": 43819.0,
        "Interest Income": 43819.0,
        "Normalized Income": -3918748.0,
        "Net Income From Continuing And Discontinued Operation": -4479221.0,
        "Total Expenses": 4612789.0,
        "Total Operating Income As Reported": -3962567.0,
        "Diluted Average Shares": 3667264.0,
        "Basic Average Shares": 3667264.0,
        "Diluted EPS": -1.22,
        "Basic EPS": -1.22,
        "Diluted NI Availto Com Stockholders": -4479221.0,
        "Net Income Common Stockholders": -4479221.0,
        "Net Income": -4479221.0,
        "Net Income Including Noncontrolling Interests": -4479221.0,
        "Net Income Continuous Operations": -4479221.0,
        "Pretax Income": -4479221.0,
        "Other Income Expense": -560473.0,
        "Other Non Operating Income Expenses": NaN,
        "Gain On Sale Of Security": -560473.0,
        "Net Non Operating Interest Income Expense": 43819.0,
        "Interest Income Non Operating": 43819.0,
        "Operating Income": -3962567.0,
        "Operating Expense": 4612789.0,
        "Other Operating Expenses": NaN,
        "Research And Development": 2689499.0,
        "Selling General And Administration": 1923290.0,
        "General And Administrative Expense": 1923290.0,
        "Other Gand A": 725000.0,
        "Insurance And Claims": 354718.0,
        "Salaries And Wages": 843572.0,
        "Total Revenue": 650222.0,
        "Operating Revenue": 650222.0
    },
    "2024-09-30": {
        "Tax Effect Of Unusual Items": 0.0,
        "Tax Rate For Calcs": 0.0,
        "Normalized EBITDA": -3441009.0,
        "Total Unusual Items": NaN,
        "Total Unusual Items Excluding Goodwill": NaN,
        "Net Income From Continuing Operation Net Minority Interest": -3544933.0,
        "Reconciled Depreciation": 141019.0,
        "EBITDA": -3441009.0,
        "EBIT": -3582028.0,
        "Net Interest Income": 37095.0,
        "Interest Income": 37095.0,
        "Normalized Income": -3544933.0,
        "Net Income From Continuing And Discontinued Operation": -3544933.0,
        "Total Expenses": 3688075.0,
        "Total Operating Income As Reported": -3582028.0,
        "Diluted Average Shares": 4372458.0,
        "Basic Average Shares": 4372458.0,
        "Diluted EPS": -0.81,
        "Basic EPS": -0.81,
        "Diluted NI Availto Com Stockholders": -3544933.0,
        "Net Income Common Stockholders": -3544933.0,
        "Net Income": -3544933.0,
        "Net Income Including Noncontrolling Interests": -3544933.0,
        "Net Income Continuous Operations": -3544933.0,
        "Pretax Income": -3544933.0,
        "Other Income Expense": NaN,
        "Other Non Operating Income Expenses": NaN,
        "Gain On Sale Of Security": NaN,
        "Net Non Operating Interest Income Expense": 37095.0,
        "Interest Income Non Operating": 37095.0,
        "Operating Income": -3582028.0,
        "Operating Expense": 3688075.0,
        "Other Operating Expenses": -87340.0,
        "Research And Development": 1820251.0,
        "Selling General And Administration": 1955164.0,
        "General And Administrative Expense": 1955164.0,
        "Other Gand A": 813125.0,
        "Insurance And Claims": 351614.0,
        "Salaries And Wages": 790425.0,
        "Total Revenue": 106047.0,
        "Operating Revenue": 106047.0
    }
}