{
    "2023-06-30": {
        "Tax Effect Of Unusual Items": 0.0,
        "Tax Rate For Calcs": 0.4,
        "Normalized EBITDA": 300574000.0,
        "Total Unusual Items": 4187000.0,
        "Total Unusual Items Excluding Goodwill": 4187000.0,
        "Net Income From Continuing Operation Net Minority Interest": 128200000.0,
        "Reconciled Depreciation": 108174000.0,
        "Reconciled Cost Of Revenue": 1498239000.0,
        "EBITDA": 300574000.0,
        "EBIT": 192400000.0,
        "Net Interest Income": -18775000.0,
        "Interest Expense": 16307000.0,
        "Interest Income": 1219000.0,
        "Normalized Income": 128200000.0,
        "Net Income From Continuing And Discontinued Operation": 128200000.0,
        "Total Expenses": 1602991000.0,
        "Total Operating Income As Reported": 192400000.0,
        "Diluted Average Shares": 87125000.0,
        "Basic Average Shares": 86135000.0,
        "Diluted EPS": 1.47,
        "Basic EPS": 1.488361,
        "Diluted NI Availto Com Stockholders": 128200000.0,
        "Net Income Common Stockholders": 128200000.0,
        "Net Income": 128200000.0,
        "Net Income Including Noncontrolling Interests": 128200000.0,
        "Net Income Continuous Operations": 128200000.0,
        "Tax Provision": 45453000.0,
        "Pretax Income": 173687000.0,
        "Other Income Expense": 4187000.0,
        "Special Income Charges": 3758000.0,
        "Gain On Sale Of Ppe": 4142000.0,
        "Gain On Sale Of Business": NaN,
        "Restructuring And Mergern Acquisition": 384000.0,
        "Gain On Sale Of Security": 429000.0,
        "Net Non Operating Interest Income Expense": -18775000.0,
        "Total Other Finance Cost": 3687000.0,
        "Interest Expense Non Operating": 16307000.0,
        "Interest Income Non Operating": 1219000.0,
        "Operating Income": 192400000.0,
        "Operating Expense": 104752000.0,
        "Other Operating Expenses": 104752000.0,
        "Gross Profit": 293027000.0,
        "Cost Of Revenue": 1498239000.0,
        "Total Revenue": 1791300000.0,
        "Operating Revenue": 1791300000.0
    },
    "2023-03-31": {
        "Tax Effect Of Unusual Items": NaN,
        "Tax Rate For Calcs": NaN,
        "Normalized EBITDA": NaN,
        "Total Unusual Items": 15568000.0,
        "Total Unusual Items Excluding Goodwill": 15568000.0,
        "Net Income From Continuing Operation Net Minority Interest": NaN,
        "Reconciled Depreciation": 104055000.0,
        "Reconciled Cost Of Revenue": 1586607000.0,
        "EBITDA": NaN,
        "EBIT": NaN,
        "Net Interest Income": -17427000.0,
        "Interest Expense": 15692000.0,
        "Interest Income": 1362000.0,
        "Normalized Income": NaN,
        "Net Income From Continuing And Discontinued Operation": NaN,
        "Total Expenses": 1699045000.0,
        "Total Operating Income As Reported": NaN,
        "Diluted Average Shares": 87914259.0,
        "Basic Average Shares": 86581729.0,
        "Diluted EPS": 1.27,
        "Basic EPS": 1.29,
        "Diluted NI Availto Com Stockholders": NaN,
        "Net Income Common Stockholders": NaN,
        "Net Income": NaN,
        "Net Income Including Noncontrolling Interests": NaN,
        "Net Income Continuous Operations": NaN,
        "Tax Provision": 37355000.0,
        "Pretax Income": 149273000.0,
        "Other Income Expense": 15568000.0,
        "Special Income Charges": 15220000.0,
        "Gain On Sale Of Ppe": 15270000.0,
        "Gain On Sale Of Business": NaN,
        "Restructuring And Mergern Acquisition": 50000.0,
        "Gain On Sale Of Security": 348000.0,
        "Net Non Operating Interest Income Expense": -17427000.0,
        "Total Other Finance Cost": 3097000.0,
        "Interest Expense Non Operating": 15692000.0,
        "Interest Income Non Operating": 1362000.0,
        "Operating Income": NaN,
        "Operating Expense": 112438000.0,
        "Other Operating Expenses": 112438000.0,
        "Gross Profit": 263570000.0,
        "Cost Of Revenue": 1586607000.0,
        "Total Revenue": NaN,
        "Operating Revenue": NaN
    },
    "2022-12-31": {
        "Tax Effect Of Unusual Items": NaN,
        "Tax Rate For Calcs": NaN,
        "Normalized EBITDA": NaN,
        "Total Unusual Items": NaN,
        "Total Unusual Items Excluding Goodwill": NaN,
        "Net Income From Continuing Operation Net Minority Interest": NaN,
        "Reconciled Depreciation": NaN,
        "Reconciled Cost Of Revenue": NaN,
        "EBITDA": NaN,
        "EBIT": NaN,
        "Net Interest Income": NaN,
        "Interest Expense": NaN,
        "Interest Income": NaN,
        "Normalized Income": NaN,
        "Net Income From Continuing And Discontinued Operation": NaN,
        "Total Expenses": NaN,
        "Total Operating Income As Reported": NaN,
        "Diluted Average Shares": NaN,
        "Basic Average Shares": NaN,
        "Diluted EPS": NaN,
        "Basic EPS": NaN,
        "Diluted NI Availto Com Stockholders": NaN,
        "Net Income Common Stockholders": NaN,
        "Net Income": NaN,
        "Net Income Including Noncontrolling Interests": NaN,
        "Net Income Continuous Operations": NaN,
        "Tax Provision": NaN,
        "Pretax Income": NaN,
        "Other Income Expense": NaN,
        "Special Income Charges": NaN,
        "Gain On Sale Of Ppe": NaN,
        "Gain On Sale Of Business": -2069000.0,
        "Restructuring And Mergern Acquisition": NaN,
        "Gain On Sale Of Security": NaN,
        "Net Non Operating Interest Income Expense": NaN,
        "Total Other Finance Cost": NaN,
        "Interest Expense Non Operating": NaN,
        "Interest Income Non Operating": NaN,
        "Operating Income": NaN,
        "Operating Expense": NaN,
        "Other Operating Expenses": NaN,
        "Gross Profit": NaN,
        "Cost Of Revenue": NaN,
        "Total Revenue": NaN,
        "Operating Revenue": NaN
    },
    "2022-09-30": {
        "Tax Effect Of Unusual Items": NaN,
        "Tax Rate For Calcs": NaN,
        "Normalized EBITDA": NaN,
        "Total Unusual Items": NaN,
        "Total Unusual Items Excluding Goodwill": NaN,
        "Net Income From Continuing Operation Net Minority Interest": NaN,
        "Reconciled Depreciation": NaN,
        "Reconciled Cost Of Revenue": NaN,
        "EBITDA": NaN,
        "EBIT": NaN,
        "Net Interest Income": NaN,
        "Interest Expense": NaN,
        "Interest Income": NaN,
        "Normalized Income": NaN,
        "Net Income From Continuing And Discontinued Operation": NaN,
        "Total Expenses": NaN,
        "Total Operating Income As Reported": NaN,
        "Diluted Average Shares": 90033710.0,
        "Basic Average Shares": 88226360.0,
        "Diluted EPS": 2.72,
        "Basic EPS": 2.78,
        "Diluted NI Availto Com Stockholders": NaN,
        "Net Income Common Stockholders": NaN,
        "Net Income": NaN,
        "Net Income Including Noncontrolling Interests": NaN,
        "Net Income Continuous Operations": NaN,
        "Tax Provision": NaN,
        "Pretax Income": NaN,
        "Other Income Expense": NaN,
        "Special Income Charges": NaN,
        "Gain On Sale Of Ppe": NaN,
        "Gain On Sale Of Business": 75722000.0,
        "Restructuring And Mergern Acquisition": NaN,
        "Gain On Sale Of Security": NaN,
        "Net Non Operating Interest Income Expense": NaN,
        "Total Other Finance Cost": NaN,
        "Interest Expense Non Operating": NaN,
        "Interest Income Non Operating": NaN,
        "Operating Income": NaN,
        "Operating Expense": NaN,
        "Other Operating Expenses": NaN,
        "Gross Profit": NaN,
        "Cost Of Revenue": NaN,
        "Total Revenue": NaN,
        "Operating Revenue": NaN
    },
    "2022-06-30": {
        "Tax Effect Of Unusual Items": 21386957.0,
        "Tax Rate For Calcs": 0.251,
        "Normalized EBITDA": 413439000.0,
        "Total Unusual Items": 85207000.0,
        "Total Unusual Items Excluding Goodwill": 85207000.0,
        "Net Income From Continuing Operation Net Minority Interest": 276825000.0,
        "Reconciled Depreciation": 111805000.0,
        "Reconciled Cost Of Revenue": 1989699000.0,
        "EBITDA": 498646000.0,
        "EBIT": 386841000.0,
        "Net Interest Income": -21570000.0,
        "Interest Expense": 17408000.0,
        "Interest Income": 60000.0,
        "Normalized Income": 213004957.0,
        "Net Income From Continuing And Discontinued Operation": 276825000.0,
        "Total Expenses": 2116521000.0,
        "Total Operating Income As Reported": 390970000.0,
        "Diluted Average Shares": 92343315.0,
        "Basic Average Shares": 90646525.0,
        "Diluted EPS": 3.0,
        "Basic EPS": 3.05,
        "Diluted NI Availto Com Stockholders": 276825000.0,
        "Net Income Common Stockholders": 276825000.0,
        "Net Income": 276825000.0,
        "Net Income Including Noncontrolling Interests": 276825000.0,
        "Net Income Continuous Operations": 276825000.0,
        "Tax Provision": 92608000.0,
        "Pretax Income": 369433000.0,
        "Other Income Expense": 85207000.0,
        "Special Income Charges": 85102000.0,
        "Gain On Sale Of Ppe": 85174000.0,
        "Gain On Sale Of Business": NaN,
        "Restructuring And Mergern Acquisition": 72000.0,
        "Gain On Sale Of Security": 105000.0,
        "Net Non Operating Interest Income Expense": -21570000.0,
        "Total Other Finance Cost": 4222000.0,
        "Interest Expense Non Operating": 17408000.0,
        "Interest Income Non Operating": 60000.0,
        "Operating Income": 305796000.0,
        "Operating Expense": 126822000.0,
        "Other Operating Expenses": 126822000.0,
        "Gross Profit": 432618000.0,
        "Cost Of Revenue": 1989699000.0,
        "Total Revenue": 2422317000.0,
        "Operating Revenue": 2422317000.0
    },
    "2022-03-31": {
        "Diluted EPS": 1.57,
        "Total Revenue": NaN,
        "Gross Profit": NaN,
        "Operating Income": 220,
        "EBIT": 330,
        "Net Income": 148
    },
    "2021-12-31": {
        "Diluted EPS": 1.51,
        "Total Revenue": NaN,
        "Gross Profit": NaN,
        "Operating Income": 215,
        "EBIT": 325,
        "Net Income": 144
    },
    "2021-09-30": {
        "Diluted EPS": 1.38,
        "Total Revenue": NaN,
        "Gross Profit": NaN,
        "Operating Income": 192,
        "EBIT": 298,
        "Net Income": 132
    },
    "2021-06-30": {
        "Diluted EPS": 4.32,
        "Total Revenue": NaN,
        "Gross Profit": 874,
        "Operating Income": 471,
        "EBIT": 569,
        "Net Income": 412
    },
    "2021-03-31": {
        "Diluted EPS": 0.7,
        "Total Revenue": NaN,
        "Gross Profit": 483,
        "Operating Income": 102,
        "EBIT": 180,
        "Net Income": 67
    },
    "2020-12-31": {
        "Diluted EPS": 0.91,
        "Total Revenue": NaN,
        "Gross Profit": 485,
        "Operating Income": 117,
        "EBIT": 196,
        "Net Income": 86
    },
    "2020-09-30": {
        "Diluted EPS": 0.9,
        "Total Revenue": 936,
        "Gross Profit": 440,
        "Operating Income": 117,
        "EBIT": 191,
        "Net Income": 83
    },
    "2020-06-30": {
        "Diluted EPS": 0.57,
        "Total Revenue": 798,
        "Gross Profit": 385,
        "Operating Income": 95,
        "EBIT": 168,
        "Net Income": 50
    },
    "2020-03-31": {
        "Diluted EPS": 0.65,
        "Total Revenue": 925,
        "Gross Profit": 419,
        "Operating Income": 87,
        "EBIT": 161,
        "Net Income": 56
    },
    "2019-12-31": {
        "Diluted EPS": 0.0,
        "Total Revenue": NaN,
        "Gross Profit": NaN,
        "Operating Income": NaN,
        "EBIT": NaN,
        "Net Income": NaN
    },
    "2023-09-30": {
        "Tax Effect Of Unusual Items": 3008376.0,
        "Tax Rate For Calcs": 0.254,
        "Normalized EBITDA": 299344000.0,
        "Total Unusual Items": 11844000.0,
        "Total Unusual Items Excluding Goodwill": 11844000.0,
        "Net Income From Continuing Operation Net Minority Interest": 133339000.0,
        "Reconciled Depreciation": 114091000.0,
        "Reconciled Cost Of Revenue": 1616807000.0,
        "EBITDA": 311188000.0,
        "EBIT": 197097000.0,
        "Net Interest Income": -20143000.0,
        "Interest Expense": 18287000.0,
        "Interest Income": 1702000.0,
        "Normalized Income": 124503376.0,
        "Net Income From Continuing And Discontinued Operation": 133339000.0,
        "Total Expenses": 1723937000.0,
        "Total Operating Income As Reported": 200559000.0,
        "Diluted Average Shares": 86851619.0,
        "Basic Average Shares": 85849435.0,
        "Diluted EPS": 1.54,
        "Basic EPS": 1.55,
        "Diluted NI Availto Com Stockholders": 133339000.0,
        "Net Income Common Stockholders": 133339000.0,
        "Net Income": 133339000.0,
        "Net Income Including Noncontrolling Interests": 133339000.0,
        "Net Income Continuous Operations": 133339000.0,
        "Tax Provision": 45471000.0,
        "Pretax Income": 178810000.0,
        "Other Income Expense": 11844000.0,
        "Special Income Charges": 13750000.0,
        "Gain On Sale Of Ppe": 16461000.0,
        "Gain On Sale Of Business": -3011000.0,
        "Restructuring And Mergern Acquisition": -300000.0,
        "Gain On Sale Of Security": -1906000.0,
        "Net Non Operating Interest Income Expense": -20143000.0,
        "Total Other Finance Cost": 3558000.0,
        "Interest Expense Non Operating": 18287000.0,
        "Interest Income Non Operating": 1702000.0,
        "Operating Income": 187109000.0,
        "Operating Expense": 107130000.0,
        "Other Operating Expenses": 107130000.0,
        "Gross Profit": 294239000.0,
        "Cost Of Revenue": 1616807000.0,
        "Total Revenue": 1911046000.0,
        "Operating Revenue": 1911046000.0
    },
    "2023-12-31": {
        "Tax Effect Of Unusual Items": -4822960.97009,
        "Tax Rate For Calcs": 0.249197,
        "Normalized EBITDA": 335191000.0,
        "Total Unusual Items": -19354000.0,
        "Total Unusual Items Excluding Goodwill": -19354000.0,
        "Net Income From Continuing Operation Net Minority Interest": 131386000.0,
        "Reconciled Depreciation": 115655000.0,
        "Reconciled Cost Of Revenue": 1554122000.0,
        "EBITDA": 315837000.0,
        "EBIT": 200182000.0,
        "Net Interest Income": -24852000.0,
        "Interest Expense": 25188000.0,
        "Interest Income": 3838000.0,
        "Normalized Income": 145917039.02991,
        "Net Income From Continuing And Discontinued Operation": 131386000.0,
        "Total Expenses": 1749478000.0,
        "Total Operating Income As Reported": 198257000.0,
        "Diluted Average Shares": NaN,
        "Basic Average Shares": NaN,
        "Diluted EPS": NaN,
        "Basic EPS": NaN,
        "Diluted NI Availto Com Stockholders": 131386000.0,
        "Net Income Common Stockholders": 131386000.0,
        "Net Income": 131386000.0,
        "Net Income Including Noncontrolling Interests": 131386000.0,
        "Net Income Continuous Operations": 131386000.0,
        "Tax Provision": 43608000.0,
        "Pretax Income": 174994000.0,
        "Other Income Expense": -19354000.0,
        "Special Income Charges": -20974000.0,
        "Gain On Sale Of Ppe": -4200000.0,
        "Gain On Sale Of Business": 0.0,
        "Restructuring And Mergern Acquisition": 16774000.0,
        "Gain On Sale Of Security": 1620000.0,
        "Net Non Operating Interest Income Expense": -24852000.0,
        "Total Other Finance Cost": 3502000.0,
        "Interest Expense Non Operating": 25188000.0,
        "Interest Income Non Operating": 3838000.0,
        "Operating Income": 219200000.0,
        "Operating Expense": 195356000.0,
        "Other Operating Expenses": 110431000.0,
        "Gross Profit": 414556000.0,
        "Cost Of Revenue": 1554122000.0,
        "Total Revenue": 1968678000.0,
        "Operating Revenue": 1968678000.0
    },
    "2024-03-31": {
        "Tax Effect Of Unusual Items": 682341.0,
        "Tax Rate For Calcs": 0.253,
        "Normalized EBITDA": 266045000.0,
        "Total Unusual Items": 2697000.0,
        "Total Unusual Items Excluding Goodwill": 2697000.0,
        "Net Income From Continuing Operation Net Minority Interest": 92847000.0,
        "Reconciled Depreciation": 117009000.0,
        "Reconciled Cost Of Revenue": 1618397000.0,
        "EBITDA": 268742000.0,
        "EBIT": 151733000.0,
        "Net Interest Income": -26030000.0,
        "Interest Expense": 27506000.0,
        "Interest Income": 5152000.0,
        "Normalized Income": 90832341.0,
        "Net Income From Continuing And Discontinued Operation": 92847000.0,
        "Total Expenses": 1723255000.0,
        "Total Operating Income As Reported": 151556000.0,
        "Diluted Average Shares": 85348043.0,
        "Basic Average Shares": 84475177.0,
        "Diluted EPS": 1.09,
        "Basic EPS": 1.1,
        "Diluted NI Availto Com Stockholders": 92847000.0,
        "Net Income Common Stockholders": 92847000.0,
        "Net Income": 92847000.0,
        "Net Income Including Noncontrolling Interests": 92847000.0,
        "Net Income Continuous Operations": 92847000.0,
        "Tax Provision": 31380000.0,
        "Pretax Income": 124227000.0,
        "Other Income Expense": 2697000.0,
        "Special Income Charges": 3965000.0,
        "Gain On Sale Of Ppe": 3996000.0,
        "Gain On Sale Of Business": NaN,
        "Restructuring And Mergern Acquisition": 31000.0,
        "Gain On Sale Of Security": -1268000.0,
        "Net Non Operating Interest Income Expense": -26030000.0,
        "Total Other Finance Cost": 3676000.0,
        "Interest Expense Non Operating": 27506000.0,
        "Interest Income Non Operating": 5152000.0,
        "Operating Income": 147560000.0,
        "Operating Expense": 104858000.0,
        "Other Operating Expenses": 104858000.0,
        "Gross Profit": 252418000.0,
        "Cost Of Revenue": 1618397000.0,
        "Total Revenue": 1870815000.0,
        "Operating Revenue": 1870815000.0
    },
    "2024-06-30": {
        "Tax Effect Of Unusual Items": 0.0,
        "Tax Rate For Calcs": 0.15,
        "Normalized EBITDA": 208100000.0,
        "Total Unusual Items": NaN,
        "Total Unusual Items Excluding Goodwill": NaN,
        "Net Income From Continuing Operation Net Minority Interest": 117800000.0,
        "Reconciled Depreciation": NaN,
        "Reconciled Cost Of Revenue": NaN,
        "EBITDA": 208100000.0,
        "EBIT": 208100000.0,
        "Net Interest Income": NaN,
        "Interest Expense": NaN,
        "Interest Income": NaN,
        "Normalized Income": 117800000.0,
        "Net Income From Continuing And Discontinued Operation": 117800000.0,
        "Total Expenses": NaN,
        "Total Operating Income As Reported": 208100000.0,
        "Diluted Average Shares": 85124000.0,
        "Basic Average Shares": 84500000.0,
        "Diluted EPS": 1.38,
        "Basic EPS": 1.394083,
        "Diluted NI Availto Com Stockholders": 117800000.0,
        "Net Income Common Stockholders": 117800000.0,
        "Net Income": 117800000.0,
        "Net Income Including Noncontrolling Interests": 117800000.0,
        "Net Income Continuous Operations": 117800000.0,
        "Tax Provision": NaN,
        "Pretax Income": NaN,
        "Other Income Expense": NaN,
        "Special Income Charges": NaN,
        "Gain On Sale Of Ppe": NaN,
        "Gain On Sale Of Business": NaN,
        "Restructuring And Mergern Acquisition": NaN,
        "Gain On Sale Of Security": NaN,
        "Net Non Operating Interest Income Expense": NaN,
        "Total Other Finance Cost": NaN,
        "Interest Expense Non Operating": NaN,
        "Interest Income Non Operating": NaN,
        "Operating Income": 208100000.0,
        "Operating Expense": NaN,
        "Other Operating Expenses": NaN,
        "Gross Profit": NaN,
        "Cost Of Revenue": NaN,
        "Total Revenue": 2264500000.0,
        "Operating Revenue": 2264500000.0
    }
}