{
    "2023-03-31": {
        "Tax Effect Of Unusual Items": NaN,
        "Tax Rate For Calcs": NaN,
        "Normalized EBITDA": NaN,
        "Total Unusual Items": NaN,
        "Total Unusual Items Excluding Goodwill": NaN,
        "Net Income From Continuing Operation Net Minority Interest": NaN,
        "Reconciled Depreciation": NaN,
        "Reconciled Cost Of Revenue": NaN,
        "EBITDA": NaN,
        "EBIT": NaN,
        "Net Interest Income": NaN,
        "Interest Expense": NaN,
        "Normalized Income": NaN,
        "Net Income From Continuing And Discontinued Operation": NaN,
        "Total Expenses": NaN,
        "Diluted Average Shares": NaN,
        "Basic Average Shares": NaN,
        "Diluted EPS": NaN,
        "Basic EPS": NaN,
        "Diluted NI Availto Com Stockholders": NaN,
        "Net Income Common Stockholders": NaN,
        "Net Income": NaN,
        "Net Income Including Noncontrolling Interests": NaN,
        "Net Income Continuous Operations": NaN,
        "Tax Provision": NaN,
        "Pretax Income": NaN,
        "Other Income Expense": NaN,
        "Other Non Operating Income Expenses": NaN,
        "Special Income Charges": NaN,
        "Gain On Sale Of Business": 262000.0,
        "Other Special Charges": NaN,
        "Write Off": NaN,
        "Impairment Of Capital Assets": NaN,
        "Net Non Operating Interest Income Expense": NaN,
        "Interest Expense Non Operating": NaN,
        "Operating Income": NaN,
        "Operating Expense": NaN,
        "Depreciation Amortization Depletion Income Statement": NaN,
        "Depreciation And Amortization In Income Statement": NaN,
        "Amortization": NaN,
        "Amortization Of Intangibles Income Statement": NaN,
        "Research And Development": NaN,
        "Selling General And Administration": NaN,
        "General And Administrative Expense": NaN,
        "Other Gand A": NaN,
        "Salaries And Wages": NaN,
        "Gross Profit": NaN,
        "Cost Of Revenue": NaN,
        "Total Revenue": NaN,
        "Operating Revenue": NaN
    },
    "2022-12-31": {
        "Tax Effect Of Unusual Items": NaN,
        "Tax Rate For Calcs": NaN,
        "Normalized EBITDA": NaN,
        "Total Unusual Items": NaN,
        "Total Unusual Items Excluding Goodwill": NaN,
        "Net Income From Continuing Operation Net Minority Interest": NaN,
        "Reconciled Depreciation": NaN,
        "Reconciled Cost Of Revenue": NaN,
        "EBITDA": NaN,
        "EBIT": NaN,
        "Net Interest Income": NaN,
        "Interest Expense": NaN,
        "Normalized Income": NaN,
        "Net Income From Continuing And Discontinued Operation": NaN,
        "Total Expenses": NaN,
        "Diluted Average Shares": NaN,
        "Basic Average Shares": NaN,
        "Diluted EPS": NaN,
        "Basic EPS": NaN,
        "Diluted NI Availto Com Stockholders": NaN,
        "Net Income Common Stockholders": NaN,
        "Net Income": NaN,
        "Net Income Including Noncontrolling Interests": NaN,
        "Net Income Discontinuous Operations": 6000.0,
        "Net Income Continuous Operations": NaN,
        "Tax Provision": NaN,
        "Pretax Income": NaN,
        "Other Income Expense": NaN,
        "Other Non Operating Income Expenses": NaN,
        "Special Income Charges": NaN,
        "Gain On Sale Of Business": NaN,
        "Other Special Charges": NaN,
        "Write Off": NaN,
        "Impairment Of Capital Assets": NaN,
        "Gain On Sale Of Security": 0.0,
        "Net Non Operating Interest Income Expense": NaN,
        "Interest Expense Non Operating": NaN,
        "Operating Income": NaN,
        "Operating Expense": NaN,
        "Other Taxes": 0.0,
        "Depreciation Amortization Depletion Income Statement": NaN,
        "Depreciation And Amortization In Income Statement": NaN,
        "Amortization": NaN,
        "Amortization Of Intangibles Income Statement": NaN,
        "Research And Development": NaN,
        "Selling General And Administration": NaN,
        "General And Administrative Expense": NaN,
        "Other Gand A": NaN,
        "Salaries And Wages": NaN,
        "Gross Profit": NaN,
        "Cost Of Revenue": NaN,
        "Total Revenue": NaN,
        "Operating Revenue": NaN
    },
    "2022-09-30": {
        "Tax Effect Of Unusual Items": NaN,
        "Tax Rate For Calcs": NaN,
        "Normalized EBITDA": NaN,
        "Total Unusual Items": NaN,
        "Total Unusual Items Excluding Goodwill": NaN,
        "Net Income From Continuing Operation Net Minority Interest": NaN,
        "Reconciled Depreciation": NaN,
        "Reconciled Cost Of Revenue": NaN,
        "EBITDA": NaN,
        "EBIT": NaN,
        "Net Interest Income": NaN,
        "Interest Expense": NaN,
        "Normalized Income": NaN,
        "Net Income From Continuing And Discontinued Operation": NaN,
        "Total Expenses": NaN,
        "Diluted Average Shares": NaN,
        "Basic Average Shares": NaN,
        "Diluted EPS": NaN,
        "Basic EPS": NaN,
        "Diluted NI Availto Com Stockholders": NaN,
        "Net Income Common Stockholders": NaN,
        "Net Income": NaN,
        "Net Income Including Noncontrolling Interests": NaN,
        "Net Income Discontinuous Operations": 21000.0,
        "Net Income Continuous Operations": NaN,
        "Tax Provision": NaN,
        "Pretax Income": NaN,
        "Other Income Expense": NaN,
        "Other Non Operating Income Expenses": NaN,
        "Special Income Charges": NaN,
        "Gain On Sale Of Business": NaN,
        "Other Special Charges": NaN,
        "Write Off": NaN,
        "Impairment Of Capital Assets": 0.0,
        "Gain On Sale Of Security": NaN,
        "Net Non Operating Interest Income Expense": NaN,
        "Interest Expense Non Operating": NaN,
        "Operating Income": NaN,
        "Operating Expense": NaN,
        "Other Taxes": 0.0,
        "Depreciation Amortization Depletion Income Statement": NaN,
        "Depreciation And Amortization In Income Statement": NaN,
        "Amortization": NaN,
        "Amortization Of Intangibles Income Statement": NaN,
        "Research And Development": NaN,
        "Selling General And Administration": NaN,
        "General And Administrative Expense": NaN,
        "Other Gand A": NaN,
        "Salaries And Wages": NaN,
        "Gross Profit": NaN,
        "Cost Of Revenue": NaN,
        "Total Revenue": NaN,
        "Operating Revenue": NaN
    },
    "2022-06-30": {
        "Tax Effect Of Unusual Items": 321048.0,
        "Tax Rate For Calcs": 0.273,
        "Normalized EBITDA": 26775000.0,
        "Total Unusual Items": 1176000.0,
        "Total Unusual Items Excluding Goodwill": 1176000.0,
        "Net Income From Continuing Operation Net Minority Interest": 14788000.0,
        "Reconciled Depreciation": 6373000.0,
        "Reconciled Cost Of Revenue": 223417000.0,
        "EBITDA": 27951000.0,
        "EBIT": 21578000.0,
        "Net Interest Income": -1234000.0,
        "Interest Expense": 1234000.0,
        "Normalized Income": 13933048.0,
        "Net Income From Continuing And Discontinued Operation": 14869000.0,
        "Total Expenses": 253912000.0,
        "Diluted Average Shares": 33854000.0,
        "Basic Average Shares": 33814000.0,
        "Diluted EPS": 0.44,
        "Basic EPS": 0.44,
        "Diluted NI Availto Com Stockholders": 14869000.0,
        "Net Income Common Stockholders": 14869000.0,
        "Net Income": 14869000.0,
        "Net Income Including Noncontrolling Interests": 14869000.0,
        "Net Income Discontinuous Operations": 81000.0,
        "Net Income Continuous Operations": 14788000.0,
        "Tax Provision": 5556000.0,
        "Pretax Income": 20344000.0,
        "Other Income Expense": 1127000.0,
        "Other Non Operating Income Expenses": -49000.0,
        "Special Income Charges": -230000.0,
        "Gain On Sale Of Business": NaN,
        "Other Special Charges": 96000.0,
        "Write Off": 134000.0,
        "Impairment Of Capital Assets": NaN,
        "Gain On Sale Of Security": 1406000.0,
        "Net Non Operating Interest Income Expense": -1234000.0,
        "Interest Expense Non Operating": 1234000.0,
        "Operating Income": 20451000.0,
        "Operating Expense": 24788000.0,
        "Other Taxes": 0.0,
        "Depreciation Amortization Depletion Income Statement": 666000.0,
        "Depreciation And Amortization In Income Statement": 666000.0,
        "Amortization": 666000.0,
        "Amortization Of Intangibles Income Statement": 666000.0,
        "Research And Development": 1754000.0,
        "Selling General And Administration": 22368000.0,
        "General And Administrative Expense": 22368000.0,
        "Other Gand A": 18862000.0,
        "Salaries And Wages": 3506000.0,
        "Gross Profit": 45239000.0,
        "Cost Of Revenue": 229124000.0,
        "Total Revenue": 274363000.0,
        "Operating Revenue": 274363000.0
    },
    "2023-06-30": {
        "Tax Effect Of Unusual Items": NaN,
        "Tax Rate For Calcs": NaN,
        "Normalized EBITDA": NaN,
        "Total Unusual Items": NaN,
        "Total Unusual Items Excluding Goodwill": NaN,
        "Net Income From Continuing Operation Net Minority Interest": NaN,
        "Reconciled Depreciation": NaN,
        "Reconciled Cost Of Revenue": NaN,
        "EBITDA": NaN,
        "EBIT": NaN,
        "Net Interest Income": NaN,
        "Interest Expense": NaN,
        "Normalized Income": NaN,
        "Net Income From Continuing And Discontinued Operation": NaN,
        "Total Expenses": NaN,
        "Diluted Average Shares": 34079000.0,
        "Basic Average Shares": 34079000.0,
        "Diluted EPS": -0.56,
        "Basic EPS": -0.56,
        "Diluted NI Availto Com Stockholders": NaN,
        "Net Income Common Stockholders": NaN,
        "Net Income": NaN,
        "Net Income Including Noncontrolling Interests": NaN,
        "Net Income Continuous Operations": NaN,
        "Tax Provision": NaN,
        "Pretax Income": NaN,
        "Other Income Expense": NaN,
        "Other Non Operating Income Expenses": NaN,
        "Special Income Charges": NaN,
        "Other Special Charges": NaN,
        "Write Off": NaN,
        "Impairment Of Capital Assets": 15413000.0,
        "Net Non Operating Interest Income Expense": NaN,
        "Interest Expense Non Operating": NaN,
        "Operating Income": NaN,
        "Operating Expense": NaN,
        "Depreciation Amortization Depletion Income Statement": NaN,
        "Depreciation And Amortization In Income Statement": NaN,
        "Amortization": NaN,
        "Amortization Of Intangibles Income Statement": NaN,
        "Research And Development": NaN,
        "Selling General And Administration": NaN,
        "General And Administrative Expense": NaN,
        "Other Gand A": NaN,
        "Salaries And Wages": NaN,
        "Gross Profit": NaN,
        "Cost Of Revenue": NaN,
        "Total Revenue": NaN,
        "Operating Revenue": NaN
    },
    "2023-09-30": {
        "Tax Effect Of Unusual Items": -10392107.0,
        "Tax Rate For Calcs": 0.209,
        "Normalized EBITDA": -3264000.0,
        "Total Unusual Items": -49723000.0,
        "Total Unusual Items Excluding Goodwill": -49723000.0,
        "Net Income From Continuing Operation Net Minority Interest": -50380000.0,
        "Reconciled Depreciation": 7594000.0,
        "Reconciled Cost Of Revenue": 144143000.0,
        "EBITDA": -52987000.0,
        "EBIT": -60581000.0,
        "Net Interest Income": -3106000.0,
        "Interest Expense": 3106000.0,
        "Normalized Income": -11049107.0,
        "Net Income From Continuing And Discontinued Operation": -50380000.0,
        "Total Expenses": 176999000.0,
        "Diluted Average Shares": 34264000.0,
        "Basic Average Shares": 34264000.0,
        "Diluted EPS": -1.47,
        "Basic EPS": -1.47,
        "Diluted NI Availto Com Stockholders": -50380000.0,
        "Net Income Common Stockholders": -50380000.0,
        "Net Income": -50380000.0,
        "Net Income Including Noncontrolling Interests": -50380000.0,
        "Net Income Continuous Operations": -50380000.0,
        "Tax Provision": -13307000.0,
        "Pretax Income": -63687000.0,
        "Other Income Expense": -49774000.0,
        "Other Non Operating Income Expenses": -51000.0,
        "Special Income Charges": -49723000.0,
        "Other Special Charges": 25612000.0,
        "Write Off": 4633000.0,
        "Impairment Of Capital Assets": 19478000.0,
        "Net Non Operating Interest Income Expense": -3106000.0,
        "Interest Expense Non Operating": 3106000.0,
        "Operating Income": -10807000.0,
        "Operating Expense": 25727000.0,
        "Depreciation Amortization Depletion Income Statement": 465000.0,
        "Depreciation And Amortization In Income Statement": 465000.0,
        "Amortization": 465000.0,
        "Amortization Of Intangibles Income Statement": 465000.0,
        "Research And Development": 794000.0,
        "Selling General And Administration": 24468000.0,
        "General And Administrative Expense": 24468000.0,
        "Other Gand A": 21350000.0,
        "Salaries And Wages": 3118000.0,
        "Gross Profit": 14920000.0,
        "Cost Of Revenue": 151272000.0,
        "Total Revenue": 166192000.0,
        "Operating Revenue": 166192000.0
    },
    "2023-12-31": {
        "Tax Effect Of Unusual Items": -14102130.0,
        "Tax Rate For Calcs": 0.21,
        "Normalized EBITDA": 4294000.0,
        "Total Unusual Items": -67153000.0,
        "Total Unusual Items Excluding Goodwill": -67153000.0,
        "Net Income From Continuing Operation Net Minority Interest": -35591000.0,
        "Reconciled Depreciation": 6734000.0,
        "Reconciled Cost Of Revenue": 142464000.0,
        "EBITDA": -62859000.0,
        "EBIT": -69593000.0,
        "Net Interest Income": -3816000.0,
        "Interest Expense": 3816000.0,
        "Normalized Income": 17459870.0,
        "Net Income From Continuing And Discontinued Operation": -35591000.0,
        "Total Expenses": 171436000.0,
        "Diluted Average Shares": NaN,
        "Basic Average Shares": NaN,
        "Diluted EPS": NaN,
        "Basic EPS": NaN,
        "Diluted NI Availto Com Stockholders": -35591000.0,
        "Net Income Common Stockholders": -35591000.0,
        "Net Income": -35591000.0,
        "Net Income Including Noncontrolling Interests": -35591000.0,
        "Net Income Continuous Operations": -35591000.0,
        "Tax Provision": -37818000.0,
        "Pretax Income": -73409000.0,
        "Other Income Expense": -67501000.0,
        "Other Non Operating Income Expenses": -348000.0,
        "Special Income Charges": -66891000.0,
        "Other Special Charges": 66688000.0,
        "Write Off": 465000.0,
        "Impairment Of Capital Assets": 0.0,
        "Net Non Operating Interest Income Expense": -3816000.0,
        "Interest Expense Non Operating": 3816000.0,
        "Operating Income": -2092000.0,
        "Operating Expense": 22702000.0,
        "Depreciation Amortization Depletion Income Statement": 464000.0,
        "Depreciation And Amortization In Income Statement": 464000.0,
        "Amortization": 464000.0,
        "Amortization Of Intangibles Income Statement": 464000.0,
        "Research And Development": 386000.0,
        "Selling General And Administration": 21852000.0,
        "General And Administrative Expense": 21852000.0,
        "Other Gand A": 18963000.0,
        "Salaries And Wages": 2889000.0,
        "Gross Profit": 20610000.0,
        "Cost Of Revenue": 148734000.0,
        "Total Revenue": 169344000.0,
        "Operating Revenue": 169344000.0
    },
    "2024-03-31": {
        "Tax Effect Of Unusual Items": -84669.0,
        "Tax Rate For Calcs": 0.167,
        "Normalized EBITDA": 14623000.0,
        "Total Unusual Items": -507000.0,
        "Total Unusual Items Excluding Goodwill": -507000.0,
        "Net Income From Continuing Operation Net Minority Interest": 3288000.0,
        "Reconciled Depreciation": 6716000.0,
        "Reconciled Cost Of Revenue": 142457000.0,
        "EBITDA": 14116000.0,
        "EBIT": 7400000.0,
        "Net Interest Income": -3455000.0,
        "Interest Expense": 3455000.0,
        "Normalized Income": 3710331.0,
        "Net Income From Continuing And Discontinued Operation": 3288000.0,
        "Total Expenses": 167837000.0,
        "Diluted Average Shares": 34323000.0,
        "Basic Average Shares": 34323000.0,
        "Diluted EPS": 0.1,
        "Basic EPS": 0.1,
        "Diluted NI Availto Com Stockholders": 3288000.0,
        "Net Income Common Stockholders": 3288000.0,
        "Net Income": 3288000.0,
        "Net Income Including Noncontrolling Interests": 3288000.0,
        "Net Income Continuous Operations": 3288000.0,
        "Tax Provision": 657000.0,
        "Pretax Income": 3945000.0,
        "Other Income Expense": -499000.0,
        "Other Non Operating Income Expenses": 8000.0,
        "Special Income Charges": -507000.0,
        "Other Special Charges": NaN,
        "Write Off": 507000.0,
        "Impairment Of Capital Assets": NaN,
        "Net Non Operating Interest Income Expense": -3455000.0,
        "Interest Expense Non Operating": 3455000.0,
        "Operating Income": 7899000.0,
        "Operating Expense": 19128000.0,
        "Depreciation Amortization Depletion Income Statement": 464000.0,
        "Depreciation And Amortization In Income Statement": 464000.0,
        "Amortization": 464000.0,
        "Amortization Of Intangibles Income Statement": 464000.0,
        "Research And Development": 352000.0,
        "Selling General And Administration": 18312000.0,
        "General And Administrative Expense": 18312000.0,
        "Other Gand A": 18258000.0,
        "Salaries And Wages": 54000.0,
        "Gross Profit": 27027000.0,
        "Cost Of Revenue": 148709000.0,
        "Total Revenue": 175736000.0,
        "Operating Revenue": 175736000.0
    },
    "2024-06-30": {
        "Tax Effect Of Unusual Items": -14640.0,
        "Tax Rate For Calcs": 0.183,
        "Normalized EBITDA": 20808000.0,
        "Total Unusual Items": -80000.0,
        "Total Unusual Items Excluding Goodwill": -80000.0,
        "Net Income From Continuing Operation Net Minority Interest": 8792000.0,
        "Reconciled Depreciation": 6589000.0,
        "Reconciled Cost Of Revenue": 149642000.0,
        "EBITDA": 20728000.0,
        "EBIT": 14139000.0,
        "Net Interest Income": -3379000.0,
        "Interest Expense": 3379000.0,
        "Normalized Income": 8857360.0,
        "Net Income From Continuing And Discontinued Operation": 8792000.0,
        "Total Expenses": 176339000.0,
        "Diluted Average Shares": 34378000.0,
        "Basic Average Shares": 34378000.0,
        "Diluted EPS": 0.26,
        "Basic EPS": 0.26,
        "Diluted NI Availto Com Stockholders": 8792000.0,
        "Net Income Common Stockholders": 8792000.0,
        "Net Income": 8792000.0,
        "Net Income Including Noncontrolling Interests": 8792000.0,
        "Net Income Continuous Operations": 8792000.0,
        "Tax Provision": 1968000.0,
        "Pretax Income": 10760000.0,
        "Other Income Expense": 243000.0,
        "Other Non Operating Income Expenses": 323000.0,
        "Special Income Charges": -80000.0,
        "Other Special Charges": NaN,
        "Write Off": 80000.0,
        "Impairment Of Capital Assets": 0.0,
        "Net Non Operating Interest Income Expense": -3379000.0,
        "Interest Expense Non Operating": 3379000.0,
        "Operating Income": 13896000.0,
        "Operating Expense": 20591000.0,
        "Depreciation Amortization Depletion Income Statement": 483000.0,
        "Depreciation And Amortization In Income Statement": 483000.0,
        "Amortization": 483000.0,
        "Amortization Of Intangibles Income Statement": 483000.0,
        "Research And Development": 167000.0,
        "Selling General And Administration": 19941000.0,
        "General And Administrative Expense": 19941000.0,
        "Other Gand A": 19887000.0,
        "Salaries And Wages": 54000.0,
        "Gross Profit": 34487000.0,
        "Cost Of Revenue": 155748000.0,
        "Total Revenue": 190235000.0,
        "Operating Revenue": 190235000.0
    },
    "2024-09-30": {
        "Tax Effect Of Unusual Items": 0.0,
        "Tax Rate For Calcs": 0.21,
        "Normalized EBITDA": 6959000.0,
        "Total Unusual Items": 0.0,
        "Total Unusual Items Excluding Goodwill": 0.0,
        "Net Income From Continuing Operation Net Minority Interest": -3946000.0,
        "Reconciled Depreciation": 6477000.0,
        "Reconciled Cost Of Revenue": 152746000.0,
        "EBITDA": 6959000.0,
        "EBIT": 482000.0,
        "Net Interest Income": -3480000.0,
        "Interest Expense": 3480000.0,
        "Normalized Income": -3946000.0,
        "Net Income From Continuing And Discontinued Operation": -3946000.0,
        "Total Expenses": 181547000.0,
        "Diluted Average Shares": 34391000.0,
        "Basic Average Shares": 34391000.0,
        "Diluted EPS": -0.11,
        "Basic EPS": -0.11,
        "Diluted NI Availto Com Stockholders": -3946000.0,
        "Net Income Common Stockholders": -3946000.0,
        "Net Income": -3946000.0,
        "Net Income Including Noncontrolling Interests": -3946000.0,
        "Net Income Continuous Operations": -3946000.0,
        "Tax Provision": 948000.0,
        "Pretax Income": -2998000.0,
        "Other Income Expense": -22000.0,
        "Other Non Operating Income Expenses": -22000.0,
        "Special Income Charges": 0.0,
        "Other Special Charges": NaN,
        "Write Off": 0.0,
        "Impairment Of Capital Assets": 0.0,
        "Net Non Operating Interest Income Expense": -3480000.0,
        "Interest Expense Non Operating": 3480000.0,
        "Operating Income": 504000.0,
        "Operating Expense": 22786000.0,
        "Depreciation Amortization Depletion Income Statement": 462000.0,
        "Depreciation And Amortization In Income Statement": 462000.0,
        "Amortization": 462000.0,
        "Amortization Of Intangibles Income Statement": 462000.0,
        "Research And Development": 475000.0,
        "Selling General And Administration": 21849000.0,
        "General And Administrative Expense": 21849000.0,
        "Other Gand A": 21795000.0,
        "Salaries And Wages": 54000.0,
        "Gross Profit": 23290000.0,
        "Cost Of Revenue": 158761000.0,
        "Total Revenue": 182051000.0,
        "Operating Revenue": 182051000.0
    }
}