{
    "2023-03-31": {
        "Tax Effect Of Unusual Items": 0.0,
        "Tax Rate For Calcs": 0.0,
        "Normalized EBITDA": -8220000.0,
        "Net Income From Continuing Operation Net Minority Interest": -8790000.0,
        "Reconciled Depreciation": 390000.0,
        "Reconciled Cost Of Revenue": 3017000.0,
        "EBITDA": -8220000.0,
        "EBIT": -8610000.0,
        "Net Interest Income": -180000.0,
        "Interest Expense": 180000.0,
        "Normalized Income": -8790000.0,
        "Net Income From Continuing And Discontinued Operation": -8790000.0,
        "Total Expenses": 11535000.0,
        "Total Operating Income As Reported": -8343000.0,
        "Diluted Average Shares": 57127544.0,
        "Basic Average Shares": 57127544.0,
        "Diluted EPS": -0.15,
        "Basic EPS": -0.15,
        "Diluted NI Availto Com Stockholders": -8790000.0,
        "Net Income Common Stockholders": -8790000.0,
        "Otherunder Preferred Stock Dividend": NaN,
        "Net Income": -8790000.0,
        "Net Income Including Noncontrolling Interests": -8790000.0,
        "Net Income Continuous Operations": -8790000.0,
        "Tax Provision": 0.0,
        "Pretax Income": -8790000.0,
        "Other Income Expense": -267000.0,
        "Other Non Operating Income Expenses": 392000.0,
        "Earnings From Equity Interest": -659000.0,
        "Net Non Operating Interest Income Expense": -180000.0,
        "Interest Expense Non Operating": 180000.0,
        "Operating Income": -8343000.0,
        "Operating Expense": 8518000.0,
        "Research And Development": 3013000.0,
        "Selling General And Administration": 5505000.0,
        "Selling And Marketing Expense": 1651000.0,
        "General And Administrative Expense": 3854000.0,
        "Other Gand A": 3854000.0,
        "Gross Profit": 175000.0,
        "Cost Of Revenue": 3017000.0,
        "Total Revenue": 3192000.0,
        "Operating Revenue": 3192000.0
    },
    "2022-12-31": {
        "Tax Effect Of Unusual Items": 0.0,
        "Tax Rate For Calcs": 0.0,
        "Normalized EBITDA": -9883000.0,
        "Net Income From Continuing Operation Net Minority Interest": -10460000.0,
        "Reconciled Depreciation": 393000.0,
        "Reconciled Cost Of Revenue": 7162000.0,
        "EBITDA": -9883000.0,
        "EBIT": -10276000.0,
        "Net Interest Income": -184000.0,
        "Interest Expense": 184000.0,
        "Normalized Income": -10460000.0,
        "Net Income From Continuing And Discontinued Operation": -10460000.0,
        "Total Expenses": 14391000.0,
        "Total Operating Income As Reported": -9898000.0,
        "Diluted Average Shares": 56739450.0,
        "Basic Average Shares": 56739450.0,
        "Diluted EPS": -0.18,
        "Basic EPS": -0.18,
        "Diluted NI Availto Com Stockholders": -10460000.0,
        "Net Income Common Stockholders": -10460000.0,
        "Otherunder Preferred Stock Dividend": NaN,
        "Net Income": -10460000.0,
        "Net Income Including Noncontrolling Interests": -10460000.0,
        "Net Income Continuous Operations": -10460000.0,
        "Tax Provision": 0.0,
        "Pretax Income": -10460000.0,
        "Other Income Expense": -378000.0,
        "Other Non Operating Income Expenses": 421000.0,
        "Earnings From Equity Interest": -799000.0,
        "Net Non Operating Interest Income Expense": -184000.0,
        "Interest Expense Non Operating": 184000.0,
        "Operating Income": -9898000.0,
        "Operating Expense": 7229000.0,
        "Research And Development": 2325000.0,
        "Selling General And Administration": 4904000.0,
        "Selling And Marketing Expense": 1447000.0,
        "General And Administrative Expense": 3457000.0,
        "Other Gand A": 3457000.0,
        "Gross Profit": -2669000.0,
        "Cost Of Revenue": 7162000.0,
        "Total Revenue": 4493000.0,
        "Operating Revenue": 4493000.0
    },
    "2022-09-30": {
        "Tax Effect Of Unusual Items": 0.0,
        "Tax Rate For Calcs": 0.0,
        "Normalized EBITDA": -5811000.0,
        "Net Income From Continuing Operation Net Minority Interest": -5995000.0,
        "Reconciled Depreciation": 375000.0,
        "Reconciled Cost Of Revenue": 3232000.0,
        "EBITDA": -5811000.0,
        "EBIT": -5811000.0,
        "Net Interest Income": -184000.0,
        "Interest Expense": 184000.0,
        "Normalized Income": -5995000.0,
        "Net Income From Continuing And Discontinued Operation": -5995000.0,
        "Total Expenses": 9172000.0,
        "Total Operating Income As Reported": -5502000.0,
        "Diluted Average Shares": 56619662.0,
        "Basic Average Shares": 56619662.0,
        "Diluted EPS": -0.1,
        "Basic EPS": -0.1,
        "Diluted NI Availto Com Stockholders": -5995000.0,
        "Net Income Common Stockholders": -5995000.0,
        "Otherunder Preferred Stock Dividend": NaN,
        "Net Income": -5995000.0,
        "Net Income Including Noncontrolling Interests": -5995000.0,
        "Net Income Continuous Operations": -5995000.0,
        "Tax Provision": 0.0,
        "Pretax Income": -5995000.0,
        "Other Income Expense": -309000.0,
        "Other Non Operating Income Expenses": 375000.0,
        "Earnings From Equity Interest": -684000.0,
        "Net Non Operating Interest Income Expense": -184000.0,
        "Interest Expense Non Operating": 184000.0,
        "Operating Income": -5502000.0,
        "Operating Expense": 5940000.0,
        "Research And Development": 1830000.0,
        "Selling General And Administration": 4110000.0,
        "Selling And Marketing Expense": 1066000.0,
        "General And Administrative Expense": 3044000.0,
        "Other Gand A": 3044000.0,
        "Gross Profit": 438000.0,
        "Cost Of Revenue": 3232000.0,
        "Total Revenue": 3670000.0,
        "Operating Revenue": 3670000.0
    },
    "2022-06-30": {
        "Tax Effect Of Unusual Items": 0.0,
        "Tax Rate For Calcs": 0.0,
        "Normalized EBITDA": -4795000.0,
        "Net Income From Continuing Operation Net Minority Interest": -5353000.0,
        "Reconciled Depreciation": 376000.0,
        "Reconciled Cost Of Revenue": 4050000.0,
        "EBITDA": -4795000.0,
        "EBIT": -5171000.0,
        "Net Interest Income": -182000.0,
        "Interest Expense": 182000.0,
        "Normalized Income": -5353000.0,
        "Net Income From Continuing And Discontinued Operation": -5353000.0,
        "Total Expenses": 10190000.0,
        "Total Operating Income As Reported": -5034000.0,
        "Diluted Average Shares": 54404830.0,
        "Basic Average Shares": 54404830.0,
        "Diluted EPS": -0.1,
        "Basic EPS": -0.1,
        "Diluted NI Availto Com Stockholders": -5353000.0,
        "Net Income Common Stockholders": -5353000.0,
        "Otherunder Preferred Stock Dividend": NaN,
        "Net Income": -5353000.0,
        "Net Income Including Noncontrolling Interests": -5353000.0,
        "Net Income Continuous Operations": -5353000.0,
        "Tax Provision": 0.0,
        "Pretax Income": -5353000.0,
        "Other Income Expense": -137000.0,
        "Other Non Operating Income Expenses": 445000.0,
        "Earnings From Equity Interest": -582000.0,
        "Net Non Operating Interest Income Expense": -182000.0,
        "Interest Expense Non Operating": 182000.0,
        "Operating Income": -5034000.0,
        "Operating Expense": 6140000.0,
        "Research And Development": 1740000.0,
        "Selling General And Administration": 4400000.0,
        "Selling And Marketing Expense": 1083000.0,
        "General And Administrative Expense": 3317000.0,
        "Other Gand A": 3317000.0,
        "Gross Profit": 1106000.0,
        "Cost Of Revenue": 4050000.0,
        "Total Revenue": 5156000.0,
        "Operating Revenue": 5156000.0
    },
    "2022-03-31": {
        "Diluted EPS": -0.11,
        "Total Revenue": 5,
        "Gross Profit": 1,
        "Operating Income": -4,
        "EBIT": -4,
        "Net Income": -5
    },
    "2021-12-31": {
        "Diluted EPS": -0.08,
        "Total Revenue": 5,
        "Gross Profit": 1,
        "Operating Income": -5,
        "EBIT": -5,
        "Net Income": -4
    },
    "2021-09-30": {
        "Diluted EPS": 0.14,
        "Total Revenue": 11,
        "Gross Profit": 9,
        "Operating Income": 4,
        "EBIT": 4,
        "Net Income": 6
    },
    "2021-06-30": {
        "Diluted EPS": -0.17,
        "Total Revenue": 3,
        "Gross Profit": 1,
        "Operating Income": -5,
        "EBIT": -4,
        "Net Income": -7
    },
    "2021-03-31": {
        "Diluted EPS": 0.0,
        "Total Revenue": NaN,
        "Gross Profit": NaN,
        "Operating Income": NaN,
        "EBIT": NaN,
        "Net Income": NaN
    },
    "2020-12-31": {
        "Diluted EPS": -0.13,
        "Total Revenue": 2,
        "Gross Profit": 0,
        "Operating Income": -4,
        "EBIT": -4,
        "Net Income": -5
    },
    "2020-09-30": {
        "Diluted EPS": -0.19,
        "Total Revenue": 2,
        "Gross Profit": 0,
        "Operating Income": -4,
        "EBIT": -4,
        "Net Income": -7
    },
    "2020-06-30": {
        "Diluted EPS": -0.06,
        "Total Revenue": 6,
        "Gross Profit": 5,
        "Operating Income": 1,
        "EBIT": 1,
        "Net Income": -2
    },
    "2020-03-31": {
        "Diluted EPS": 0.0,
        "Total Revenue": NaN,
        "Gross Profit": NaN,
        "Operating Income": NaN,
        "EBIT": NaN,
        "Net Income": NaN
    },
    "2019-12-31": {
        "Diluted EPS": 0.0,
        "Total Revenue": NaN,
        "Gross Profit": NaN,
        "Operating Income": NaN,
        "EBIT": NaN,
        "Net Income": NaN
    },
    "2019-09-30": {
        "Diluted EPS": -0.19,
        "Total Revenue": 1,
        "Gross Profit": -1,
        "Operating Income": -5,
        "EBIT": -5,
        "Net Income": -5
    },
    "2023-06-30": {
        "Tax Effect Of Unusual Items": 0.0,
        "Tax Rate For Calcs": 0.0,
        "Normalized EBITDA": -7038000.0,
        "Net Income From Continuing Operation Net Minority Interest": -7447000.0,
        "Reconciled Depreciation": 401000.0,
        "Reconciled Cost Of Revenue": 3795000.0,
        "EBITDA": -7038000.0,
        "EBIT": -7439000.0,
        "Net Interest Income": -8000.0,
        "Interest Expense": 8000.0,
        "Normalized Income": -7447000.0,
        "Net Income From Continuing And Discontinued Operation": -7447000.0,
        "Total Expenses": 12662000.0,
        "Total Operating Income As Reported": -6779000.0,
        "Diluted Average Shares": 59264378.0,
        "Basic Average Shares": 59264378.0,
        "Diluted EPS": -0.22,
        "Basic EPS": -0.22,
        "Diluted NI Availto Com Stockholders": -13059000.0,
        "Net Income Common Stockholders": -13059000.0,
        "Otherunder Preferred Stock Dividend": 5612000.0,
        "Net Income": -7447000.0,
        "Net Income Including Noncontrolling Interests": -7447000.0,
        "Net Income Continuous Operations": -7447000.0,
        "Tax Provision": 0.0,
        "Pretax Income": -7447000.0,
        "Other Income Expense": -660000.0,
        "Other Non Operating Income Expenses": 200000.0,
        "Earnings From Equity Interest": -860000.0,
        "Net Non Operating Interest Income Expense": -8000.0,
        "Interest Expense Non Operating": 8000.0,
        "Operating Income": -6779000.0,
        "Operating Expense": 8867000.0,
        "Research And Development": 2869000.0,
        "Selling General And Administration": 5998000.0,
        "Selling And Marketing Expense": 1482000.0,
        "General And Administrative Expense": 4516000.0,
        "Other Gand A": 4516000.0,
        "Gross Profit": 2088000.0,
        "Cost Of Revenue": 3795000.0,
        "Total Revenue": 5883000.0,
        "Operating Revenue": 5883000.0
    }
}