{
    "2024-03-31": {
        "Tax Effect Of Unusual Items": 6775500.0,
        "Tax Rate For Calcs": 0.15,
        "Normalized EBITDA": 29773000.0,
        "Total Unusual Items": 45170000.0,
        "Total Unusual Items Excluding Goodwill": 45170000.0,
        "Net Income From Continuing Operation Net Minority Interest": 18896000.0,
        "Reconciled Depreciation": 15024000.0,
        "Reconciled Cost Of Revenue": 122528000.0,
        "EBITDA": 74943000.0,
        "EBIT": 59919000.0,
        "Net Interest Income": -18763000.0,
        "Interest Expense": 17741000.0,
        "Interest Income": 1086000.0,
        "Normalized Income": -19498500.0,
        "Net Income From Continuing And Discontinued Operation": 18896000.0,
        "Total Expenses": 131314000.0,
        "Diluted Average Shares": 291962000.0,
        "Basic Average Shares": 290465000.0,
        "Diluted EPS": 0.06,
        "Basic EPS": 0.07,
        "Diluted NI Availto Com Stockholders": 18896000.0,
        "Net Income Common Stockholders": 18896000.0,
        "Net Income": 18896000.0,
        "Net Income Including Noncontrolling Interests": 18896000.0,
        "Net Income Continuous Operations": 18896000.0,
        "Tax Provision": 23282000.0,
        "Pretax Income": 42178000.0,
        "Other Income Expense": 45308000.0,
        "Other Non Operating Income Expenses": 138000.0,
        "Special Income Charges": 62408000.0,
        "Other Special Charges": NaN,
        "Restructuring And Mergern Acquisition": -62408000.0,
        "Gain On Sale Of Security": -17238000.0,
        "Net Non Operating Interest Income Expense": -18763000.0,
        "Total Other Finance Cost": 2108000.0,
        "Interest Expense Non Operating": 17741000.0,
        "Interest Income Non Operating": 1086000.0,
        "Operating Income": 15633000.0,
        "Operating Expense": 8786000.0,
        "Other Operating Expenses": 217000.0,
        "Selling General And Administration": 8569000.0,
        "General And Administrative Expense": 8569000.0,
        "Other Gand A": 3129000.0,
        "Salaries And Wages": 5440000.0,
        "Gross Profit": 24419000.0,
        "Cost Of Revenue": 122528000.0,
        "Total Revenue": 146947000.0,
        "Operating Revenue": 152254000.0
    },
    "2023-12-31": {
        "Tax Effect Of Unusual Items": 20158569.950637,
        "Tax Rate For Calcs": 0.335668,
        "Normalized EBITDA": 64979000.0,
        "Total Unusual Items": 60055000.0,
        "Total Unusual Items Excluding Goodwill": 60055000.0,
        "Net Income From Continuing Operation Net Minority Interest": 67425000.0,
        "Reconciled Depreciation": 13326000.0,
        "Reconciled Cost Of Revenue": 93914000.0,
        "EBITDA": 125034000.0,
        "EBIT": 111708000.0,
        "Net Interest Income": -11832000.0,
        "Interest Expense": 10215000.0,
        "Interest Income": 972000.0,
        "Normalized Income": 27528569.950637,
        "Net Income From Continuing And Discontinued Operation": 67425000.0,
        "Total Expenses": 97971000.0,
        "Diluted Average Shares": NaN,
        "Basic Average Shares": NaN,
        "Diluted EPS": NaN,
        "Basic EPS": NaN,
        "Diluted NI Availto Com Stockholders": 67425000.0,
        "Net Income Common Stockholders": 67425000.0,
        "Net Income": 67425000.0,
        "Net Income Including Noncontrolling Interests": 67425000.0,
        "Net Income Continuous Operations": 67425000.0,
        "Tax Provision": 34068000.0,
        "Pretax Income": 101493000.0,
        "Other Income Expense": 57602000.0,
        "Other Non Operating Income Expenses": -2453000.0,
        "Special Income Charges": NaN,
        "Other Special Charges": NaN,
        "Restructuring And Mergern Acquisition": NaN,
        "Gain On Sale Of Security": 13843000.0,
        "Net Non Operating Interest Income Expense": -11832000.0,
        "Total Other Finance Cost": 2589000.0,
        "Interest Expense Non Operating": 10215000.0,
        "Interest Income Non Operating": 972000.0,
        "Operating Income": 55723000.0,
        "Operating Expense": 4057000.0,
        "Other Operating Expenses": -1527000.0,
        "Selling General And Administration": 5584000.0,
        "General And Administrative Expense": 5584000.0,
        "Other Gand A": 4069000.0,
        "Salaries And Wages": 1515000.0,
        "Gross Profit": 59780000.0,
        "Cost Of Revenue": 93914000.0,
        "Total Revenue": 153694000.0,
        "Operating Revenue": 162255000.0
    },
    "2023-09-30": {
        "Tax Effect Of Unusual Items": -7866000.0,
        "Tax Rate For Calcs": 0.4,
        "Normalized EBITDA": 60354000.0,
        "Total Unusual Items": -19665000.0,
        "Total Unusual Items Excluding Goodwill": -19665000.0,
        "Net Income From Continuing Operation Net Minority Interest": 871000.0,
        "Reconciled Depreciation": 15993000.0,
        "Reconciled Cost Of Revenue": 94383000.0,
        "EBITDA": 40689000.0,
        "EBIT": 24696000.0,
        "Net Interest Income": -13963000.0,
        "Interest Expense": 11784000.0,
        "Interest Income": 322000.0,
        "Normalized Income": 12670000.0,
        "Net Income From Continuing And Discontinued Operation": 871000.0,
        "Total Expenses": 97823000.0,
        "Diluted Average Shares": 290945000.0,
        "Basic Average Shares": 288681000.0,
        "Diluted EPS": 0.002994,
        "Basic EPS": 0.003017,
        "Diluted NI Availto Com Stockholders": 871000.0,
        "Net Income Common Stockholders": 871000.0,
        "Net Income": 871000.0,
        "Net Income Including Noncontrolling Interests": 871000.0,
        "Net Income Continuous Operations": 871000.0,
        "Tax Provision": 12041000.0,
        "Pretax Income": 12912000.0,
        "Other Income Expense": -19137000.0,
        "Other Non Operating Income Expenses": 528000.0,
        "Special Income Charges": 0.0,
        "Other Special Charges": NaN,
        "Restructuring And Mergern Acquisition": 0.0,
        "Gain On Sale Of Security": -19665000.0,
        "Net Non Operating Interest Income Expense": -13963000.0,
        "Total Other Finance Cost": 2501000.0,
        "Interest Expense Non Operating": 11784000.0,
        "Interest Income Non Operating": 322000.0,
        "Operating Income": 46012000.0,
        "Operating Expense": 3440000.0,
        "Other Operating Expenses": 259000.0,
        "Selling General And Administration": 3181000.0,
        "General And Administrative Expense": 3181000.0,
        "Other Gand A": 2506000.0,
        "Salaries And Wages": 675000.0,
        "Gross Profit": 49452000.0,
        "Cost Of Revenue": 94383000.0,
        "Total Revenue": 143835000.0,
        "Operating Revenue": 150600000.0
    },
    "2023-06-30": {
        "Tax Effect Of Unusual Items": NaN,
        "Tax Rate For Calcs": NaN,
        "Normalized EBITDA": NaN,
        "Total Unusual Items": NaN,
        "Total Unusual Items Excluding Goodwill": NaN,
        "Net Income From Continuing Operation Net Minority Interest": NaN,
        "Reconciled Depreciation": NaN,
        "Reconciled Cost Of Revenue": NaN,
        "EBITDA": NaN,
        "EBIT": NaN,
        "Net Interest Income": NaN,
        "Interest Expense": NaN,
        "Interest Income": NaN,
        "Normalized Income": NaN,
        "Net Income From Continuing And Discontinued Operation": NaN,
        "Total Expenses": NaN,
        "Diluted Average Shares": 291112000.0,
        "Basic Average Shares": 288519000.0,
        "Diluted EPS": 0.02,
        "Basic EPS": 0.03,
        "Diluted NI Availto Com Stockholders": NaN,
        "Net Income Common Stockholders": NaN,
        "Net Income": NaN,
        "Net Income Including Noncontrolling Interests": NaN,
        "Net Income Continuous Operations": NaN,
        "Tax Provision": NaN,
        "Pretax Income": NaN,
        "Other Income Expense": NaN,
        "Other Non Operating Income Expenses": NaN,
        "Special Income Charges": 0.0,
        "Other Special Charges": NaN,
        "Restructuring And Mergern Acquisition": 0.0,
        "Gain On Sale Of Security": NaN,
        "Net Non Operating Interest Income Expense": NaN,
        "Total Other Finance Cost": NaN,
        "Interest Expense Non Operating": NaN,
        "Interest Income Non Operating": NaN,
        "Operating Income": NaN,
        "Operating Expense": NaN,
        "Other Operating Expenses": NaN,
        "Selling General And Administration": NaN,
        "General And Administrative Expense": NaN,
        "Other Gand A": NaN,
        "Salaries And Wages": NaN,
        "Gross Profit": NaN,
        "Cost Of Revenue": NaN,
        "Total Revenue": NaN,
        "Operating Revenue": NaN
    },
    "2023-03-31": {
        "Tax Effect Of Unusual Items": NaN,
        "Tax Rate For Calcs": NaN,
        "Normalized EBITDA": NaN,
        "Total Unusual Items": NaN,
        "Total Unusual Items Excluding Goodwill": NaN,
        "Net Income From Continuing Operation Net Minority Interest": NaN,
        "Reconciled Depreciation": NaN,
        "Reconciled Cost Of Revenue": NaN,
        "EBITDA": NaN,
        "EBIT": NaN,
        "Net Interest Income": NaN,
        "Interest Expense": NaN,
        "Interest Income": NaN,
        "Normalized Income": NaN,
        "Net Income From Continuing And Discontinued Operation": NaN,
        "Total Expenses": NaN,
        "Diluted Average Shares": 291039000.0,
        "Basic Average Shares": 288007000.0,
        "Diluted EPS": 0.11,
        "Basic EPS": 0.12,
        "Diluted NI Availto Com Stockholders": NaN,
        "Net Income Common Stockholders": NaN,
        "Net Income": NaN,
        "Net Income Including Noncontrolling Interests": NaN,
        "Net Income Continuous Operations": NaN,
        "Tax Provision": NaN,
        "Pretax Income": NaN,
        "Other Income Expense": NaN,
        "Other Non Operating Income Expenses": NaN,
        "Special Income Charges": 46212000.0,
        "Other Special Charges": NaN,
        "Restructuring And Mergern Acquisition": -46212000.0,
        "Gain On Sale Of Security": NaN,
        "Net Non Operating Interest Income Expense": NaN,
        "Total Other Finance Cost": NaN,
        "Interest Expense Non Operating": NaN,
        "Interest Income Non Operating": NaN,
        "Operating Income": NaN,
        "Operating Expense": NaN,
        "Other Operating Expenses": NaN,
        "Selling General And Administration": NaN,
        "General And Administrative Expense": NaN,
        "Other Gand A": NaN,
        "Salaries And Wages": NaN,
        "Gross Profit": NaN,
        "Cost Of Revenue": NaN,
        "Total Revenue": NaN,
        "Operating Revenue": NaN
    },
    "2022-12-31": {
        "Tax Effect Of Unusual Items": NaN,
        "Tax Rate For Calcs": NaN,
        "Normalized EBITDA": NaN,
        "Total Unusual Items": NaN,
        "Total Unusual Items Excluding Goodwill": NaN,
        "Net Income From Continuing Operation Net Minority Interest": NaN,
        "Reconciled Depreciation": NaN,
        "Reconciled Cost Of Revenue": NaN,
        "EBITDA": NaN,
        "EBIT": NaN,
        "Net Interest Income": NaN,
        "Interest Expense": NaN,
        "Interest Income": NaN,
        "Normalized Income": NaN,
        "Net Income From Continuing And Discontinued Operation": NaN,
        "Total Expenses": NaN,
        "Diluted Average Shares": NaN,
        "Basic Average Shares": NaN,
        "Diluted EPS": NaN,
        "Basic EPS": NaN,
        "Diluted NI Availto Com Stockholders": NaN,
        "Net Income Common Stockholders": NaN,
        "Net Income": NaN,
        "Net Income Including Noncontrolling Interests": NaN,
        "Net Income Continuous Operations": NaN,
        "Tax Provision": NaN,
        "Pretax Income": NaN,
        "Other Income Expense": NaN,
        "Other Non Operating Income Expenses": NaN,
        "Special Income Charges": 0.0,
        "Other Special Charges": NaN,
        "Restructuring And Mergern Acquisition": NaN,
        "Gain On Sale Of Security": NaN,
        "Net Non Operating Interest Income Expense": NaN,
        "Total Other Finance Cost": NaN,
        "Interest Expense Non Operating": NaN,
        "Interest Income Non Operating": NaN,
        "Operating Income": NaN,
        "Operating Expense": NaN,
        "Other Operating Expenses": NaN,
        "Selling General And Administration": NaN,
        "General And Administrative Expense": NaN,
        "Other Gand A": NaN,
        "Salaries And Wages": NaN,
        "Gross Profit": NaN,
        "Cost Of Revenue": NaN,
        "Total Revenue": NaN,
        "Operating Revenue": NaN
    },
    "2022-09-30": {
        "Tax Effect Of Unusual Items": NaN,
        "Tax Rate For Calcs": NaN,
        "Normalized EBITDA": NaN,
        "Total Unusual Items": NaN,
        "Total Unusual Items Excluding Goodwill": NaN,
        "Net Income From Continuing Operation Net Minority Interest": NaN,
        "Reconciled Depreciation": NaN,
        "Reconciled Cost Of Revenue": NaN,
        "EBITDA": NaN,
        "EBIT": NaN,
        "Net Interest Income": NaN,
        "Interest Expense": NaN,
        "Interest Income": NaN,
        "Normalized Income": NaN,
        "Net Income From Continuing And Discontinued Operation": NaN,
        "Total Expenses": NaN,
        "Diluted Average Shares": 286377000.0,
        "Basic Average Shares": 286377000.0,
        "Diluted EPS": -0.08,
        "Basic EPS": -0.08,
        "Diluted NI Availto Com Stockholders": NaN,
        "Net Income Common Stockholders": NaN,
        "Net Income": NaN,
        "Net Income Including Noncontrolling Interests": NaN,
        "Net Income Continuous Operations": NaN,
        "Tax Provision": NaN,
        "Pretax Income": NaN,
        "Other Income Expense": NaN,
        "Other Non Operating Income Expenses": NaN,
        "Special Income Charges": 0.0,
        "Restructuring And Mergern Acquisition": NaN,
        "Gain On Sale Of Security": NaN,
        "Net Non Operating Interest Income Expense": NaN,
        "Total Other Finance Cost": NaN,
        "Interest Expense Non Operating": NaN,
        "Interest Income Non Operating": NaN,
        "Operating Income": NaN,
        "Operating Expense": NaN,
        "Other Operating Expenses": NaN,
        "Selling General And Administration": NaN,
        "General And Administrative Expense": NaN,
        "Other Gand A": NaN,
        "Salaries And Wages": NaN,
        "Gross Profit": NaN,
        "Cost Of Revenue": NaN,
        "Total Revenue": NaN,
        "Operating Revenue": NaN
    },
    "2024-06-30": {
        "Tax Effect Of Unusual Items": -1265912.0,
        "Tax Rate For Calcs": 0.229,
        "Normalized EBITDA": 23892000.0,
        "Total Unusual Items": -5528000.0,
        "Total Unusual Items Excluding Goodwill": -5528000.0,
        "Net Income From Continuing Operation Net Minority Interest": -10953000.0,
        "Reconciled Depreciation": 13721000.0,
        "Reconciled Cost Of Revenue": 108637000.0,
        "EBITDA": 18364000.0,
        "EBIT": 4643000.0,
        "Net Interest Income": -20360000.0,
        "Interest Expense": 18843000.0,
        "Interest Income": 911000.0,
        "Normalized Income": -6690912.0,
        "Net Income From Continuing And Discontinued Operation": -10953000.0,
        "Total Expenses": 125643000.0,
        "Diluted Average Shares": 291832000.0,
        "Basic Average Shares": 291832000.0,
        "Diluted EPS": -0.04,
        "Basic EPS": -0.04,
        "Diluted NI Availto Com Stockholders": -10953000.0,
        "Net Income Common Stockholders": -10953000.0,
        "Net Income": -10953000.0,
        "Net Income Including Noncontrolling Interests": -10953000.0,
        "Net Income Continuous Operations": -10953000.0,
        "Tax Provision": -3247000.0,
        "Pretax Income": -14200000.0,
        "Other Income Expense": -5927000.0,
        "Other Non Operating Income Expenses": -399000.0,
        "Special Income Charges": 12073000.0,
        "Other Special Charges": -12073000.0,
        "Restructuring And Mergern Acquisition": 0.0,
        "Gain On Sale Of Security": -17601000.0,
        "Net Non Operating Interest Income Expense": -20360000.0,
        "Total Other Finance Cost": 2428000.0,
        "Interest Expense Non Operating": 18843000.0,
        "Interest Income Non Operating": 911000.0,
        "Operating Income": 12087000.0,
        "Operating Expense": 17006000.0,
        "Other Operating Expenses": 10977000.0,
        "Selling General And Administration": 6029000.0,
        "General And Administrative Expense": 6029000.0,
        "Other Gand A": 3517000.0,
        "Salaries And Wages": 2512000.0,
        "Gross Profit": 29093000.0,
        "Cost Of Revenue": 108637000.0,
        "Total Revenue": 137730000.0,
        "Operating Revenue": 142176000.0
    },
    "2024-09-30": {
        "Tax Effect Of Unusual Items": 711300.0,
        "Tax Rate For Calcs": 0.15,
        "Normalized EBITDA": 38622000.0,
        "Total Unusual Items": 4742000.0,
        "Total Unusual Items Excluding Goodwill": 4742000.0,
        "Net Income From Continuing Operation Net Minority Interest": -180000.0,
        "Reconciled Depreciation": 20466000.0,
        "Reconciled Cost Of Revenue": 124833000.0,
        "EBITDA": 43364000.0,
        "EBIT": 22898000.0,
        "Net Interest Income": -24181000.0,
        "Interest Expense": 23278000.0,
        "Interest Income": 1504000.0,
        "Normalized Income": -4210700.0,
        "Net Income From Continuing And Discontinued Operation": -180000.0,
        "Total Expenses": 136581000.0,
        "Diluted Average Shares": 295051000.0,
        "Basic Average Shares": 295051000.0,
        "Diluted EPS": -0.00061,
        "Basic EPS": -0.00061,
        "Diluted NI Availto Com Stockholders": -180000.0,
        "Net Income Common Stockholders": -180000.0,
        "Net Income": -180000.0,
        "Net Income Including Noncontrolling Interests": -180000.0,
        "Net Income Continuous Operations": -180000.0,
        "Tax Provision": -200000.0,
        "Pretax Income": -380000.0,
        "Other Income Expense": 4765000.0,
        "Other Non Operating Income Expenses": 23000.0,
        "Special Income Charges": 0.0,
        "Other Special Charges": NaN,
        "Restructuring And Mergern Acquisition": 0.0,
        "Gain On Sale Of Security": 4742000.0,
        "Net Non Operating Interest Income Expense": -24181000.0,
        "Total Other Finance Cost": 2407000.0,
        "Interest Expense Non Operating": 23278000.0,
        "Interest Income Non Operating": 1504000.0,
        "Operating Income": 19036000.0,
        "Operating Expense": 11748000.0,
        "Other Operating Expenses": 6771000.0,
        "Selling General And Administration": 4977000.0,
        "General And Administrative Expense": 4977000.0,
        "Other Gand A": 3542000.0,
        "Salaries And Wages": 1435000.0,
        "Gross Profit": 30784000.0,
        "Cost Of Revenue": 124833000.0,
        "Total Revenue": 155617000.0,
        "Operating Revenue": 157169000.0
    }
}