{
    "2023-04-30": {
        "Tax Effect Of Unusual Items": 0.0,
        "Tax Rate For Calcs": 0.211,
        "Normalized EBITDA": 2018000000.0,
        "Net Income From Continuing Operation Net Minority Interest": 950000000.0,
        "Reconciled Depreciation": 667000000.0,
        "Reconciled Cost Of Revenue": 18302000000.0,
        "EBITDA": 2018000000.0,
        "EBIT": 1351000000.0,
        "Net Interest Income": -147000000.0,
        "Interest Expense": 147000000.0,
        "Normalized Income": 950000000.0,
        "Net Income From Continuing And Discontinued Operation": 950000000.0,
        "Total Expenses": 23994000000.0,
        "Total Operating Income As Reported": 1328000000.0,
        "Diluted Average Shares": 462900000.0,
        "Basic Average Shares": 460900000.0,
        "Diluted EPS": 2.05,
        "Basic EPS": 2.06,
        "Diluted NI Availto Com Stockholders": 950000000.0,
        "Net Income Common Stockholders": 950000000.0,
        "Net Income": 950000000.0,
        "Net Income Including Noncontrolling Interests": 950000000.0,
        "Net Income Continuous Operations": 950000000.0,
        "Tax Provision": 254000000.0,
        "Pretax Income": 1204000000.0,
        "Other Income Expense": 23000000.0,
        "Other Non Operating Income Expenses": 23000000.0,
        "Net Non Operating Interest Income Expense": -147000000.0,
        "Interest Expense Non Operating": 147000000.0,
        "Operating Income": 1328000000.0,
        "Operating Expense": 5608000000.0,
        "Depreciation Amortization Depletion Income Statement": 583000000.0,
        "Depreciation And Amortization In Income Statement": 583000000.0,
        "Selling General And Administration": 5025000000.0,
        "Gross Profit": 6936000000.0,
        "Cost Of Revenue": 18386000000.0,
        "Total Revenue": 25322000000.0,
        "Operating Revenue": 24948000000.0
    },
    "2023-01-31": {
        "Tax Effect Of Unusual Items": 0.0,
        "Tax Rate For Calcs": 0.160115,
        "Normalized EBITDA": 1868000000.0,
        "Net Income From Continuing Operation Net Minority Interest": 876000000.0,
        "Reconciled Depreciation": 696000000.0,
        "Reconciled Cost Of Revenue": 23865000000.0,
        "EBITDA": 1868000000.0,
        "EBIT": 1172000000.0,
        "Net Interest Income": -129000000.0,
        "Interest Expense": 129000000.0,
        "Normalized Income": 876000000.0,
        "Net Income From Continuing And Discontinued Operation": 876000000.0,
        "Total Expenses": 30236000000.0,
        "Total Operating Income As Reported": 1159000000.0,
        "Diluted Average Shares": 462700000.0,
        "Basic Average Shares": 460300000.0,
        "Diluted EPS": 1.89,
        "Basic EPS": 1.9,
        "Diluted NI Availto Com Stockholders": 876000000.0,
        "Net Income Common Stockholders": 876000000.0,
        "Net Income": 876000000.0,
        "Net Income Including Noncontrolling Interests": 876000000.0,
        "Net Income Continuous Operations": 876000000.0,
        "Tax Provision": 167000000.0,
        "Pretax Income": 1043000000.0,
        "Other Income Expense": 13000000.0,
        "Other Non Operating Income Expenses": 13000000.0,
        "Net Non Operating Interest Income Expense": -129000000.0,
        "Interest Expense Non Operating": 129000000.0,
        "Operating Income": 1159000000.0,
        "Operating Expense": 6290000000.0,
        "Depreciation Amortization Depletion Income Statement": 615000000.0,
        "Depreciation And Amortization In Income Statement": 615000000.0,
        "Selling General And Administration": 5675000000.0,
        "Gross Profit": 7449000000.0,
        "Cost Of Revenue": 23946000000.0,
        "Total Revenue": 31395000000.0,
        "Operating Revenue": 30983000000.0
    },
    "2022-10-31": {
        "Tax Effect Of Unusual Items": 0.0,
        "Tax Rate For Calcs": 0.216,
        "Normalized EBITDA": 1709000000.0,
        "Net Income From Continuing Operation Net Minority Interest": 712000000.0,
        "Reconciled Depreciation": 675000000.0,
        "Reconciled Cost Of Revenue": 19602000000.0,
        "EBITDA": 1709000000.0,
        "EBIT": 1034000000.0,
        "Net Interest Income": -125000000.0,
        "Interest Expense": 125000000.0,
        "Normalized Income": 712000000.0,
        "Net Income From Continuing And Discontinued Operation": 712000000.0,
        "Total Expenses": 25496000000.0,
        "Total Operating Income As Reported": 1022000000.0,
        "Diluted Average Shares": 462500000.0,
        "Basic Average Shares": 460300000.0,
        "Diluted EPS": 1.54,
        "Basic EPS": 1.55,
        "Diluted NI Availto Com Stockholders": 712000000.0,
        "Net Income Common Stockholders": 712000000.0,
        "Net Income": 712000000.0,
        "Net Income Including Noncontrolling Interests": 712000000.0,
        "Net Income Continuous Operations": 712000000.0,
        "Tax Provision": 197000000.0,
        "Pretax Income": 909000000.0,
        "Other Income Expense": 12000000.0,
        "Other Non Operating Income Expenses": 12000000.0,
        "Net Non Operating Interest Income Expense": -125000000.0,
        "Interest Expense Non Operating": 125000000.0,
        "Operating Income": 1022000000.0,
        "Operating Expense": 5816000000.0,
        "Depreciation Amortization Depletion Income Statement": 597000000.0,
        "Depreciation And Amortization In Income Statement": 597000000.0,
        "Selling General And Administration": 5219000000.0,
        "Gross Profit": 6838000000.0,
        "Cost Of Revenue": 19680000000.0,
        "Total Revenue": 26518000000.0,
        "Operating Revenue": 26122000000.0
    },
    "2022-07-31": {
        "Tax Effect Of Unusual Items": 0.0,
        "Tax Rate For Calcs": 0.158,
        "Normalized EBITDA": 979000000.0,
        "Net Income From Continuing Operation Net Minority Interest": 183000000.0,
        "Reconciled Depreciation": 650000000.0,
        "Reconciled Cost Of Revenue": 20064000000.0,
        "EBITDA": 979000000.0,
        "EBIT": 329000000.0,
        "Net Interest Income": -112000000.0,
        "Interest Expense": 112000000.0,
        "Normalized Income": 183000000.0,
        "Net Income From Continuing And Discontinued Operation": 183000000.0,
        "Total Expenses": 25716000000.0,
        "Total Operating Income As Reported": 321000000.0,
        "Diluted Average Shares": 463600000.0,
        "Basic Average Shares": 461500000.0,
        "Diluted EPS": 0.39,
        "Basic EPS": 0.4,
        "Diluted NI Availto Com Stockholders": 183000000.0,
        "Net Income Common Stockholders": 183000000.0,
        "Net Income": 183000000.0,
        "Net Income Including Noncontrolling Interests": 183000000.0,
        "Net Income Continuous Operations": 183000000.0,
        "Tax Provision": 34000000.0,
        "Pretax Income": 217000000.0,
        "Other Income Expense": 8000000.0,
        "Other Non Operating Income Expenses": 8000000.0,
        "Net Non Operating Interest Income Expense": -112000000.0,
        "Interest Expense Non Operating": 112000000.0,
        "Operating Income": 321000000.0,
        "Operating Expense": 5574000000.0,
        "Depreciation Amortization Depletion Income Statement": 572000000.0,
        "Depreciation And Amortization In Income Statement": 572000000.0,
        "Selling General And Administration": 5002000000.0,
        "Gross Profit": 5895000000.0,
        "Cost Of Revenue": 20142000000.0,
        "Total Revenue": 26037000000.0,
        "Operating Revenue": 25653000000.0
    },
    "2022-04-30": {
        "Diluted EPS": 2.16,
        "Total Revenue": NaN,
        "Gross Profit": NaN,
        "Operating Income": NaN,
        "EBIT": NaN,
        "Net Income": NaN
    },
    "2022-01-31": {
        "Diluted EPS": 3.24,
        "Total Revenue": NaN,
        "Gross Profit": NaN,
        "Operating Income": NaN,
        "EBIT": NaN,
        "Net Income": NaN
    },
    "2021-10-31": {
        "Diluted EPS": 3.04,
        "Total Revenue": NaN,
        "Gross Profit": NaN,
        "Operating Income": NaN,
        "EBIT": NaN,
        "Net Income": NaN
    },
    "2021-07-31": {
        "Diluted EPS": 3.65,
        "Total Revenue": NaN,
        "Gross Profit": NaN,
        "Operating Income": NaN,
        "EBIT": NaN,
        "Net Income": NaN
    },
    "2021-04-30": {
        "Diluted EPS": 4.17,
        "Total Revenue": NaN,
        "Gross Profit": NaN,
        "Operating Income": NaN,
        "EBIT": NaN,
        "Net Income": NaN
    },
    "2021-01-31": {
        "Diluted EPS": 2.72,
        "Total Revenue": NaN,
        "Gross Profit": NaN,
        "Operating Income": NaN,
        "EBIT": NaN,
        "Net Income": NaN
    },
    "2020-10-31": {
        "Diluted EPS": 2.01,
        "Total Revenue": NaN,
        "Gross Profit": NaN,
        "Operating Income": NaN,
        "EBIT": NaN,
        "Net Income": NaN
    },
    "2020-07-31": {
        "Diluted EPS": 3.35,
        "Total Revenue": NaN,
        "Gross Profit": NaN,
        "Operating Income": NaN,
        "EBIT": NaN,
        "Net Income": NaN
    },
    "2020-04-30": {
        "Diluted EPS": 0.56,
        "Total Revenue": NaN,
        "Gross Profit": NaN,
        "Operating Income": 468,
        "EBIT": NaN,
        "Net Income": 284
    },
    "2020-01-31": {
        "Diluted EPS": 1.62,
        "Total Revenue": NaN,
        "Gross Profit": NaN,
        "Operating Income": NaN,
        "EBIT": NaN,
        "Net Income": 834
    },
    "2019-10-31": {
        "Diluted EPS": 1.39,
        "Total Revenue": NaN,
        "Gross Profit": NaN,
        "Operating Income": NaN,
        "EBIT": NaN,
        "Net Income": 714
    },
    "2019-07-31": {
        "Diluted EPS": 1.82,
        "Total Revenue": NaN,
        "Gross Profit": NaN,
        "Operating Income": NaN,
        "EBIT": NaN,
        "Net Income": 938
    },
    "2019-04-30": {
        "Diluted EPS": 1.53,
        "Total Revenue": NaN,
        "Gross Profit": NaN,
        "Operating Income": NaN,
        "EBIT": NaN,
        "Net Income": 795
    },
    "2019-01-31": {
        "Diluted EPS": 1.52,
        "Total Revenue": NaN,
        "Gross Profit": NaN,
        "Operating Income": NaN,
        "EBIT": NaN,
        "Net Income": 798
    },
    "2018-10-31": {
        "Diluted EPS": 1.17,
        "Total Revenue": NaN,
        "Gross Profit": NaN,
        "Operating Income": 819,
        "EBIT": NaN,
        "Net Income": 622
    },
    "2018-07-31": {
        "Diluted EPS": 1.49,
        "Total Revenue": NaN,
        "Gross Profit": NaN,
        "Operating Income": NaN,
        "EBIT": NaN,
        "Net Income": 799
    },
    "2018-04-30": {
        "Diluted EPS": 1.33,
        "Total Revenue": NaN,
        "Gross Profit": NaN,
        "Operating Income": NaN,
        "EBIT": NaN,
        "Net Income": 718
    },
    "2018-01-31": {
        "Diluted EPS": 1.98,
        "Total Revenue": NaN,
        "Gross Profit": NaN,
        "Operating Income": NaN,
        "EBIT": NaN,
        "Net Income": NaN
    },
    "2017-10-31": {
        "Diluted EPS": 0.87,
        "Total Revenue": NaN,
        "Gross Profit": NaN,
        "Operating Income": 847,
        "EBIT": NaN,
        "Net Income": 478
    },
    "2017-07-31": {
        "Diluted EPS": 1.22,
        "Total Revenue": NaN,
        "Gross Profit": NaN,
        "Operating Income": NaN,
        "EBIT": NaN,
        "Net Income": 671
    },
    "2017-04-30": {
        "Diluted EPS": 1.22,
        "Total Revenue": NaN,
        "Gross Profit": NaN,
        "Operating Income": NaN,
        "EBIT": NaN,
        "Net Income": 678
    },
    "2017-01-31": {
        "Diluted EPS": 1.42,
        "Total Revenue": NaN,
        "Gross Profit": NaN,
        "Operating Income": NaN,
        "EBIT": NaN,
        "Net Income": 814
    },
    "2016-10-31": {
        "Diluted EPS": 1.06,
        "Total Revenue": NaN,
        "Gross Profit": NaN,
        "Operating Income": NaN,
        "EBIT": NaN,
        "Net Income": 608
    },
    "2016-07-31": {
        "Diluted EPS": 1.16,
        "Total Revenue": NaN,
        "Gross Profit": NaN,
        "Operating Income": NaN,
        "EBIT": NaN,
        "Net Income": 680
    },
    "2016-04-30": {
        "Diluted EPS": 1.05,
        "Total Revenue": NaN,
        "Gross Profit": NaN,
        "Operating Income": NaN,
        "EBIT": NaN,
        "Net Income": 632
    },
    "2016-01-31": {
        "Diluted EPS": 2.28,
        "Total Revenue": NaN,
        "Gross Profit": NaN,
        "Operating Income": NaN,
        "EBIT": NaN,
        "Net Income": NaN
    },
    "2015-10-31": {
        "Diluted EPS": 0.87,
        "Total Revenue": NaN,
        "Gross Profit": NaN,
        "Operating Income": 876,
        "EBIT": NaN,
        "Net Income": 549
    },
    "2015-07-31": {
        "Diluted EPS": 1.18,
        "Total Revenue": NaN,
        "Gross Profit": NaN,
        "Operating Income": NaN,
        "EBIT": NaN,
        "Net Income": 753
    },
    "2015-04-30": {
        "Diluted EPS": 0.98,
        "Total Revenue": NaN,
        "Gross Profit": NaN,
        "Operating Income": NaN,
        "EBIT": NaN,
        "Net Income": 635
    },
    "2015-01-31": {
        "Diluted EPS": -4.14,
        "Total Revenue": NaN,
        "Gross Profit": NaN,
        "Operating Income": NaN,
        "EBIT": NaN,
        "Net Income": NaN
    },
    "2014-10-31": {
        "Diluted EPS": 0.55,
        "Total Revenue": NaN,
        "Gross Profit": NaN,
        "Operating Income": 904,
        "EBIT": NaN,
        "Net Income": 352
    },
    "2014-07-31": {
        "Diluted EPS": 0.37,
        "Total Revenue": NaN,
        "Gross Profit": NaN,
        "Operating Income": NaN,
        "EBIT": NaN,
        "Net Income": 234
    },
    "2014-04-30": {
        "Diluted EPS": 0.66,
        "Total Revenue": NaN,
        "Gross Profit": NaN,
        "Operating Income": NaN,
        "EBIT": NaN,
        "Net Income": 418
    },
    "2014-01-31": {
        "Diluted EPS": 0.81,
        "Total Revenue": NaN,
        "Gross Profit": NaN,
        "Operating Income": NaN,
        "EBIT": NaN,
        "Net Income": 521
    },
    "2013-10-31": {
        "Diluted EPS": 0.54,
        "Total Revenue": NaN,
        "Gross Profit": NaN,
        "Operating Income": 703,
        "EBIT": NaN,
        "Net Income": 341
    },
    "2013-07-31": {
        "Diluted EPS": 0.95,
        "Total Revenue": NaN,
        "Gross Profit": NaN,
        "Operating Income": NaN,
        "EBIT": NaN,
        "Net Income": 611
    },
    "2013-04-30": {
        "Diluted EPS": 0.77,
        "Total Revenue": NaN,
        "Gross Profit": NaN,
        "Operating Income": NaN,
        "EBIT": NaN,
        "Net Income": 498
    },
    "2013-01-31": {
        "Diluted EPS": 1.46,
        "Total Revenue": NaN,
        "Gross Profit": NaN,
        "Operating Income": NaN,
        "EBIT": NaN,
        "Net Income": 961
    },
    "2012-10-31": {
        "Diluted EPS": 0.96,
        "Total Revenue": NaN,
        "Gross Profit": NaN,
        "Operating Income": NaN,
        "EBIT": NaN,
        "Net Income": 637
    },
    "2012-07-31": {
        "Diluted EPS": 1.06,
        "Total Revenue": NaN,
        "Gross Profit": NaN,
        "Operating Income": NaN,
        "EBIT": NaN,
        "Net Income": 704
    },
    "2012-04-30": {
        "Diluted EPS": 1.04,
        "Total Revenue": NaN,
        "Gross Profit": NaN,
        "Operating Income": NaN,
        "EBIT": NaN,
        "Net Income": 697
    },
    "2012-01-31": {
        "Diluted EPS": 1.44,
        "Total Revenue": NaN,
        "Gross Profit": NaN,
        "Operating Income": NaN,
        "EBIT": NaN,
        "Net Income": 981
    },
    "2011-10-31": {
        "Diluted EPS": 0.82,
        "Total Revenue": NaN,
        "Gross Profit": NaN,
        "Operating Income": NaN,
        "EBIT": NaN,
        "Net Income": 555
    },
    "2011-07-31": {
        "Diluted EPS": 1.03,
        "Total Revenue": NaN,
        "Gross Profit": NaN,
        "Operating Income": NaN,
        "EBIT": NaN,
        "Net Income": 704
    },
    "2011-04-30": {
        "Diluted EPS": 0.99,
        "Total Revenue": NaN,
        "Gross Profit": NaN,
        "Operating Income": NaN,
        "EBIT": NaN,
        "Net Income": 689
    },
    "2011-01-31": {
        "Diluted EPS": 1.44,
        "Total Revenue": NaN,
        "Gross Profit": NaN,
        "Operating Income": NaN,
        "EBIT": NaN,
        "Net Income": NaN
    },
    "2010-10-31": {
        "Diluted EPS": 0.74,
        "Total Revenue": NaN,
        "Gross Profit": NaN,
        "Operating Income": 967,
        "EBIT": NaN,
        "Net Income": 535
    },
    "2010-07-31": {
        "Diluted EPS": 0.92,
        "Total Revenue": NaN,
        "Gross Profit": NaN,
        "Operating Income": NaN,
        "EBIT": NaN,
        "Net Income": 679
    },
    "2010-04-30": {
        "Diluted EPS": 0.9,
        "Total Revenue": NaN,
        "Gross Profit": NaN,
        "Operating Income": NaN,
        "EBIT": NaN,
        "Net Income": 671
    },
    "2010-01-31": {
        "Diluted EPS": 1.24,
        "Total Revenue": NaN,
        "Gross Profit": NaN,
        "Operating Income": NaN,
        "EBIT": NaN,
        "Net Income": 936
    },
    "2009-10-31": {
        "Diluted EPS": 0.58,
        "Total Revenue": NaN,
        "Gross Profit": NaN,
        "Operating Income": 874,
        "EBIT": NaN,
        "Net Income": 436
    },
    "2009-07-31": {
        "Diluted EPS": 0.79,
        "Total Revenue": NaN,
        "Gross Profit": NaN,
        "Operating Income": NaN,
        "EBIT": NaN,
        "Net Income": 594
    },
    "2009-04-30": {
        "Diluted EPS": 0.69,
        "Total Revenue": NaN,
        "Gross Profit": NaN,
        "Operating Income": NaN,
        "EBIT": NaN,
        "Net Income": 522
    },
    "2009-01-31": {
        "Diluted EPS": 0.81,
        "Total Revenue": NaN,
        "Gross Profit": NaN,
        "Operating Income": NaN,
        "EBIT": NaN,
        "Net Income": 609
    },
    "2023-07-31": {
        "Tax Effect Of Unusual Items": 0.0,
        "Tax Rate For Calcs": 0.222,
        "Normalized EBITDA": 1896000000.0,
        "Net Income From Continuing Operation Net Minority Interest": 835000000.0,
        "Reconciled Depreciation": 683000000.0,
        "Reconciled Cost Of Revenue": 17709000000.0,
        "EBITDA": 1896000000.0,
        "EBIT": 1213000000.0,
        "Net Interest Income": -141000000.0,
        "Interest Expense": 141000000.0,
        "Normalized Income": 835000000.0,
        "Net Income From Continuing And Discontinued Operation": 835000000.0,
        "Total Expenses": 23576000000.0,
        "Total Operating Income As Reported": 1197000000.0,
        "Diluted Average Shares": 462500000.0,
        "Basic Average Shares": 461600000.0,
        "Diluted EPS": 1.8,
        "Basic EPS": 1.81,
        "Diluted NI Availto Com Stockholders": 835000000.0,
        "Net Income Common Stockholders": 835000000.0,
        "Net Income": 835000000.0,
        "Net Income Including Noncontrolling Interests": 835000000.0,
        "Net Income Continuous Operations": 835000000.0,
        "Tax Provision": 237000000.0,
        "Pretax Income": 1072000000.0,
        "Other Income Expense": 16000000.0,
        "Other Non Operating Income Expenses": 16000000.0,
        "Net Non Operating Interest Income Expense": -141000000.0,
        "Interest Expense Non Operating": 141000000.0,
        "Operating Income": 1197000000.0,
        "Operating Expense": 5778000000.0,
        "Depreciation Amortization Depletion Income Statement": 594000000.0,
        "Depreciation And Amortization In Income Statement": 594000000.0,
        "Selling General And Administration": 5184000000.0,
        "Gross Profit": 6975000000.0,
        "Cost Of Revenue": 17798000000.0,
        "Total Revenue": 24773000000.0,
        "Operating Revenue": 24384000000.0
    },
    "2023-10-31": {
        "Tax Effect Of Unusual Items": 0.0,
        "Tax Rate For Calcs": 0.213,
        "Normalized EBITDA": 2064000000.0,
        "Net Income From Continuing Operation Net Minority Interest": 971000000.0,
        "Reconciled Depreciation": 722000000.0,
        "Reconciled Cost Of Revenue": 18043000000.0,
        "EBITDA": 2064000000.0,
        "EBIT": 1342000000.0,
        "Net Interest Income": -107000000.0,
        "Interest Expense": 107000000.0,
        "Normalized Income": 971000000.0,
        "Net Income From Continuing And Discontinued Operation": 971000000.0,
        "Total Expenses": 24081000000.0,
        "Total Operating Income As Reported": 1317000000.0,
        "Diluted Average Shares": 462600000.0,
        "Basic Average Shares": 461600000.0,
        "Diluted EPS": 2.1,
        "Basic EPS": 2.1,
        "Diluted NI Availto Com Stockholders": 971000000.0,
        "Net Income Common Stockholders": 971000000.0,
        "Net Income": 971000000.0,
        "Net Income Including Noncontrolling Interests": 971000000.0,
        "Net Income Continuous Operations": 971000000.0,
        "Tax Provision": 264000000.0,
        "Pretax Income": 1235000000.0,
        "Other Income Expense": 25000000.0,
        "Other Non Operating Income Expenses": 25000000.0,
        "Net Non Operating Interest Income Expense": -107000000.0,
        "Interest Expense Non Operating": 107000000.0,
        "Operating Income": 1317000000.0,
        "Operating Expense": 5932000000.0,
        "Depreciation Amortization Depletion Income Statement": 616000000.0,
        "Depreciation And Amortization In Income Statement": 616000000.0,
        "Selling General And Administration": 5316000000.0,
        "Gross Profit": 7249000000.0,
        "Cost Of Revenue": 18149000000.0,
        "Total Revenue": 25398000000.0,
        "Operating Revenue": 25004000000.0
    },
    "2024-01-31": {
        "Tax Effect Of Unusual Items": 0.0,
        "Tax Rate For Calcs": 0.226204,
        "Normalized EBITDA": 2622000000.0,
        "Net Income From Continuing Operation Net Minority Interest": 1382000000.0,
        "Reconciled Depreciation": 729000000.0,
        "Reconciled Cost Of Revenue": 23296000000.0,
        "EBITDA": 2622000000.0,
        "EBIT": 1893000000.0,
        "Net Interest Income": -107000000.0,
        "Interest Expense": 107000000.0,
        "Normalized Income": 1382000000.0,
        "Net Income From Continuing And Discontinued Operation": 1382000000.0,
        "Total Expenses": 30054000000.0,
        "Total Operating Income As Reported": 1865000000.0,
        "Diluted Average Shares": 463100000.0,
        "Basic Average Shares": 461700000.0,
        "Diluted EPS": 2.98,
        "Basic EPS": 2.99,
        "Diluted NI Availto Com Stockholders": 1382000000.0,
        "Net Income Common Stockholders": 1382000000.0,
        "Net Income": 1382000000.0,
        "Net Income Including Noncontrolling Interests": 1382000000.0,
        "Net Income Continuous Operations": 1382000000.0,
        "Tax Provision": 404000000.0,
        "Pretax Income": 1786000000.0,
        "Other Income Expense": 28000000.0,
        "Other Non Operating Income Expenses": 28000000.0,
        "Net Non Operating Interest Income Expense": -107000000.0,
        "Interest Expense Non Operating": 107000000.0,
        "Operating Income": 1865000000.0,
        "Operating Expense": 6651000000.0,
        "Depreciation Amortization Depletion Income Statement": 622000000.0,
        "Depreciation And Amortization In Income Statement": 622000000.0,
        "Selling General And Administration": 6029000000.0,
        "Gross Profit": 8516000000.0,
        "Cost Of Revenue": 23403000000.0,
        "Total Revenue": 31919000000.0,
        "Operating Revenue": 31467000000.0
    },
    "2024-04-30": {
        "Tax Effect Of Unusual Items": 0.0,
        "Tax Rate For Calcs": 0.227,
        "Normalized EBITDA": 2043000000.0,
        "Net Income From Continuing Operation Net Minority Interest": 942000000.0,
        "Reconciled Depreciation": 718000000.0,
        "Reconciled Cost Of Revenue": 17349000000.0,
        "EBITDA": 2043000000.0,
        "EBIT": 1325000000.0,
        "Net Interest Income": -106000000.0,
        "Interest Expense": 106000000.0,
        "Normalized Income": 942000000.0,
        "Net Income From Continuing And Discontinued Operation": 942000000.0,
        "Total Expenses": 23235000000.0,
        "Total Operating Income As Reported": 1296000000.0,
        "Diluted Average Shares": 463900000.0,
        "Basic Average Shares": 462200000.0,
        "Diluted EPS": 2.03,
        "Basic EPS": 2.04,
        "Diluted NI Availto Com Stockholders": 942000000.0,
        "Net Income Common Stockholders": 942000000.0,
        "Net Income": 942000000.0,
        "Net Income Including Noncontrolling Interests": 942000000.0,
        "Net Income Continuous Operations": 942000000.0,
        "Tax Provision": 277000000.0,
        "Pretax Income": 1219000000.0,
        "Other Income Expense": 29000000.0,
        "Other Non Operating Income Expenses": 29000000.0,
        "Net Non Operating Interest Income Expense": -106000000.0,
        "Interest Expense Non Operating": 106000000.0,
        "Operating Income": 1296000000.0,
        "Operating Expense": 5786000000.0,
        "Depreciation Amortization Depletion Income Statement": 618000000.0,
        "Depreciation And Amortization In Income Statement": 618000000.0,
        "Selling General And Administration": 5168000000.0,
        "Gross Profit": 7082000000.0,
        "Cost Of Revenue": 17449000000.0,
        "Total Revenue": 24531000000.0,
        "Operating Revenue": 24143000000.0
    }
}