{
    "2023-03-31": {
        "Tax Effect Of Unusual Items": NaN,
        "Tax Rate For Calcs": NaN,
        "Normalized EBITDA": NaN,
        "Total Unusual Items": NaN,
        "Total Unusual Items Excluding Goodwill": NaN,
        "Net Income From Continuing Operation Net Minority Interest": NaN,
        "Reconciled Depreciation": NaN,
        "Reconciled Cost Of Revenue": NaN,
        "EBITDA": NaN,
        "EBIT": NaN,
        "Net Interest Income": NaN,
        "Interest Expense": NaN,
        "Interest Income": NaN,
        "Normalized Income": NaN,
        "Net Income From Continuing And Discontinued Operation": NaN,
        "Total Expenses": NaN,
        "Total Operating Income As Reported": NaN,
        "Diluted Average Shares": NaN,
        "Basic Average Shares": NaN,
        "Diluted EPS": NaN,
        "Basic EPS": NaN,
        "Diluted NI Availto Com Stockholders": NaN,
        "Average Dilution Earnings": -3711000.0,
        "Net Income Common Stockholders": NaN,
        "Net Income": NaN,
        "Minority Interests": NaN,
        "Net Income Including Noncontrolling Interests": NaN,
        "Net Income Continuous Operations": NaN,
        "Tax Provision": NaN,
        "Pretax Income": NaN,
        "Other Income Expense": 1583000.0,
        "Special Income Charges": NaN,
        "Other Special Charges": 2128000.0,
        "Gain On Sale Of Security": 3711000.0,
        "Net Non Operating Interest Income Expense": NaN,
        "Total Other Finance Cost": NaN,
        "Interest Expense Non Operating": NaN,
        "Interest Income Non Operating": NaN,
        "Operating Income": NaN,
        "Operating Expense": NaN,
        "Other Operating Expenses": NaN,
        "Depreciation Amortization Depletion Income Statement": NaN,
        "Depreciation And Amortization In Income Statement": NaN,
        "Selling General And Administration": NaN,
        "Gross Profit": NaN,
        "Cost Of Revenue": NaN,
        "Total Revenue": NaN,
        "Operating Revenue": NaN
    },
    "2022-12-31": {
        "Tax Effect Of Unusual Items": NaN,
        "Tax Rate For Calcs": NaN,
        "Normalized EBITDA": NaN,
        "Total Unusual Items": NaN,
        "Total Unusual Items Excluding Goodwill": NaN,
        "Net Income From Continuing Operation Net Minority Interest": NaN,
        "Reconciled Depreciation": NaN,
        "Reconciled Cost Of Revenue": NaN,
        "EBITDA": NaN,
        "EBIT": NaN,
        "Net Interest Income": NaN,
        "Interest Expense": NaN,
        "Interest Income": NaN,
        "Normalized Income": NaN,
        "Net Income From Continuing And Discontinued Operation": NaN,
        "Total Expenses": NaN,
        "Total Operating Income As Reported": NaN,
        "Diluted Average Shares": 101873928.0,
        "Basic Average Shares": 97589200.0,
        "Diluted EPS": 0.31,
        "Basic EPS": 0.32,
        "Diluted NI Availto Com Stockholders": NaN,
        "Average Dilution Earnings": NaN,
        "Net Income Common Stockholders": NaN,
        "Net Income": NaN,
        "Net Income Including Noncontrolling Interests": NaN,
        "Net Income Continuous Operations": NaN,
        "Tax Provision": NaN,
        "Pretax Income": NaN,
        "Other Income Expense": NaN,
        "Special Income Charges": NaN,
        "Other Special Charges": NaN,
        "Gain On Sale Of Security": NaN,
        "Net Non Operating Interest Income Expense": NaN,
        "Total Other Finance Cost": NaN,
        "Interest Expense Non Operating": NaN,
        "Interest Income Non Operating": NaN,
        "Operating Income": NaN,
        "Operating Expense": NaN,
        "Other Operating Expenses": NaN,
        "Depreciation Amortization Depletion Income Statement": NaN,
        "Depreciation And Amortization In Income Statement": NaN,
        "Selling General And Administration": NaN,
        "Gross Profit": NaN,
        "Cost Of Revenue": NaN,
        "Total Revenue": NaN,
        "Operating Revenue": NaN
    },
    "2022-09-30": {
        "Tax Effect Of Unusual Items": -7740000.0,
        "Tax Rate For Calcs": 0.387,
        "Normalized EBITDA": 74325000.0,
        "Total Unusual Items": -20000000.0,
        "Total Unusual Items Excluding Goodwill": -20000000.0,
        "Net Income From Continuing Operation Net Minority Interest": 19022000.0,
        "Reconciled Depreciation": 15420000.0,
        "Reconciled Cost Of Revenue": 64930000.0,
        "EBITDA": 54325000.0,
        "EBIT": 38905000.0,
        "Net Interest Income": -8888000.0,
        "Interest Expense": 7852000.0,
        "Interest Income": 150000.0,
        "Normalized Income": 31282000.0,
        "Net Income From Continuing And Discontinued Operation": 19022000.0,
        "Total Expenses": 99624000.0,
        "Total Operating Income As Reported": 59941000.0,
        "Diluted Average Shares": 97242170.0,
        "Basic Average Shares": 97242170.0,
        "Diluted EPS": 0.2,
        "Basic EPS": 0.2,
        "Diluted NI Availto Com Stockholders": 19022000.0,
        "Net Income Common Stockholders": 19022000.0,
        "Net Income": 19022000.0,
        "Net Income Including Noncontrolling Interests": 19022000.0,
        "Net Income Continuous Operations": 19022000.0,
        "Tax Provision": 12031000.0,
        "Pretax Income": 31053000.0,
        "Other Income Expense": -20000000.0,
        "Special Income Charges": NaN,
        "Other Special Charges": NaN,
        "Gain On Sale Of Security": -20000000.0,
        "Net Non Operating Interest Income Expense": -8888000.0,
        "Total Other Finance Cost": 1186000.0,
        "Interest Expense Non Operating": 7852000.0,
        "Interest Income Non Operating": 150000.0,
        "Operating Income": 59941000.0,
        "Operating Expense": 22830000.0,
        "Other Operating Expenses": 121000.0,
        "Depreciation Amortization Depletion Income Statement": 3556000.0,
        "Depreciation And Amortization In Income Statement": 3556000.0,
        "Selling General And Administration": 19153000.0,
        "Gross Profit": 82771000.0,
        "Cost Of Revenue": 76794000.0,
        "Total Revenue": 159565000.0,
        "Operating Revenue": 159565000.0
    },
    "2022-06-30": {
        "Tax Effect Of Unusual Items": 181689.0,
        "Tax Rate For Calcs": 0.213,
        "Normalized EBITDA": 52118000.0,
        "Total Unusual Items": 853000.0,
        "Total Unusual Items Excluding Goodwill": 853000.0,
        "Net Income From Continuing Operation Net Minority Interest": 22851000.0,
        "Reconciled Depreciation": 15446000.0,
        "Reconciled Cost Of Revenue": 45241000.0,
        "EBITDA": 52971000.0,
        "EBIT": 37525000.0,
        "Net Interest Income": -9667000.0,
        "Interest Expense": 8506000.0,
        "Interest Income": NaN,
        "Normalized Income": 22179689.0,
        "Net Income From Continuing And Discontinued Operation": 22851000.0,
        "Total Expenses": 71814000.0,
        "Total Operating Income As Reported": 37833000.0,
        "Diluted Average Shares": 97076935.0,
        "Basic Average Shares": 97076935.0,
        "Diluted EPS": 0.24,
        "Basic EPS": 0.24,
        "Diluted NI Availto Com Stockholders": 22851000.0,
        "Net Income Common Stockholders": 22851000.0,
        "Net Income": 22851000.0,
        "Net Income Including Noncontrolling Interests": 22851000.0,
        "Net Income Continuous Operations": 22851000.0,
        "Tax Provision": 6168000.0,
        "Pretax Income": 29019000.0,
        "Other Income Expense": 853000.0,
        "Special Income Charges": NaN,
        "Other Special Charges": NaN,
        "Gain On Sale Of Security": 853000.0,
        "Net Non Operating Interest Income Expense": -9667000.0,
        "Total Other Finance Cost": 1161000.0,
        "Interest Expense Non Operating": 8506000.0,
        "Interest Income Non Operating": NaN,
        "Operating Income": 37833000.0,
        "Operating Expense": 14712000.0,
        "Other Operating Expenses": 24000.0,
        "Depreciation Amortization Depletion Income Statement": 3585000.0,
        "Depreciation And Amortization In Income Statement": 3585000.0,
        "Selling General And Administration": 11103000.0,
        "Gross Profit": 52545000.0,
        "Cost Of Revenue": 57102000.0,
        "Total Revenue": 109647000.0,
        "Operating Revenue": 109647000.0
    },
    "2023-06-30": {
        "Tax Effect Of Unusual Items": NaN,
        "Tax Rate For Calcs": NaN,
        "Normalized EBITDA": NaN,
        "Total Unusual Items": NaN,
        "Total Unusual Items Excluding Goodwill": NaN,
        "Net Income From Continuing Operation Net Minority Interest": NaN,
        "Reconciled Depreciation": NaN,
        "Reconciled Cost Of Revenue": NaN,
        "EBITDA": NaN,
        "EBIT": NaN,
        "Net Interest Income": NaN,
        "Interest Expense": NaN,
        "Interest Income": NaN,
        "Normalized Income": NaN,
        "Net Income From Continuing And Discontinued Operation": NaN,
        "Total Expenses": NaN,
        "Total Operating Income As Reported": NaN,
        "Diluted Average Shares": 105045608.0,
        "Basic Average Shares": 101465088.0,
        "Diluted EPS": 0.44,
        "Basic EPS": 0.46,
        "Diluted NI Availto Com Stockholders": NaN,
        "Average Dilution Earnings": NaN,
        "Net Income Common Stockholders": NaN,
        "Net Income": NaN,
        "Minority Interests": NaN,
        "Net Income Including Noncontrolling Interests": NaN,
        "Net Income Continuous Operations": NaN,
        "Tax Provision": NaN,
        "Pretax Income": NaN,
        "Other Income Expense": 675000.0,
        "Special Income Charges": NaN,
        "Other Special Charges": NaN,
        "Gain On Sale Of Security": 675000.0,
        "Net Non Operating Interest Income Expense": NaN,
        "Total Other Finance Cost": NaN,
        "Interest Expense Non Operating": NaN,
        "Interest Income Non Operating": NaN,
        "Operating Income": NaN,
        "Operating Expense": NaN,
        "Other Operating Expenses": NaN,
        "Depreciation Amortization Depletion Income Statement": NaN,
        "Depreciation And Amortization In Income Statement": NaN,
        "Selling General And Administration": NaN,
        "Gross Profit": NaN,
        "Cost Of Revenue": NaN,
        "Total Revenue": NaN,
        "Operating Revenue": NaN
    },
    "2023-09-30": {
        "Tax Effect Of Unusual Items": -625968.0,
        "Tax Rate For Calcs": 0.243,
        "Normalized EBITDA": 89530000.0,
        "Total Unusual Items": -2576000.0,
        "Total Unusual Items Excluding Goodwill": -2576000.0,
        "Net Income From Continuing Operation Net Minority Interest": 45579000.0,
        "Reconciled Depreciation": 21491000.0,
        "Reconciled Cost Of Revenue": 41530000.0,
        "EBITDA": 86954000.0,
        "EBIT": 65463000.0,
        "Net Interest Income": -4953000.0,
        "Interest Expense": 5276000.0,
        "Interest Income": 1011000.0,
        "Normalized Income": 47529032.0,
        "Net Income From Continuing And Discontinued Operation": 45579000.0,
        "Total Expenses": 78223000.0,
        "Total Operating Income As Reported": 67716000.0,
        "Diluted Average Shares": 105093694.0,
        "Basic Average Shares": 101620537.0,
        "Diluted EPS": 0.43,
        "Basic EPS": 0.45,
        "Diluted NI Availto Com Stockholders": 45579000.0,
        "Average Dilution Earnings": 0.0,
        "Net Income Common Stockholders": 45579000.0,
        "Net Income": 45579000.0,
        "Minority Interests": 0.0,
        "Net Income Including Noncontrolling Interests": 45579000.0,
        "Net Income Continuous Operations": 45579000.0,
        "Tax Provision": 14608000.0,
        "Pretax Income": 60187000.0,
        "Other Income Expense": -2576000.0,
        "Special Income Charges": 0.0,
        "Other Special Charges": NaN,
        "Gain On Sale Of Security": -2576000.0,
        "Net Non Operating Interest Income Expense": -4953000.0,
        "Total Other Finance Cost": 688000.0,
        "Interest Expense Non Operating": 5276000.0,
        "Interest Income Non Operating": 1011000.0,
        "Operating Income": 67716000.0,
        "Operating Expense": 19040000.0,
        "Other Operating Expenses": -71000.0,
        "Depreciation Amortization Depletion Income Statement": 3838000.0,
        "Depreciation And Amortization In Income Statement": 3838000.0,
        "Selling General And Administration": 15273000.0,
        "Gross Profit": 86756000.0,
        "Cost Of Revenue": 59183000.0,
        "Total Revenue": 145939000.0,
        "Operating Revenue": 145939000.0
    },
    "2023-12-31": {
        "Tax Effect Of Unusual Items": 1545068.624005,
        "Tax Rate For Calcs": 0.217554,
        "Normalized EBITDA": 66168000.0,
        "Total Unusual Items": 7102000.0,
        "Total Unusual Items Excluding Goodwill": 7102000.0,
        "Net Income From Continuing Operation Net Minority Interest": 37843000.0,
        "Reconciled Depreciation": 19253000.0,
        "Reconciled Cost Of Revenue": 48597000.0,
        "EBITDA": 73270000.0,
        "EBIT": 54017000.0,
        "Net Interest Income": -4913000.0,
        "Interest Expense": 5652000.0,
        "Interest Income": 1179000.0,
        "Normalized Income": 32286068.624005,
        "Net Income From Continuing And Discontinued Operation": 37843000.0,
        "Total Expenses": 80044000.0,
        "Total Operating Income As Reported": 46176000.0,
        "Diluted Average Shares": NaN,
        "Basic Average Shares": NaN,
        "Diluted EPS": NaN,
        "Basic EPS": NaN,
        "Diluted NI Availto Com Stockholders": 28781000.0,
        "Average Dilution Earnings": NaN,
        "Net Income Common Stockholders": 37843000.0,
        "Net Income": 37843000.0,
        "Minority Interests": NaN,
        "Net Income Including Noncontrolling Interests": 37843000.0,
        "Net Income Continuous Operations": 37843000.0,
        "Tax Provision": 10522000.0,
        "Pretax Income": 48365000.0,
        "Other Income Expense": 7102000.0,
        "Special Income Charges": -151000.0,
        "Other Special Charges": 151000.0,
        "Gain On Sale Of Security": 7253000.0,
        "Net Non Operating Interest Income Expense": -4913000.0,
        "Total Other Finance Cost": 440000.0,
        "Interest Expense Non Operating": 5652000.0,
        "Interest Income Non Operating": 1179000.0,
        "Operating Income": 46176000.0,
        "Operating Expense": 16063000.0,
        "Other Operating Expenses": -3000.0,
        "Depreciation Amortization Depletion Income Statement": 3869000.0,
        "Depreciation And Amortization In Income Statement": 3869000.0,
        "Selling General And Administration": 12197000.0,
        "Gross Profit": 62239000.0,
        "Cost Of Revenue": 63981000.0,
        "Total Revenue": 126220000.0,
        "Operating Revenue": 126220000.0
    },
    "2024-03-31": {
        "Tax Effect Of Unusual Items": 156600.0,
        "Tax Rate For Calcs": 0.232,
        "Normalized EBITDA": 50042000.0,
        "Total Unusual Items": 675000.0,
        "Total Unusual Items Excluding Goodwill": 675000.0,
        "Net Income From Continuing Operation Net Minority Interest": 20383000.0,
        "Reconciled Depreciation": 18666000.0,
        "Reconciled Cost Of Revenue": 42823000.0,
        "EBITDA": 50717000.0,
        "EBIT": 32051000.0,
        "Net Interest Income": -4587000.0,
        "Interest Expense": 5525000.0,
        "Interest Income": 1206000.0,
        "Normalized Income": 19864600.0,
        "Net Income From Continuing And Discontinued Operation": 20383000.0,
        "Total Expenses": 76234000.0,
        "Total Operating Income As Reported": 30438000.0,
        "Diluted Average Shares": 102362542.0,
        "Basic Average Shares": 100657706.0,
        "Diluted EPS": 0.2,
        "Basic EPS": 0.2,
        "Diluted NI Availto Com Stockholders": 20383000.0,
        "Average Dilution Earnings": 0.0,
        "Net Income Common Stockholders": 20383000.0,
        "Net Income": 20383000.0,
        "Minority Interests": NaN,
        "Net Income Including Noncontrolling Interests": 20383000.0,
        "Net Income Continuous Operations": 20383000.0,
        "Tax Provision": 6143000.0,
        "Pretax Income": 26526000.0,
        "Other Income Expense": 675000.0,
        "Special Income Charges": 0.0,
        "Other Special Charges": NaN,
        "Gain On Sale Of Security": 675000.0,
        "Net Non Operating Interest Income Expense": -4587000.0,
        "Total Other Finance Cost": 268000.0,
        "Interest Expense Non Operating": 5525000.0,
        "Interest Income Non Operating": 1206000.0,
        "Operating Income": 30438000.0,
        "Operating Expense": 18630000.0,
        "Other Operating Expenses": -110000.0,
        "Depreciation Amortization Depletion Income Statement": 3885000.0,
        "Depreciation And Amortization In Income Statement": 3885000.0,
        "Selling General And Administration": 14855000.0,
        "Gross Profit": 49068000.0,
        "Cost Of Revenue": 57604000.0,
        "Total Revenue": 106672000.0,
        "Operating Revenue": 106672000.0
    },
    "2024-06-30": {
        "Tax Effect Of Unusual Items": 0.0,
        "Tax Rate For Calcs": 0.273,
        "Normalized EBITDA": 49537000.0,
        "Total Unusual Items": 0.0,
        "Total Unusual Items Excluding Goodwill": 0.0,
        "Net Income From Continuing Operation Net Minority Interest": 18386000.0,
        "Reconciled Depreciation": 18712000.0,
        "Reconciled Cost Of Revenue": 39047000.0,
        "EBITDA": 49537000.0,
        "EBIT": 30825000.0,
        "Net Interest Income": -4273000.0,
        "Interest Expense": 5547000.0,
        "Interest Income": 1546000.0,
        "Normalized Income": 18386000.0,
        "Net Income From Continuing And Discontinued Operation": 18386000.0,
        "Total Expenses": 71170000.0,
        "Total Operating Income As Reported": 29551000.0,
        "Diluted Average Shares": 101253180.0,
        "Basic Average Shares": 100261964.0,
        "Diluted EPS": 0.18,
        "Basic EPS": 0.18,
        "Diluted NI Availto Com Stockholders": 18386000.0,
        "Average Dilution Earnings": NaN,
        "Net Income Common Stockholders": 18386000.0,
        "Net Income": 18386000.0,
        "Minority Interests": NaN,
        "Net Income Including Noncontrolling Interests": 18386000.0,
        "Net Income Continuous Operations": 18386000.0,
        "Tax Provision": 6892000.0,
        "Pretax Income": 25278000.0,
        "Other Income Expense": NaN,
        "Special Income Charges": 0.0,
        "Other Special Charges": NaN,
        "Gain On Sale Of Security": NaN,
        "Net Non Operating Interest Income Expense": -4273000.0,
        "Total Other Finance Cost": 272000.0,
        "Interest Expense Non Operating": 5547000.0,
        "Interest Income Non Operating": 1546000.0,
        "Operating Income": 29551000.0,
        "Operating Expense": 17319000.0,
        "Other Operating Expenses": -46000.0,
        "Depreciation Amortization Depletion Income Statement": 3908000.0,
        "Depreciation And Amortization In Income Statement": 3908000.0,
        "Selling General And Administration": 13457000.0,
        "Gross Profit": 46870000.0,
        "Cost Of Revenue": 53851000.0,
        "Total Revenue": 100721000.0,
        "Operating Revenue": 100721000.0
    },
    "2024-09-30": {
        "Tax Effect Of Unusual Items": 0.0,
        "Tax Rate For Calcs": 0.169,
        "Normalized EBITDA": 47700000.0,
        "Total Unusual Items": 0.0,
        "Total Unusual Items Excluding Goodwill": 0.0,
        "Net Income From Continuing Operation Net Minority Interest": 19994000.0,
        "Reconciled Depreciation": 17960000.0,
        "Reconciled Cost Of Revenue": 35923000.0,
        "EBITDA": 47700000.0,
        "EBIT": 29740000.0,
        "Net Interest Income": -3813000.0,
        "Interest Expense": 5562000.0,
        "Interest Income": 2026000.0,
        "Normalized Income": 19994000.0,
        "Net Income From Continuing And Discontinued Operation": 19994000.0,
        "Total Expenses": 67200000.0,
        "Total Operating Income As Reported": 27991000.0,
        "Diluted Average Shares": 101296504.0,
        "Basic Average Shares": 100438559.0,
        "Diluted EPS": 0.2,
        "Basic EPS": 0.2,
        "Diluted NI Availto Com Stockholders": 19994000.0,
        "Average Dilution Earnings": 0.0,
        "Net Income Common Stockholders": 19994000.0,
        "Net Income": 19994000.0,
        "Minority Interests": -100000.0,
        "Net Income Including Noncontrolling Interests": 20094000.0,
        "Net Income Continuous Operations": 20094000.0,
        "Tax Provision": 4084000.0,
        "Pretax Income": 24178000.0,
        "Other Income Expense": NaN,
        "Special Income Charges": 0.0,
        "Other Special Charges": NaN,
        "Gain On Sale Of Security": NaN,
        "Net Non Operating Interest Income Expense": -3813000.0,
        "Total Other Finance Cost": 277000.0,
        "Interest Expense Non Operating": 5562000.0,
        "Interest Income Non Operating": 2026000.0,
        "Operating Income": 27991000.0,
        "Operating Expense": 17219000.0,
        "Other Operating Expenses": -2000.0,
        "Depreciation Amortization Depletion Income Statement": 3902000.0,
        "Depreciation And Amortization In Income Statement": 3902000.0,
        "Selling General And Administration": 13319000.0,
        "Gross Profit": 45210000.0,
        "Cost Of Revenue": 49981000.0,
        "Total Revenue": 95191000.0,
        "Operating Revenue": 95191000.0
    }
}