{
    "2023-06-30": {
        "Tax Effect Of Unusual Items": NaN,
        "Tax Rate For Calcs": NaN,
        "Normalized EBITDA": NaN,
        "Total Unusual Items": NaN,
        "Total Unusual Items Excluding Goodwill": NaN,
        "Net Income From Continuing Operation Net Minority Interest": NaN,
        "Reconciled Depreciation": NaN,
        "Reconciled Cost Of Revenue": NaN,
        "EBITDA": NaN,
        "EBIT": NaN,
        "Net Interest Income": NaN,
        "Interest Expense": NaN,
        "Normalized Income": NaN,
        "Net Income From Continuing And Discontinued Operation": NaN,
        "Total Expenses": NaN,
        "Total Operating Income As Reported": NaN,
        "Diluted Average Shares": NaN,
        "Basic Average Shares": NaN,
        "Diluted EPS": NaN,
        "Basic EPS": NaN,
        "Diluted NI Availto Com Stockholders": NaN,
        "Average Dilution Earnings": NaN,
        "Net Income Common Stockholders": NaN,
        "Net Income": NaN,
        "Minority Interests": NaN,
        "Net Income Including Noncontrolling Interests": NaN,
        "Net Income Discontinuous Operations": 0.0,
        "Net Income Continuous Operations": NaN,
        "Tax Provision": NaN,
        "Pretax Income": NaN,
        "Other Income Expense": NaN,
        "Other Non Operating Income Expenses": NaN,
        "Special Income Charges": NaN,
        "Gain On Sale Of Business": NaN,
        "Other Special Charges": NaN,
        "Write Off": 1000000.0,
        "Restructuring And Mergern Acquisition": NaN,
        "Earnings From Equity Interest": NaN,
        "Net Non Operating Interest Income Expense": NaN,
        "Interest Expense Non Operating": NaN,
        "Operating Income": NaN,
        "Operating Expense": NaN,
        "Other Operating Expenses": NaN,
        "Depreciation Amortization Depletion Income Statement": NaN,
        "Depreciation And Amortization In Income Statement": NaN,
        "Selling General And Administration": NaN,
        "General And Administrative Expense": NaN,
        "Salaries And Wages": NaN,
        "Gross Profit": NaN,
        "Cost Of Revenue": NaN,
        "Total Revenue": NaN,
        "Operating Revenue": NaN
    },
    "2023-03-31": {
        "Tax Effect Of Unusual Items": NaN,
        "Tax Rate For Calcs": NaN,
        "Normalized EBITDA": NaN,
        "Total Unusual Items": NaN,
        "Total Unusual Items Excluding Goodwill": NaN,
        "Net Income From Continuing Operation Net Minority Interest": NaN,
        "Reconciled Depreciation": NaN,
        "Reconciled Cost Of Revenue": NaN,
        "EBITDA": NaN,
        "EBIT": NaN,
        "Net Interest Income": NaN,
        "Interest Expense": NaN,
        "Normalized Income": NaN,
        "Net Income From Continuing And Discontinued Operation": NaN,
        "Total Expenses": NaN,
        "Total Operating Income As Reported": NaN,
        "Diluted Average Shares": NaN,
        "Basic Average Shares": NaN,
        "Diluted EPS": NaN,
        "Basic EPS": NaN,
        "Diluted NI Availto Com Stockholders": NaN,
        "Average Dilution Earnings": NaN,
        "Net Income Common Stockholders": NaN,
        "Net Income": NaN,
        "Minority Interests": NaN,
        "Net Income Including Noncontrolling Interests": NaN,
        "Net Income Discontinuous Operations": 0.0,
        "Net Income Continuous Operations": NaN,
        "Tax Provision": NaN,
        "Pretax Income": NaN,
        "Other Income Expense": NaN,
        "Other Non Operating Income Expenses": NaN,
        "Special Income Charges": NaN,
        "Gain On Sale Of Business": NaN,
        "Other Special Charges": NaN,
        "Write Off": NaN,
        "Restructuring And Mergern Acquisition": NaN,
        "Earnings From Equity Interest": NaN,
        "Net Non Operating Interest Income Expense": NaN,
        "Interest Expense Non Operating": NaN,
        "Operating Income": NaN,
        "Operating Expense": NaN,
        "Other Operating Expenses": NaN,
        "Depreciation Amortization Depletion Income Statement": NaN,
        "Depreciation And Amortization In Income Statement": NaN,
        "Selling General And Administration": NaN,
        "General And Administrative Expense": NaN,
        "Salaries And Wages": NaN,
        "Gross Profit": NaN,
        "Cost Of Revenue": NaN,
        "Total Revenue": NaN,
        "Operating Revenue": NaN
    },
    "2022-12-31": {
        "Tax Effect Of Unusual Items": NaN,
        "Tax Rate For Calcs": NaN,
        "Normalized EBITDA": NaN,
        "Total Unusual Items": NaN,
        "Total Unusual Items Excluding Goodwill": NaN,
        "Net Income From Continuing Operation Net Minority Interest": NaN,
        "Reconciled Depreciation": NaN,
        "Reconciled Cost Of Revenue": NaN,
        "EBITDA": NaN,
        "EBIT": NaN,
        "Net Interest Income": NaN,
        "Interest Expense": NaN,
        "Normalized Income": NaN,
        "Net Income From Continuing And Discontinued Operation": NaN,
        "Total Expenses": NaN,
        "Total Operating Income As Reported": NaN,
        "Diluted Average Shares": NaN,
        "Basic Average Shares": NaN,
        "Diluted EPS": NaN,
        "Basic EPS": NaN,
        "Diluted NI Availto Com Stockholders": NaN,
        "Average Dilution Earnings": NaN,
        "Net Income Common Stockholders": NaN,
        "Net Income": NaN,
        "Minority Interests": NaN,
        "Net Income Including Noncontrolling Interests": NaN,
        "Net Income Discontinuous Operations": 0.0,
        "Net Income Continuous Operations": NaN,
        "Tax Provision": NaN,
        "Pretax Income": NaN,
        "Other Income Expense": NaN,
        "Other Non Operating Income Expenses": NaN,
        "Special Income Charges": NaN,
        "Gain On Sale Of Business": NaN,
        "Other Special Charges": NaN,
        "Write Off": NaN,
        "Restructuring And Mergern Acquisition": NaN,
        "Earnings From Equity Interest": NaN,
        "Net Non Operating Interest Income Expense": NaN,
        "Interest Expense Non Operating": NaN,
        "Operating Income": NaN,
        "Operating Expense": NaN,
        "Other Operating Expenses": NaN,
        "Depreciation Amortization Depletion Income Statement": NaN,
        "Depreciation And Amortization In Income Statement": NaN,
        "Selling General And Administration": NaN,
        "General And Administrative Expense": NaN,
        "Salaries And Wages": NaN,
        "Gross Profit": NaN,
        "Cost Of Revenue": NaN,
        "Total Revenue": NaN,
        "Operating Revenue": NaN
    },
    "2022-09-30": {
        "Tax Effect Of Unusual Items": NaN,
        "Tax Rate For Calcs": NaN,
        "Normalized EBITDA": NaN,
        "Total Unusual Items": NaN,
        "Total Unusual Items Excluding Goodwill": NaN,
        "Net Income From Continuing Operation Net Minority Interest": NaN,
        "Reconciled Depreciation": NaN,
        "Reconciled Cost Of Revenue": NaN,
        "EBITDA": NaN,
        "EBIT": NaN,
        "Net Interest Income": NaN,
        "Interest Expense": NaN,
        "Normalized Income": NaN,
        "Net Income From Continuing And Discontinued Operation": NaN,
        "Total Expenses": NaN,
        "Total Operating Income As Reported": NaN,
        "Diluted Average Shares": NaN,
        "Basic Average Shares": NaN,
        "Diluted EPS": NaN,
        "Basic EPS": NaN,
        "Diluted NI Availto Com Stockholders": NaN,
        "Average Dilution Earnings": NaN,
        "Net Income Common Stockholders": NaN,
        "Net Income": NaN,
        "Minority Interests": NaN,
        "Net Income Including Noncontrolling Interests": NaN,
        "Net Income Discontinuous Operations": NaN,
        "Net Income Continuous Operations": NaN,
        "Tax Provision": NaN,
        "Pretax Income": NaN,
        "Other Income Expense": NaN,
        "Other Non Operating Income Expenses": NaN,
        "Special Income Charges": NaN,
        "Gain On Sale Of Business": NaN,
        "Other Special Charges": NaN,
        "Write Off": 3000000.0,
        "Restructuring And Mergern Acquisition": NaN,
        "Earnings From Equity Interest": NaN,
        "Net Non Operating Interest Income Expense": NaN,
        "Interest Expense Non Operating": NaN,
        "Operating Income": NaN,
        "Operating Expense": NaN,
        "Other Operating Expenses": NaN,
        "Depreciation Amortization Depletion Income Statement": NaN,
        "Depreciation And Amortization In Income Statement": NaN,
        "Selling General And Administration": NaN,
        "General And Administrative Expense": NaN,
        "Salaries And Wages": NaN,
        "Gross Profit": NaN,
        "Cost Of Revenue": NaN,
        "Total Revenue": NaN,
        "Operating Revenue": NaN
    },
    "2022-06-30": {
        "Tax Effect Of Unusual Items": -45433962.264151,
        "Tax Rate For Calcs": 0.324528,
        "Normalized EBITDA": 843000000.0,
        "Total Unusual Items": -140000000.0,
        "Total Unusual Items Excluding Goodwill": -140000000.0,
        "Net Income From Continuing Operation Net Minority Interest": 38000000.0,
        "Reconciled Depreciation": 216000000.0,
        "Reconciled Cost Of Revenue": 811000000.0,
        "EBITDA": 703000000.0,
        "EBIT": 487000000.0,
        "Net Interest Income": -222000000.0,
        "Interest Expense": 222000000.0,
        "Normalized Income": 132566037.735849,
        "Net Income From Continuing And Discontinued Operation": 38000000.0,
        "Total Expenses": 4065000000.0,
        "Total Operating Income As Reported": 553000000.0,
        "Diluted Average Shares": 108750000.0,
        "Basic Average Shares": 107790000.0,
        "Diluted EPS": 0.35,
        "Basic EPS": 0.35,
        "Diluted NI Availto Com Stockholders": 38000000.0,
        "Average Dilution Earnings": NaN,
        "Net Income Common Stockholders": 38000000.0,
        "Net Income": 38000000.0,
        "Minority Interests": -141000000.0,
        "Net Income Including Noncontrolling Interests": 179000000.0,
        "Net Income Discontinuous Operations": 0.0,
        "Net Income Continuous Operations": 179000000.0,
        "Tax Provision": 86000000.0,
        "Pretax Income": 265000000.0,
        "Other Income Expense": -86000000.0,
        "Other Non Operating Income Expenses": NaN,
        "Special Income Charges": -140000000.0,
        "Gain On Sale Of Business": 1000000.0,
        "Other Special Charges": 84000000.0,
        "Write Off": 5000000.0,
        "Impairment Of Capital Assets": 57000000.0,
        "Restructuring And Mergern Acquisition": 52000000.0,
        "Earnings From Equity Interest": 54000000.0,
        "Net Non Operating Interest Income Expense": -222000000.0,
        "Interest Expense Non Operating": 222000000.0,
        "Operating Income": 573000000.0,
        "Operating Expense": 3254000000.0,
        "Other Operating Expenses": 912000000.0,
        "Depreciation Amortization Depletion Income Statement": 216000000.0,
        "Depreciation And Amortization In Income Statement": 216000000.0,
        "Selling General And Administration": 2126000000.0,
        "General And Administrative Expense": 2126000000.0,
        "Salaries And Wages": 2126000000.0,
        "Gross Profit": 3827000000.0,
        "Cost Of Revenue": 811000000.0,
        "Total Revenue": 4638000000.0,
        "Operating Revenue": 4638000000.0
    },
    "2022-03-31": {
        "Diluted EPS": 1.28,
        "Total Revenue": NaN,
        "Gross Profit": NaN,
        "Operating Income": 648,
        "EBIT": 905,
        "Net Income": 140
    },
    "2021-12-31": {
        "Diluted EPS": 2.29,
        "Total Revenue": NaN,
        "Gross Profit": NaN,
        "Operating Income": 751,
        "EBIT": NaN,
        "Net Income": 249
    },
    "2021-09-30": {
        "Diluted EPS": 4.13,
        "Total Revenue": NaN,
        "Gross Profit": NaN,
        "Operating Income": NaN,
        "EBIT": NaN,
        "Net Income": 449
    },
    "2021-06-30": {
        "Diluted EPS": 1.1,
        "Total Revenue": NaN,
        "Gross Profit": NaN,
        "Operating Income": 586,
        "EBIT": 869,
        "Net Income": 119
    },
    "2021-03-31": {
        "Diluted EPS": 0.9,
        "Total Revenue": NaN,
        "Gross Profit": NaN,
        "Operating Income": 520,
        "EBIT": 795,
        "Net Income": 97
    },
    "2020-12-31": {
        "Diluted EPS": 3.9,
        "Total Revenue": NaN,
        "Gross Profit": NaN,
        "Operating Income": 920,
        "EBIT": NaN,
        "Net Income": 414
    },
    "2020-09-30": {
        "Diluted EPS": -1.86,
        "Total Revenue": NaN,
        "Gross Profit": NaN,
        "Operating Income": 271,
        "EBIT": 540,
        "Net Income": -196
    },
    "2020-06-30": {
        "Diluted EPS": 0.83,
        "Total Revenue": NaN,
        "Gross Profit": NaN,
        "Operating Income": 471,
        "EBIT": 718,
        "Net Income": 88
    },
    "2020-03-31": {
        "Diluted EPS": 0.88,
        "Total Revenue": NaN,
        "Gross Profit": NaN,
        "Operating Income": 327,
        "EBIT": 568,
        "Net Income": 93
    },
    "2019-12-31": {
        "Diluted EPS": -0.04,
        "Total Revenue": NaN,
        "Gross Profit": NaN,
        "Operating Income": 454,
        "EBIT": 748,
        "Net Income": -3
    },
    "2019-09-30": {
        "Diluted EPS": -2.18,
        "Total Revenue": NaN,
        "Gross Profit": NaN,
        "Operating Income": 302,
        "EBIT": 549,
        "Net Income": -226
    },
    "2019-06-30": {
        "Diluted EPS": 0.25,
        "Total Revenue": NaN,
        "Gross Profit": NaN,
        "Operating Income": 400,
        "EBIT": 666,
        "Net Income": 26
    },
    "2019-03-31": {
        "Diluted EPS": -0.11,
        "Total Revenue": NaN,
        "Gross Profit": NaN,
        "Operating Income": 381,
        "EBIT": 634,
        "Net Income": -12
    },
    "2018-12-31": {
        "Diluted EPS": -0.12,
        "Total Revenue": NaN,
        "Gross Profit": NaN,
        "Operating Income": 394,
        "EBIT": 659,
        "Net Income": -12
    },
    "2018-09-30": {
        "Diluted EPS": -0.09,
        "Total Revenue": NaN,
        "Gross Profit": NaN,
        "Operating Income": 320,
        "EBIT": 568,
        "Net Income": -9
    },
    "2018-06-30": {
        "Diluted EPS": 0.25,
        "Total Revenue": NaN,
        "Gross Profit": NaN,
        "Operating Income": 406,
        "EBIT": 650,
        "Net Income": 26
    },
    "2018-03-31": {
        "Diluted EPS": 0.96,
        "Total Revenue": NaN,
        "Gross Profit": NaN,
        "Operating Income": 517,
        "EBIT": 757,
        "Net Income": 99
    },
    "2017-12-31": {
        "Diluted EPS": -2.28,
        "Total Revenue": NaN,
        "Gross Profit": NaN,
        "Operating Income": 485,
        "EBIT": 753,
        "Net Income": -229
    },
    "2017-09-30": {
        "Diluted EPS": -3.64,
        "Total Revenue": NaN,
        "Gross Profit": NaN,
        "Operating Income": 51,
        "EBIT": 319,
        "Net Income": -367
    },
    "2017-06-30": {
        "Diluted EPS": -0.55,
        "Total Revenue": NaN,
        "Gross Profit": NaN,
        "Operating Income": 310,
        "EBIT": 571,
        "Net Income": -55
    },
    "2017-03-31": {
        "Diluted EPS": -0.53,
        "Total Revenue": NaN,
        "Gross Profit": NaN,
        "Operating Income": 267,
        "EBIT": 528,
        "Net Income": -53
    },
    "2016-12-31": {
        "Diluted EPS": -0.79,
        "Total Revenue": NaN,
        "Gross Profit": NaN,
        "Operating Income": 280,
        "EBIT": 552,
        "Net Income": -79
    },
    "2016-09-30": {
        "Diluted EPS": -0.08,
        "Total Revenue": NaN,
        "Gross Profit": NaN,
        "Operating Income": 339,
        "EBIT": 587,
        "Net Income": -8
    },
    "2016-06-30": {
        "Diluted EPS": -0.46,
        "Total Revenue": NaN,
        "Gross Profit": NaN,
        "Operating Income": 274,
        "EBIT": 530,
        "Net Income": -46
    },
    "2016-03-31": {
        "Diluted EPS": -0.6,
        "Total Revenue": NaN,
        "Gross Profit": NaN,
        "Operating Income": 354,
        "EBIT": 600,
        "Net Income": -59
    },
    "2015-12-31": {
        "Diluted EPS": -0.98,
        "Total Revenue": NaN,
        "Gross Profit": NaN,
        "Operating Income": 336,
        "EBIT": 604,
        "Net Income": -97
    },
    "2015-09-30": {
        "Diluted EPS": -0.29,
        "Total Revenue": NaN,
        "Gross Profit": NaN,
        "Operating Income": 287,
        "EBIT": 511,
        "Net Income": -29
    },
    "2015-06-30": {
        "Diluted EPS": -0.61,
        "Total Revenue": NaN,
        "Gross Profit": NaN,
        "Operating Income": 164,
        "EBIT": 391,
        "Net Income": -61
    },
    "2015-03-31": {
        "Diluted EPS": 0.47,
        "Total Revenue": NaN,
        "Gross Profit": NaN,
        "Operating Income": 290,
        "EBIT": 508,
        "Net Income": 47
    },
    "2014-12-31": {
        "Diluted EPS": 0.63,
        "Total Revenue": NaN,
        "Gross Profit": NaN,
        "Operating Income": 337,
        "EBIT": 592,
        "Net Income": 61
    },
    "2014-09-30": {
        "Diluted EPS": 0.09,
        "Total Revenue": NaN,
        "Gross Profit": NaN,
        "Operating Income": 211,
        "EBIT": 429,
        "Net Income": 9
    },
    "2014-06-30": {
        "Diluted EPS": -0.27,
        "Total Revenue": NaN,
        "Gross Profit": NaN,
        "Operating Income": 207,
        "EBIT": 423,
        "Net Income": -26
    },
    "2014-03-31": {
        "Diluted EPS": -0.33,
        "Total Revenue": NaN,
        "Gross Profit": NaN,
        "Operating Income": 170,
        "EBIT": 370,
        "Net Income": -32
    },
    "2013-12-31": {
        "Diluted EPS": -0.25,
        "Total Revenue": NaN,
        "Gross Profit": NaN,
        "Operating Income": 167,
        "EBIT": 365,
        "Net Income": -24
    },
    "2013-09-30": {
        "Diluted EPS": 0.27,
        "Total Revenue": NaN,
        "Gross Profit": 849,
        "Operating Income": 148,
        "EBIT": 270,
        "Net Income": 28
    },
    "2013-06-30": {
        "Diluted EPS": -0.49,
        "Total Revenue": NaN,
        "Gross Profit": 869,
        "Operating Income": 202,
        "EBIT": 327,
        "Net Income": -50
    },
    "2013-03-31": {
        "Diluted EPS": -0.85,
        "Total Revenue": NaN,
        "Gross Profit": 842,
        "Operating Income": 146,
        "EBIT": 265,
        "Net Income": -88
    },
    "2012-12-31": {
        "Diluted EPS": 0.46,
        "Total Revenue": NaN,
        "Gross Profit": 852,
        "Operating Income": 211,
        "EBIT": 333,
        "Net Income": 49
    },
    "2012-09-30": {
        "Diluted EPS": 0.37,
        "Total Revenue": NaN,
        "Gross Profit": 795,
        "Operating Income": 153,
        "EBIT": 268,
        "Net Income": 40
    },
    "2012-06-30": {
        "Diluted EPS": -0.06,
        "Total Revenue": NaN,
        "Gross Profit": 822,
        "Operating Income": 180,
        "EBIT": 290,
        "Net Income": -6
    },
    "2012-03-31": {
        "Diluted EPS": 0.53,
        "Total Revenue": NaN,
        "Gross Profit": 841,
        "Operating Income": 205,
        "EBIT": 310,
        "Net Income": 58
    },
    "2011-12-31": {
        "Diluted EPS": -0.57,
        "Total Revenue": NaN,
        "Gross Profit": 754,
        "Operating Income": 150,
        "EBIT": 257,
        "Net Income": -76
    },
    "2011-09-30": {
        "Diluted EPS": 0.05,
        "Total Revenue": NaN,
        "Gross Profit": 719,
        "Operating Income": 79,
        "EBIT": 187,
        "Net Income": 6
    },
    "2011-06-30": {
        "Diluted EPS": 0.44,
        "Total Revenue": NaN,
        "Gross Profit": 758,
        "Operating Income": 165,
        "EBIT": 269,
        "Net Income": 55
    },
    "2011-03-31": {
        "Diluted EPS": 0.56,
        "Total Revenue": NaN,
        "Gross Profit": 860,
        "Operating Income": 259,
        "EBIT": 368,
        "Net Income": 73
    },
    "2010-12-31": {
        "Diluted EPS": 0.56,
        "Total Revenue": NaN,
        "Gross Profit": 105,
        "Operating Income": 165,
        "EBIT": 260,
        "Net Income": 74
    },
    "2010-09-30": {
        "Diluted EPS": 6.72,
        "Total Revenue": NaN,
        "Gross Profit": 895,
        "Operating Income": 97,
        "EBIT": 206,
        "Net Income": 932
    },
    "2010-06-30": {
        "Diluted EPS": 0.2,
        "Total Revenue": NaN,
        "Gross Profit": 939,
        "Operating Income": 171,
        "EBIT": 275,
        "Net Income": 25
    },
    "2010-03-31": {
        "Diluted EPS": 0.68,
        "Total Revenue": NaN,
        "Gross Profit": 954,
        "Operating Income": 201,
        "EBIT": 304,
        "Net Income": 88
    },
    "2009-12-31": {
        "Diluted EPS": 0.16,
        "Total Revenue": NaN,
        "Gross Profit": 182,
        "Operating Income": 91,
        "EBIT": 213,
        "Net Income": 21
    },
    "2009-09-30": {
        "Diluted EPS": -0.04,
        "Total Revenue": NaN,
        "Gross Profit": 919,
        "Operating Income": 133,
        "EBIT": 230,
        "Net Income": -3
    },
    "2009-06-30": {
        "Diluted EPS": -0.12,
        "Total Revenue": NaN,
        "Gross Profit": 885,
        "Operating Income": 138,
        "EBIT": 236,
        "Net Income": -15
    },
    "2009-03-31": {
        "Diluted EPS": 1.48,
        "Total Revenue": NaN,
        "Gross Profit": 906,
        "Operating Income": 176,
        "EBIT": 272,
        "Net Income": 178
    },
    "2023-09-30": {
        "Tax Effect Of Unusual Items": -14197101.449275,
        "Tax Rate For Calcs": 0.228986,
        "Normalized EBITDA": 858000000.0,
        "Total Unusual Items": -62000000.0,
        "Total Unusual Items Excluding Goodwill": -62000000.0,
        "Net Income From Continuing Operation Net Minority Interest": 101000000.0,
        "Reconciled Depreciation": 224000000.0,
        "Reconciled Cost Of Revenue": 877000000.0,
        "EBITDA": 796000000.0,
        "EBIT": 572000000.0,
        "Net Interest Income": -227000000.0,
        "Interest Expense": 227000000.0,
        "Normalized Income": 148802898.550725,
        "Net Income From Continuing And Discontinued Operation": 101000000.0,
        "Total Expenses": 4487000000.0,
        "Total Operating Income As Reported": 568000000.0,
        "Diluted Average Shares": 104425000.0,
        "Basic Average Shares": 101544000.0,
        "Diluted EPS": 0.94,
        "Basic EPS": 0.99,
        "Diluted NI Availto Com Stockholders": 98000000.0,
        "Average Dilution Earnings": -3000000.0,
        "Net Income Common Stockholders": 101000000.0,
        "Net Income": 101000000.0,
        "Minority Interests": -165000000.0,
        "Net Income Including Noncontrolling Interests": 266000000.0,
        "Net Income Discontinuous Operations": 0.0,
        "Net Income Continuous Operations": 266000000.0,
        "Tax Provision": 79000000.0,
        "Pretax Income": 345000000.0,
        "Other Income Expense": -7000000.0,
        "Other Non Operating Income Expenses": 4000000.0,
        "Special Income Charges": -62000000.0,
        "Gain On Sale Of Business": -1000000.0,
        "Other Special Charges": 14000000.0,
        "Write Off": 14000000.0,
        "Restructuring And Mergern Acquisition": 33000000.0,
        "Earnings From Equity Interest": 51000000.0,
        "Net Non Operating Interest Income Expense": -227000000.0,
        "Interest Expense Non Operating": 227000000.0,
        "Operating Income": 579000000.0,
        "Operating Expense": 3610000000.0,
        "Other Operating Expenses": 1098000000.0,
        "Depreciation Amortization Depletion Income Statement": 224000000.0,
        "Depreciation And Amortization In Income Statement": 224000000.0,
        "Selling General And Administration": 2288000000.0,
        "General And Administrative Expense": 2288000000.0,
        "Salaries And Wages": 2288000000.0,
        "Gross Profit": 4189000000.0,
        "Cost Of Revenue": 877000000.0,
        "Total Revenue": 5066000000.0,
        "Operating Revenue": 5066000000.0
    },
    "2023-12-31": {
        "Tax Effect Of Unusual Items": -7404624.277457,
        "Tax Rate For Calcs": 0.121387,
        "Normalized EBITDA": 1023000000.0,
        "Total Unusual Items": -61000000.0,
        "Total Unusual Items Excluding Goodwill": -61000000.0,
        "Net Income From Continuing Operation Net Minority Interest": 244000000.0,
        "Reconciled Depreciation": 216000000.0,
        "Reconciled Cost Of Revenue": 931000000.0,
        "EBITDA": 962000000.0,
        "EBIT": 746000000.0,
        "Net Interest Income": -227000000.0,
        "Interest Expense": 227000000.0,
        "Normalized Income": 297595375.722543,
        "Net Income From Continuing And Discontinued Operation": 244000000.0,
        "Total Expenses": 4656000000.0,
        "Total Operating Income As Reported": 735000000.0,
        "Diluted Average Shares": 104167000.0,
        "Basic Average Shares": 100956000.0,
        "Diluted EPS": 2.3,
        "Basic EPS": 2.42,
        "Diluted NI Availto Com Stockholders": 240000000.0,
        "Average Dilution Earnings": -4000000.0,
        "Net Income Common Stockholders": 244000000.0,
        "Net Income": 244000000.0,
        "Minority Interests": -212000000.0,
        "Net Income Including Noncontrolling Interests": 456000000.0,
        "Net Income Discontinuous Operations": 0.0,
        "Net Income Continuous Operations": 456000000.0,
        "Tax Provision": 63000000.0,
        "Pretax Income": 519000000.0,
        "Other Income Expense": 23000000.0,
        "Other Non Operating Income Expenses": 11000000.0,
        "Special Income Charges": -61000000.0,
        "Gain On Sale Of Business": 11000000.0,
        "Other Special Charges": 19000000.0,
        "Write Off": NaN,
        "Restructuring And Mergern Acquisition": 26000000.0,
        "Earnings From Equity Interest": 73000000.0,
        "Net Non Operating Interest Income Expense": -227000000.0,
        "Interest Expense Non Operating": 227000000.0,
        "Operating Income": 723000000.0,
        "Operating Expense": 3725000000.0,
        "Other Operating Expenses": 1194000000.0,
        "Depreciation Amortization Depletion Income Statement": 216000000.0,
        "Depreciation And Amortization In Income Statement": 216000000.0,
        "Selling General And Administration": 2315000000.0,
        "General And Administrative Expense": 2315000000.0,
        "Salaries And Wages": 2315000000.0,
        "Gross Profit": 4448000000.0,
        "Cost Of Revenue": 931000000.0,
        "Total Revenue": 5379000000.0,
        "Operating Revenue": 5379000000.0
    },
    "2024-03-31": {
        "Tax Effect Of Unusual Items": 598492217.898833,
        "Tax Rate For Calcs": 0.243191,
        "Normalized EBITDA": 1049000000.0,
        "Total Unusual Items": 2461000000.0,
        "Total Unusual Items Excluding Goodwill": 2461000000.0,
        "Net Income From Continuing Operation Net Minority Interest": 2151000000.0,
        "Reconciled Depreciation": 208000000.0,
        "Reconciled Cost Of Revenue": 928000000.0,
        "EBITDA": 3510000000.0,
        "EBIT": 3302000000.0,
        "Net Interest Income": -218000000.0,
        "Interest Expense": 218000000.0,
        "Normalized Income": 288492217.898833,
        "Net Income From Continuing And Discontinued Operation": 2151000000.0,
        "Total Expenses": 4611000000.0,
        "Total Operating Income As Reported": 3285000000.0,
        "Diluted Average Shares": 100598000.0,
        "Basic Average Shares": 99581000.0,
        "Diluted EPS": 21.38,
        "Basic EPS": 21.6,
        "Diluted NI Availto Com Stockholders": 2151000000.0,
        "Average Dilution Earnings": 0.0,
        "Net Income Common Stockholders": 2151000000.0,
        "Net Income": 2151000000.0,
        "Minority Interests": -183000000.0,
        "Net Income Including Noncontrolling Interests": 2334000000.0,
        "Net Income Discontinuous Operations": NaN,
        "Net Income Continuous Operations": 2334000000.0,
        "Tax Provision": 750000000.0,
        "Pretax Income": 3084000000.0,
        "Other Income Expense": 2545000000.0,
        "Other Non Operating Income Expenses": 25000000.0,
        "Special Income Charges": 2461000000.0,
        "Gain On Sale Of Business": 2500000000.0,
        "Other Special Charges": 12000000.0,
        "Write Off": 1000000.0,
        "Restructuring And Mergern Acquisition": 26000000.0,
        "Earnings From Equity Interest": 59000000.0,
        "Net Non Operating Interest Income Expense": -218000000.0,
        "Interest Expense Non Operating": 218000000.0,
        "Operating Income": 757000000.0,
        "Operating Expense": 3683000000.0,
        "Other Operating Expenses": 1154000000.0,
        "Depreciation Amortization Depletion Income Statement": 208000000.0,
        "Depreciation And Amortization In Income Statement": 208000000.0,
        "Selling General And Administration": 2321000000.0,
        "General And Administrative Expense": 2321000000.0,
        "Salaries And Wages": 2321000000.0,
        "Gross Profit": 4440000000.0,
        "Cost Of Revenue": 928000000.0,
        "Total Revenue": 5368000000.0,
        "Operating Revenue": 5368000000.0
    },
    "2024-06-30": {
        "Tax Effect Of Unusual Items": 4497444.633731,
        "Tax Rate For Calcs": 0.187394,
        "Normalized EBITDA": 974000000.0,
        "Total Unusual Items": 24000000.0,
        "Total Unusual Items Excluding Goodwill": 24000000.0,
        "Net Income From Continuing Operation Net Minority Interest": 259000000.0,
        "Reconciled Depreciation": 208000000.0,
        "Reconciled Cost Of Revenue": 908000000.0,
        "EBITDA": 998000000.0,
        "EBIT": 790000000.0,
        "Net Interest Income": -203000000.0,
        "Interest Expense": 203000000.0,
        "Normalized Income": 239497444.633731,
        "Net Income From Continuing And Discontinued Operation": 259000000.0,
        "Total Expenses": 4427000000.0,
        "Total Operating Income As Reported": 761000000.0,
        "Diluted Average Shares": 98444000.0,
        "Basic Average Shares": 97267000.0,
        "Diluted EPS": 2.64,
        "Basic EPS": 2.66,
        "Diluted NI Availto Com Stockholders": 260000000.0,
        "Average Dilution Earnings": 1000000.0,
        "Net Income Common Stockholders": 259000000.0,
        "Net Income": 259000000.0,
        "Minority Interests": -218000000.0,
        "Net Income Including Noncontrolling Interests": 477000000.0,
        "Net Income Discontinuous Operations": NaN,
        "Net Income Continuous Operations": 477000000.0,
        "Tax Provision": 110000000.0,
        "Pretax Income": 587000000.0,
        "Other Income Expense": 114000000.0,
        "Other Non Operating Income Expenses": 29000000.0,
        "Special Income Charges": 24000000.0,
        "Gain On Sale Of Business": 58000000.0,
        "Other Special Charges": 5000000.0,
        "Write Off": 1000000.0,
        "Restructuring And Mergern Acquisition": 28000000.0,
        "Earnings From Equity Interest": 61000000.0,
        "Net Non Operating Interest Income Expense": -203000000.0,
        "Interest Expense Non Operating": 203000000.0,
        "Operating Income": 676000000.0,
        "Operating Expense": 3519000000.0,
        "Other Operating Expenses": 1143000000.0,
        "Depreciation Amortization Depletion Income Statement": 208000000.0,
        "Depreciation And Amortization In Income Statement": 208000000.0,
        "Selling General And Administration": 2168000000.0,
        "General And Administrative Expense": 2168000000.0,
        "Salaries And Wages": 2168000000.0,
        "Gross Profit": 4195000000.0,
        "Cost Of Revenue": 908000000.0,
        "Total Revenue": 5103000000.0,
        "Operating Revenue": 5103000000.0
    },
    "2024-09-30": {
        "Tax Effect Of Unusual Items": 83644251.626898,
        "Tax Rate For Calcs": 0.261388,
        "Normalized EBITDA": 1013000000.0,
        "Total Unusual Items": 320000000.0,
        "Total Unusual Items Excluding Goodwill": 320000000.0,
        "Net Income From Continuing Operation Net Minority Interest": 472000000.0,
        "Reconciled Depreciation": 209000000.0,
        "Reconciled Cost Of Revenue": 881000000.0,
        "EBITDA": 1333000000.0,
        "EBIT": 1124000000.0,
        "Net Interest Income": -202000000.0,
        "Interest Expense": 202000000.0,
        "Normalized Income": 235644251.626898,
        "Net Income From Continuing And Discontinued Operation": 472000000.0,
        "Total Expenses": 4415000000.0,
        "Total Operating Income As Reported": 1089000000.0,
        "Diluted Average Shares": 96652000.0,
        "Basic Average Shares": 95665000.0,
        "Diluted EPS": 4.89,
        "Basic EPS": 4.93,
        "Diluted NI Availto Com Stockholders": 473000000.0,
        "Average Dilution Earnings": 1000000.0,
        "Net Income Common Stockholders": 472000000.0,
        "Net Income": 472000000.0,
        "Minority Interests": -209000000.0,
        "Net Income Including Noncontrolling Interests": 681000000.0,
        "Net Income Discontinuous Operations": NaN,
        "Net Income Continuous Operations": 681000000.0,
        "Tax Provision": 241000000.0,
        "Pretax Income": 922000000.0,
        "Other Income Expense": 417000000.0,
        "Other Non Operating Income Expenses": 35000000.0,
        "Special Income Charges": 320000000.0,
        "Gain On Sale Of Business": 348000000.0,
        "Other Special Charges": 9000000.0,
        "Write Off": 0.0,
        "Restructuring And Mergern Acquisition": 19000000.0,
        "Earnings From Equity Interest": 62000000.0,
        "Net Non Operating Interest Income Expense": -202000000.0,
        "Interest Expense Non Operating": 202000000.0,
        "Operating Income": 707000000.0,
        "Operating Expense": 3534000000.0,
        "Other Operating Expenses": 1107000000.0,
        "Depreciation Amortization Depletion Income Statement": 209000000.0,
        "Depreciation And Amortization In Income Statement": 209000000.0,
        "Selling General And Administration": 2218000000.0,
        "General And Administrative Expense": 2218000000.0,
        "Salaries And Wages": 2218000000.0,
        "Gross Profit": 4241000000.0,
        "Cost Of Revenue": 881000000.0,
        "Total Revenue": 5122000000.0,
        "Operating Revenue": 5122000000.0
    }
}