{
    "2023-03-31": {
        "Tax Effect Of Unusual Items": NaN,
        "Tax Rate For Calcs": NaN,
        "Normalized EBITDA": NaN,
        "Total Unusual Items": NaN,
        "Total Unusual Items Excluding Goodwill": NaN,
        "Net Income From Continuing Operation Net Minority Interest": NaN,
        "Reconciled Depreciation": NaN,
        "Reconciled Cost Of Revenue": NaN,
        "EBITDA": NaN,
        "EBIT": NaN,
        "Net Interest Income": NaN,
        "Interest Expense": NaN,
        "Interest Income": NaN,
        "Normalized Income": NaN,
        "Net Income From Continuing And Discontinued Operation": NaN,
        "Total Expenses": NaN,
        "Rent Expense Supplemental": NaN,
        "Total Operating Income As Reported": NaN,
        "Diluted Average Shares": NaN,
        "Basic Average Shares": NaN,
        "Diluted EPS": NaN,
        "Basic EPS": NaN,
        "Diluted NI Availto Com Stockholders": NaN,
        "Net Income Common Stockholders": NaN,
        "Net Income": NaN,
        "Minority Interests": NaN,
        "Net Income Including Noncontrolling Interests": NaN,
        "Net Income Discontinuous Operations": NaN,
        "Net Income Continuous Operations": NaN,
        "Tax Provision": NaN,
        "Pretax Income": NaN,
        "Other Income Expense": NaN,
        "Other Non Operating Income Expenses": -14272000.0,
        "Special Income Charges": NaN,
        "Gain On Sale Of Ppe": NaN,
        "Other Special Charges": NaN,
        "Impairment Of Capital Assets": NaN,
        "Restructuring And Mergern Acquisition": NaN,
        "Gain On Sale Of Security": NaN,
        "Net Non Operating Interest Income Expense": NaN,
        "Interest Expense Non Operating": NaN,
        "Interest Income Non Operating": NaN,
        "Operating Income": NaN,
        "Operating Expense": NaN,
        "Other Operating Expenses": NaN,
        "Depreciation Amortization Depletion Income Statement": NaN,
        "Depreciation And Amortization In Income Statement": NaN,
        "Selling General And Administration": NaN,
        "Selling And Marketing Expense": NaN,
        "General And Administrative Expense": NaN,
        "Other Gand A": NaN,
        "Rent And Landing Fees": NaN,
        "Gross Profit": NaN,
        "Cost Of Revenue": NaN,
        "Total Revenue": NaN,
        "Operating Revenue": NaN
    },
    "2022-12-31": {
        "Tax Effect Of Unusual Items": NaN,
        "Tax Rate For Calcs": NaN,
        "Normalized EBITDA": NaN,
        "Total Unusual Items": NaN,
        "Total Unusual Items Excluding Goodwill": NaN,
        "Net Income From Continuing Operation Net Minority Interest": NaN,
        "Reconciled Depreciation": NaN,
        "Reconciled Cost Of Revenue": NaN,
        "EBITDA": NaN,
        "EBIT": NaN,
        "Net Interest Income": NaN,
        "Interest Expense": NaN,
        "Interest Income": NaN,
        "Normalized Income": NaN,
        "Net Income From Continuing And Discontinued Operation": NaN,
        "Total Expenses": NaN,
        "Rent Expense Supplemental": NaN,
        "Total Operating Income As Reported": NaN,
        "Diluted Average Shares": NaN,
        "Basic Average Shares": NaN,
        "Diluted EPS": NaN,
        "Basic EPS": NaN,
        "Diluted NI Availto Com Stockholders": NaN,
        "Net Income Common Stockholders": NaN,
        "Net Income": NaN,
        "Minority Interests": NaN,
        "Net Income Including Noncontrolling Interests": NaN,
        "Net Income Discontinuous Operations": NaN,
        "Net Income Continuous Operations": NaN,
        "Tax Provision": NaN,
        "Pretax Income": NaN,
        "Other Income Expense": NaN,
        "Other Non Operating Income Expenses": -2867000.0,
        "Special Income Charges": NaN,
        "Gain On Sale Of Ppe": NaN,
        "Other Special Charges": NaN,
        "Impairment Of Capital Assets": NaN,
        "Restructuring And Mergern Acquisition": NaN,
        "Gain On Sale Of Security": NaN,
        "Net Non Operating Interest Income Expense": NaN,
        "Interest Expense Non Operating": NaN,
        "Interest Income Non Operating": NaN,
        "Operating Income": NaN,
        "Operating Expense": NaN,
        "Other Operating Expenses": NaN,
        "Depreciation Amortization Depletion Income Statement": NaN,
        "Depreciation And Amortization In Income Statement": NaN,
        "Selling General And Administration": NaN,
        "Selling And Marketing Expense": NaN,
        "General And Administrative Expense": NaN,
        "Other Gand A": NaN,
        "Rent And Landing Fees": NaN,
        "Gross Profit": NaN,
        "Cost Of Revenue": NaN,
        "Total Revenue": NaN,
        "Operating Revenue": NaN
    },
    "2022-09-30": {
        "Tax Effect Of Unusual Items": NaN,
        "Tax Rate For Calcs": NaN,
        "Normalized EBITDA": NaN,
        "Total Unusual Items": NaN,
        "Total Unusual Items Excluding Goodwill": NaN,
        "Net Income From Continuing Operation Net Minority Interest": NaN,
        "Reconciled Depreciation": NaN,
        "Reconciled Cost Of Revenue": NaN,
        "EBITDA": NaN,
        "EBIT": NaN,
        "Net Interest Income": NaN,
        "Interest Expense": NaN,
        "Interest Income": NaN,
        "Normalized Income": NaN,
        "Net Income From Continuing And Discontinued Operation": NaN,
        "Total Expenses": NaN,
        "Rent Expense Supplemental": NaN,
        "Total Operating Income As Reported": NaN,
        "Diluted Average Shares": 124603205.0,
        "Basic Average Shares": 124603205.0,
        "Diluted EPS": -1.56,
        "Basic EPS": -1.56,
        "Diluted NI Availto Com Stockholders": NaN,
        "Net Income Common Stockholders": NaN,
        "Net Income": NaN,
        "Minority Interests": NaN,
        "Net Income Including Noncontrolling Interests": NaN,
        "Net Income Continuous Operations": NaN,
        "Tax Provision": NaN,
        "Pretax Income": NaN,
        "Other Income Expense": NaN,
        "Other Non Operating Income Expenses": 19452000.0,
        "Special Income Charges": NaN,
        "Gain On Sale Of Ppe": NaN,
        "Impairment Of Capital Assets": NaN,
        "Restructuring And Mergern Acquisition": 0.0,
        "Gain On Sale Of Security": NaN,
        "Net Non Operating Interest Income Expense": NaN,
        "Interest Expense Non Operating": NaN,
        "Interest Income Non Operating": NaN,
        "Operating Income": NaN,
        "Operating Expense": NaN,
        "Other Operating Expenses": NaN,
        "Depreciation Amortization Depletion Income Statement": NaN,
        "Depreciation And Amortization In Income Statement": NaN,
        "Selling General And Administration": NaN,
        "Selling And Marketing Expense": NaN,
        "General And Administrative Expense": NaN,
        "Other Gand A": NaN,
        "Rent And Landing Fees": NaN,
        "Gross Profit": NaN,
        "Cost Of Revenue": NaN,
        "Total Revenue": NaN,
        "Operating Revenue": NaN
    },
    "2022-06-30": {
        "Tax Effect Of Unusual Items": 0.0,
        "Tax Rate For Calcs": 0.0,
        "Normalized EBITDA": -167145290.0,
        "Total Unusual Items": -5072052.0,
        "Total Unusual Items Excluding Goodwill": -5072052.0,
        "Net Income From Continuing Operation Net Minority Interest": -173780680.0,
        "Reconciled Depreciation": NaN,
        "Reconciled Cost Of Revenue": 199936113.0,
        "EBITDA": -172217342.0,
        "EBIT": -172217342.0,
        "Net Interest Income": -3250006.0,
        "Interest Expense": 3397885.0,
        "Interest Income": 147879.0,
        "Normalized Income": -168708628.0,
        "Net Income From Continuing And Discontinued Operation": -173780680.0,
        "Total Expenses": 338105172.0,
        "Rent Expense Supplemental": 48736898.0,
        "Total Operating Income As Reported": -164435034.0,
        "Diluted Average Shares": 134631537.0,
        "Basic Average Shares": 134631537.0,
        "Diluted EPS": -1.29079,
        "Basic EPS": -1.29079,
        "Diluted NI Availto Com Stockholders": -173780680.0,
        "Net Income Common Stockholders": -173780680.0,
        "Net Income": -173780680.0,
        "Minority Interests": 1834547.0,
        "Net Income Including Noncontrolling Interests": -175615227.0,
        "Net Income Continuous Operations": -175615227.0,
        "Tax Provision": 0.0,
        "Pretax Income": -175615227.0,
        "Other Income Expense": -13466941.0,
        "Other Non Operating Income Expenses": -8394889.0,
        "Special Income Charges": -5536754.0,
        "Gain On Sale Of Ppe": -1956631.0,
        "Impairment Of Capital Assets": 3580123.0,
        "Gain On Sale Of Security": 464702.0,
        "Net Non Operating Interest Income Expense": -3250006.0,
        "Interest Expense Non Operating": 3397885.0,
        "Interest Income Non Operating": 147879.0,
        "Operating Income": -158898280.0,
        "Operating Expense": 138169059.0,
        "Other Operating Expenses": 55994137.0,
        "Depreciation Amortization Depletion Income Statement": NaN,
        "Depreciation And Amortization In Income Statement": NaN,
        "Selling General And Administration": 82174922.0,
        "Selling And Marketing Expense": 19163087.0,
        "General And Administrative Expense": 63011835.0,
        "Other Gand A": 63011835.0,
        "Rent And Landing Fees": 48736898.0,
        "Gross Profit": -20729221.0,
        "Cost Of Revenue": 199936113.0,
        "Total Revenue": 179206892.0,
        "Operating Revenue": 164533517.0
    },
    "2022-03-31": {
        "Diluted EPS": 0.07,
        "Total Revenue": NaN,
        "Gross Profit": NaN,
        "Operating Income": -1,
        "EBIT": -1,
        "Net Income": 3
    },
    "2021-12-31": {
        "Diluted EPS": -0.02,
        "Total Revenue": NaN,
        "Gross Profit": NaN,
        "Operating Income": -2,
        "EBIT": -2,
        "Net Income": 0
    },
    "2021-09-30": {
        "Diluted EPS": 0.06,
        "Total Revenue": NaN,
        "Gross Profit": NaN,
        "Operating Income": -2,
        "EBIT": -2,
        "Net Income": 3
    },
    "2021-06-30": {
        "Diluted EPS": -0.26,
        "Total Revenue": NaN,
        "Gross Profit": NaN,
        "Operating Income": -2,
        "EBIT": -2,
        "Net Income": -11
    },
    "2021-03-31": {
        "Diluted EPS": 0.19,
        "Total Revenue": NaN,
        "Gross Profit": NaN,
        "Operating Income": -1,
        "EBIT": -1,
        "Net Income": 7
    },
    "2020-12-31": {
        "Diluted EPS": 0.0,
        "Total Revenue": NaN,
        "Gross Profit": NaN,
        "Operating Income": NaN,
        "EBIT": NaN,
        "Net Income": NaN
    },
    "2023-06-30": {
        "Tax Effect Of Unusual Items": NaN,
        "Tax Rate For Calcs": NaN,
        "Normalized EBITDA": NaN,
        "Total Unusual Items": NaN,
        "Total Unusual Items Excluding Goodwill": NaN,
        "Net Income From Continuing Operation Net Minority Interest": NaN,
        "Reconciled Depreciation": NaN,
        "Reconciled Cost Of Revenue": NaN,
        "EBITDA": NaN,
        "EBIT": NaN,
        "Net Interest Income": NaN,
        "Interest Expense": NaN,
        "Interest Income": NaN,
        "Normalized Income": NaN,
        "Net Income From Continuing And Discontinued Operation": NaN,
        "Total Expenses": NaN,
        "Rent Expense Supplemental": NaN,
        "Total Operating Income As Reported": NaN,
        "Diluted Average Shares": 152453333.0,
        "Basic Average Shares": 152453333.0,
        "Diluted EPS": -1.5,
        "Basic EPS": -1.5,
        "Diluted NI Availto Com Stockholders": NaN,
        "Net Income Common Stockholders": NaN,
        "Net Income": NaN,
        "Minority Interests": NaN,
        "Net Income Including Noncontrolling Interests": NaN,
        "Net Income Discontinuous Operations": -7398000.0,
        "Net Income Continuous Operations": NaN,
        "Tax Provision": NaN,
        "Pretax Income": NaN,
        "Other Income Expense": NaN,
        "Other Non Operating Income Expenses": -7054000.0,
        "Special Income Charges": NaN,
        "Gain On Sale Of Ppe": NaN,
        "Other Special Charges": NaN,
        "Impairment Of Capital Assets": NaN,
        "Restructuring And Mergern Acquisition": NaN,
        "Gain On Sale Of Security": NaN,
        "Net Non Operating Interest Income Expense": NaN,
        "Interest Expense Non Operating": NaN,
        "Interest Income Non Operating": NaN,
        "Operating Income": NaN,
        "Operating Expense": NaN,
        "Other Operating Expenses": NaN,
        "Depreciation Amortization Depletion Income Statement": NaN,
        "Depreciation And Amortization In Income Statement": NaN,
        "Selling General And Administration": NaN,
        "Selling And Marketing Expense": NaN,
        "General And Administrative Expense": NaN,
        "Other Gand A": NaN,
        "Rent And Landing Fees": 75308000.0,
        "Gross Profit": NaN,
        "Cost Of Revenue": NaN,
        "Total Revenue": NaN,
        "Operating Revenue": NaN
    },
    "2023-09-30": {
        "Tax Effect Of Unusual Items": 0.0,
        "Tax Rate For Calcs": 0.0,
        "Normalized EBITDA": -88931000.0,
        "Total Unusual Items": -17762000.0,
        "Total Unusual Items Excluding Goodwill": -17762000.0,
        "Net Income From Continuing Operation Net Minority Interest": -148562000.0,
        "Reconciled Depreciation": 36354000.0,
        "Reconciled Cost Of Revenue": 380170000.0,
        "EBITDA": -106693000.0,
        "EBIT": -143047000.0,
        "Net Interest Income": 2902000.0,
        "Interest Expense": 4572000.0,
        "Interest Income": 7474000.0,
        "Normalized Income": -130800000.0,
        "Net Income From Continuing And Discontinued Operation": -160603000.0,
        "Total Expenses": 556634000.0,
        "Rent Expense Supplemental": 75126000.0,
        "Total Operating Income As Reported": -147650000.0,
        "Diluted Average Shares": 159012871.0,
        "Basic Average Shares": 159012871.0,
        "Diluted EPS": -1.01,
        "Basic EPS": -1.01,
        "Diluted NI Availto Com Stockholders": -160603000.0,
        "Net Income Common Stockholders": -160603000.0,
        "Net Income": -160603000.0,
        "Minority Interests": -943000.0,
        "Net Income Including Noncontrolling Interests": -159660000.0,
        "Net Income Discontinuous Operations": -12041000.0,
        "Net Income Continuous Operations": -147619000.0,
        "Tax Provision": 0.0,
        "Pretax Income": -147619000.0,
        "Other Income Expense": -27808000.0,
        "Other Non Operating Income Expenses": -10046000.0,
        "Special Income Charges": -18606000.0,
        "Gain On Sale Of Ppe": -11923000.0,
        "Other Special Charges": NaN,
        "Impairment Of Capital Assets": 13014000.0,
        "Restructuring And Mergern Acquisition": -6331000.0,
        "Gain On Sale Of Security": 844000.0,
        "Net Non Operating Interest Income Expense": 2902000.0,
        "Interest Expense Non Operating": 4572000.0,
        "Interest Income Non Operating": 7474000.0,
        "Operating Income": -122713000.0,
        "Operating Expense": 176464000.0,
        "Other Operating Expenses": 42328000.0,
        "Depreciation Amortization Depletion Income Statement": 36354000.0,
        "Depreciation And Amortization In Income Statement": 36354000.0,
        "Selling General And Administration": 97782000.0,
        "Selling And Marketing Expense": 31953000.0,
        "General And Administrative Expense": 65829000.0,
        "Other Gand A": 65829000.0,
        "Rent And Landing Fees": 77388000.0,
        "Gross Profit": 53751000.0,
        "Cost Of Revenue": 380170000.0,
        "Total Revenue": 433921000.0,
        "Operating Revenue": 388321000.0
    },
    "2023-12-31": {
        "Tax Effect Of Unusual Items": -41925762.5,
        "Tax Rate For Calcs": 0.25,
        "Normalized EBITDA": -100984699.0,
        "Total Unusual Items": -167703050.0,
        "Total Unusual Items Excluding Goodwill": -167703050.0,
        "Net Income From Continuing Operation Net Minority Interest": -312083383.0,
        "Reconciled Depreciation": 35710799.0,
        "Reconciled Cost Of Revenue": 369536589.0,
        "EBITDA": -268687749.0,
        "EBIT": -304398548.0,
        "Net Interest Income": -3456851.0,
        "Interest Expense": 6662644.0,
        "Interest Income": 3205793.0,
        "Normalized Income": -186306095.5,
        "Net Income From Continuing And Discontinued Operation": -312083383.0,
        "Total Expenses": 531094471.0,
        "Rent Expense Supplemental": 71651362.0,
        "Total Operating Income As Reported": -232160729.0,
        "Diluted Average Shares": NaN,
        "Basic Average Shares": NaN,
        "Diluted EPS": NaN,
        "Basic EPS": NaN,
        "Diluted NI Availto Com Stockholders": -312083383.0,
        "Net Income Common Stockholders": -312083383.0,
        "Net Income": -312083383.0,
        "Minority Interests": -924950.0,
        "Net Income Including Noncontrolling Interests": -311158433.0,
        "Net Income Discontinuous Operations": NaN,
        "Net Income Continuous Operations": -311158433.0,
        "Tax Provision": 97241.0,
        "Pretax Income": -311061192.0,
        "Other Income Expense": -167703050.0,
        "Other Non Operating Income Expenses": NaN,
        "Special Income Charges": -124696898.0,
        "Gain On Sale Of Ppe": -2624477.0,
        "Other Special Charges": NaN,
        "Impairment Of Capital Assets": 89634961.0,
        "Restructuring And Mergern Acquisition": 32437460.0,
        "Gain On Sale Of Security": -43006152.0,
        "Net Non Operating Interest Income Expense": -3456851.0,
        "Interest Expense Non Operating": 6662644.0,
        "Interest Income Non Operating": 3205793.0,
        "Operating Income": -139901291.0,
        "Operating Expense": 161557882.0,
        "Other Operating Expenses": 33840184.0,
        "Depreciation Amortization Depletion Income Statement": 35710799.0,
        "Depreciation And Amortization In Income Statement": 35710799.0,
        "Selling General And Administration": 92006899.0,
        "Selling And Marketing Expense": 23524771.0,
        "General And Administrative Expense": 68482128.0,
        "Other Gand A": 68482128.0,
        "Rent And Landing Fees": 71651362.0,
        "Gross Profit": 21656591.0,
        "Cost Of Revenue": 369536589.0,
        "Total Revenue": 391193180.0,
        "Operating Revenue": 341525977.0
    },
    "2024-03-31": {
        "Tax Effect Of Unusual Items": 0.0,
        "Tax Rate For Calcs": 0.0,
        "Normalized EBITDA": -73416000.0,
        "Total Unusual Items": -29800000.0,
        "Total Unusual Items Excluding Goodwill": -29800000.0,
        "Net Income From Continuing Operation Net Minority Interest": -144045000.0,
        "Reconciled Depreciation": 34021000.0,
        "Reconciled Cost Of Revenue": 313940000.0,
        "EBITDA": -103216000.0,
        "EBIT": -137237000.0,
        "Net Interest Income": -4599000.0,
        "Interest Expense": 5591000.0,
        "Interest Income": 992000.0,
        "Normalized Income": -114245000.0,
        "Net Income From Continuing And Discontinued Operation": -144045000.0,
        "Total Expenses": 455244000.0,
        "Rent Expense Supplemental": 68586000.0,
        "Total Operating Income As Reported": -129398000.0,
        "Diluted Average Shares": 160050000.0,
        "Basic Average Shares": 160050000.0,
        "Diluted EPS": -0.9,
        "Basic EPS": -0.9,
        "Diluted NI Availto Com Stockholders": -144045000.0,
        "Net Income Common Stockholders": -144045000.0,
        "Net Income": -144045000.0,
        "Minority Interests": -1217000.0,
        "Net Income Including Noncontrolling Interests": -142828000.0,
        "Net Income Discontinuous Operations": NaN,
        "Net Income Continuous Operations": -142828000.0,
        "Tax Provision": 0.0,
        "Pretax Income": -142828000.0,
        "Other Income Expense": -29800000.0,
        "Other Non Operating Income Expenses": NaN,
        "Special Income Charges": -23099000.0,
        "Gain On Sale Of Ppe": -2004000.0,
        "Other Special Charges": NaN,
        "Impairment Of Capital Assets": 18965000.0,
        "Restructuring And Mergern Acquisition": 2130000.0,
        "Gain On Sale Of Security": -6701000.0,
        "Net Non Operating Interest Income Expense": -4599000.0,
        "Interest Expense Non Operating": 5591000.0,
        "Interest Income Non Operating": 992000.0,
        "Operating Income": -108429000.0,
        "Operating Expense": 141304000.0,
        "Other Operating Expenses": 27837000.0,
        "Depreciation Amortization Depletion Income Statement": 34021000.0,
        "Depreciation And Amortization In Income Statement": 34021000.0,
        "Selling General And Administration": 79446000.0,
        "Selling And Marketing Expense": 20748000.0,
        "General And Administrative Expense": 58698000.0,
        "Other Gand A": 58698000.0,
        "Rent And Landing Fees": 68586000.0,
        "Gross Profit": 32875000.0,
        "Cost Of Revenue": 313940000.0,
        "Total Revenue": 346815000.0,
        "Operating Revenue": 311037000.0
    },
    "2024-06-30": {
        "Tax Effect Of Unusual Items": -10325750.0,
        "Tax Rate For Calcs": 0.25,
        "Normalized EBITDA": -17490000.0,
        "Total Unusual Items": -41303000.0,
        "Total Unusual Items Excluding Goodwill": -41303000.0,
        "Net Income From Continuing Operation Net Minority Interest": -100725000.0,
        "Reconciled Depreciation": 30521000.0,
        "Reconciled Cost Of Revenue": 304632000.0,
        "EBITDA": -58793000.0,
        "EBIT": -89314000.0,
        "Net Interest Income": -8827000.0,
        "Interest Expense": 9079000.0,
        "Interest Income": 252000.0,
        "Normalized Income": -69747750.0,
        "Net Income From Continuing And Discontinued Operation": -47627000.0,
        "Total Expenses": 415098000.0,
        "Rent Expense Supplemental": 62164000.0,
        "Total Operating Income As Reported": -54713000.0,
        "Diluted Average Shares": 164231034.0,
        "Basic Average Shares": 164231034.0,
        "Diluted EPS": -0.29,
        "Basic EPS": -0.29,
        "Diluted NI Availto Com Stockholders": -47627000.0,
        "Net Income Common Stockholders": -47627000.0,
        "Net Income": -47627000.0,
        "Minority Interests": -1243000.0,
        "Net Income Including Noncontrolling Interests": -46384000.0,
        "Net Income Discontinuous Operations": 53098000.0,
        "Net Income Continuous Operations": -99482000.0,
        "Tax Provision": 1089000.0,
        "Pretax Income": -98393000.0,
        "Other Income Expense": -41303000.0,
        "Other Non Operating Income Expenses": NaN,
        "Special Income Charges": -31918000.0,
        "Gain On Sale Of Ppe": -614000.0,
        "Other Special Charges": 10657000.0,
        "Impairment Of Capital Assets": 5836000.0,
        "Restructuring And Mergern Acquisition": 14811000.0,
        "Gain On Sale Of Security": -9385000.0,
        "Net Non Operating Interest Income Expense": -8827000.0,
        "Interest Expense Non Operating": 9079000.0,
        "Interest Income Non Operating": 252000.0,
        "Operating Income": -48263000.0,
        "Operating Expense": 110466000.0,
        "Other Operating Expenses": 27334000.0,
        "Depreciation Amortization Depletion Income Statement": 30521000.0,
        "Depreciation And Amortization In Income Statement": 30521000.0,
        "Selling General And Administration": 52611000.0,
        "Selling And Marketing Expense": 12828000.0,
        "General And Administrative Expense": 39783000.0,
        "Other Gand A": 39783000.0,
        "Rent And Landing Fees": 62164000.0,
        "Gross Profit": 62203000.0,
        "Cost Of Revenue": 304632000.0,
        "Total Revenue": 366835000.0,
        "Operating Revenue": 322311000.0
    },
    "2024-09-30": {
        "Tax Effect Of Unusual Items": -4180000.0,
        "Tax Rate For Calcs": 0.25,
        "Normalized EBITDA": -36385000.0,
        "Total Unusual Items": -16720000.0,
        "Total Unusual Items Excluding Goodwill": -16720000.0,
        "Net Income From Continuing Operation Net Minority Interest": -88851000.0,
        "Reconciled Depreciation": 29792000.0,
        "Reconciled Cost Of Revenue": 287104000.0,
        "EBITDA": -53105000.0,
        "EBIT": -82897000.0,
        "Net Interest Income": -3098000.0,
        "Interest Expense": 4078000.0,
        "Interest Income": 980000.0,
        "Normalized Income": -76311000.0,
        "Net Income From Continuing And Discontinued Operation": -88851000.0,
        "Total Expenses": 398790000.0,
        "Rent Expense Supplemental": 57799000.0,
        "Total Operating Income As Reported": -55919000.0,
        "Diluted Average Shares": 161547273.0,
        "Basic Average Shares": 161547273.0,
        "Diluted EPS": -0.55,
        "Basic EPS": -0.55,
        "Diluted NI Availto Com Stockholders": -88851000.0,
        "Net Income Common Stockholders": -88851000.0,
        "Net Income": -88851000.0,
        "Minority Interests": -1466000.0,
        "Net Income Including Noncontrolling Interests": -87385000.0,
        "Net Income Discontinuous Operations": 0.0,
        "Net Income Continuous Operations": -87385000.0,
        "Tax Provision": 410000.0,
        "Pretax Income": -86975000.0,
        "Other Income Expense": -44641000.0,
        "Other Non Operating Income Expenses": -27921000.0,
        "Special Income Charges": -16683000.0,
        "Gain On Sale Of Ppe": -1098000.0,
        "Other Special Charges": NaN,
        "Impairment Of Capital Assets": 15585000.0,
        "Restructuring And Mergern Acquisition": 0.0,
        "Gain On Sale Of Security": -37000.0,
        "Net Non Operating Interest Income Expense": -3098000.0,
        "Interest Expense Non Operating": 4078000.0,
        "Interest Income Non Operating": 980000.0,
        "Operating Income": -39236000.0,
        "Operating Expense": 111686000.0,
        "Other Operating Expenses": 23646000.0,
        "Depreciation Amortization Depletion Income Statement": 29792000.0,
        "Depreciation And Amortization In Income Statement": 29792000.0,
        "Selling General And Administration": 58248000.0,
        "Selling And Marketing Expense": 18496000.0,
        "General And Administrative Expense": 39752000.0,
        "Other Gand A": 39752000.0,
        "Rent And Landing Fees": NaN,
        "Gross Profit": 72450000.0,
        "Cost Of Revenue": 287104000.0,
        "Total Revenue": 359554000.0,
        "Operating Revenue": 299455000.0
    }
}