{
    "2023-03-31": {
        "Tax Effect Of Unusual Items": 0.0,
        "Tax Rate For Calcs": 0.0,
        "Normalized EBITDA": -1040000.0,
        "Total Unusual Items": -239000.0,
        "Total Unusual Items Excluding Goodwill": -239000.0,
        "Net Income From Continuing Operation Net Minority Interest": -5086000.0,
        "Reconciled Depreciation": 267000.0,
        "Reconciled Cost Of Revenue": 1467000.0,
        "EBITDA": -1279000.0,
        "EBIT": -1279000.0,
        "Net Interest Income": -3903000.0,
        "Interest Expense": 3903000.0,
        "Normalized Income": -4847000.0,
        "Net Income From Continuing And Discontinued Operation": -5086000.0,
        "Total Expenses": 3617000.0,
        "Total Operating Income As Reported": -1045000.0,
        "Diluted Average Shares": 1249576.0,
        "Basic Average Shares": 1249576.0,
        "Diluted EPS": -4.07,
        "Basic EPS": -4.07,
        "Diluted NI Availto Com Stockholders": -5086000.0,
        "Net Income Common Stockholders": -5086000.0,
        "Net Income": -5086000.0,
        "Minority Interests": 96000.0,
        "Net Income Including Noncontrolling Interests": -5182000.0,
        "Net Income Continuous Operations": -5182000.0,
        "Pretax Income": -5182000.0,
        "Other Income Expense": -234000.0,
        "Other Non Operating Income Expenses": 5000.0,
        "Special Income Charges": -239000.0,
        "Other Special Charges": 239000.0,
        "Net Non Operating Interest Income Expense": -3903000.0,
        "Interest Expense Non Operating": 3903000.0,
        "Operating Income": -1045000.0,
        "Operating Expense": 2150000.0,
        "Research And Development": 306000.0,
        "Selling General And Administration": 1844000.0,
        "Gross Profit": 1105000.0,
        "Cost Of Revenue": 1467000.0,
        "Total Revenue": 2572000.0,
        "Operating Revenue": 2572000.0
    },
    "2022-12-31": {
        "Tax Effect Of Unusual Items": 0.0,
        "Tax Rate For Calcs": 0.0,
        "Normalized EBITDA": -1269000.0,
        "Total Unusual Items": 0.0,
        "Total Unusual Items Excluding Goodwill": 0.0,
        "Net Income From Continuing Operation Net Minority Interest": -3433000.0,
        "Reconciled Depreciation": 260000.0,
        "Reconciled Cost Of Revenue": 2282000.0,
        "EBITDA": -1269000.0,
        "EBIT": -1529000.0,
        "Net Interest Income": -2044000.0,
        "Interest Expense": 2044000.0,
        "Normalized Income": -3433000.0,
        "Net Income From Continuing And Discontinued Operation": -3433000.0,
        "Total Expenses": 4203000.0,
        "Total Operating Income As Reported": -1527000.0,
        "Diluted Average Shares": 1037138.0,
        "Basic Average Shares": 1037138.0,
        "Diluted EPS": -3.310071,
        "Basic EPS": -3.310071,
        "Diluted NI Availto Com Stockholders": -3433000.0,
        "Net Income Common Stockholders": -3433000.0,
        "Net Income": -3433000.0,
        "Minority Interests": 140000.0,
        "Net Income Including Noncontrolling Interests": -3573000.0,
        "Net Income Continuous Operations": -3573000.0,
        "Pretax Income": -3573000.0,
        "Other Income Expense": -2000.0,
        "Other Non Operating Income Expenses": -2000.0,
        "Special Income Charges": 0.0,
        "Other Special Charges": NaN,
        "Net Non Operating Interest Income Expense": -2044000.0,
        "Interest Expense Non Operating": 2044000.0,
        "Operating Income": -1527000.0,
        "Operating Expense": 1921000.0,
        "Research And Development": 342000.0,
        "Selling General And Administration": 1579000.0,
        "Gross Profit": 394000.0,
        "Cost Of Revenue": 2282000.0,
        "Total Revenue": 2676000.0,
        "Operating Revenue": 2676000.0
    },
    "2022-09-30": {
        "Tax Effect Of Unusual Items": 0.0,
        "Tax Rate For Calcs": 0.0,
        "Normalized EBITDA": -1756000.0,
        "Total Unusual Items": 0.0,
        "Total Unusual Items Excluding Goodwill": 0.0,
        "Net Income From Continuing Operation Net Minority Interest": -3240000.0,
        "Reconciled Depreciation": 256000.0,
        "Reconciled Cost Of Revenue": 1678000.0,
        "EBITDA": -1756000.0,
        "EBIT": -2012000.0,
        "Net Interest Income": -1391000.0,
        "Interest Expense": 1391000.0,
        "Normalized Income": -3240000.0,
        "Net Income From Continuing And Discontinued Operation": -3240000.0,
        "Total Expenses": 4130000.0,
        "Total Operating Income As Reported": -2015000.0,
        "Diluted Average Shares": 694795.0,
        "Basic Average Shares": 694795.0,
        "Diluted EPS": -4.66,
        "Basic EPS": -4.66,
        "Diluted NI Availto Com Stockholders": -3240000.0,
        "Net Income Common Stockholders": -3240000.0,
        "Net Income": -3240000.0,
        "Minority Interests": 163000.0,
        "Net Income Including Noncontrolling Interests": -3403000.0,
        "Net Income Continuous Operations": -3403000.0,
        "Pretax Income": -3403000.0,
        "Other Income Expense": 3000.0,
        "Other Non Operating Income Expenses": 3000.0,
        "Special Income Charges": 0.0,
        "Other Special Charges": NaN,
        "Net Non Operating Interest Income Expense": -1391000.0,
        "Interest Expense Non Operating": 1391000.0,
        "Operating Income": -2015000.0,
        "Operating Expense": 2452000.0,
        "Research And Development": 470000.0,
        "Selling General And Administration": 1982000.0,
        "Gross Profit": 437000.0,
        "Cost Of Revenue": 1678000.0,
        "Total Revenue": 2115000.0,
        "Operating Revenue": 2115000.0
    },
    "2022-06-30": {
        "Tax Effect Of Unusual Items": 0.0,
        "Tax Rate For Calcs": 0.0,
        "Normalized EBITDA": -1182000.0,
        "Total Unusual Items": 0.0,
        "Total Unusual Items Excluding Goodwill": 0.0,
        "Net Income From Continuing Operation Net Minority Interest": -2688000.0,
        "Reconciled Depreciation": 260000.0,
        "Reconciled Cost Of Revenue": 2090000.0,
        "EBITDA": -1182000.0,
        "EBIT": -1442000.0,
        "Net Interest Income": -1359000.0,
        "Interest Expense": 1359000.0,
        "Normalized Income": -2688000.0,
        "Net Income From Continuing And Discontinued Operation": -2688000.0,
        "Total Expenses": 4471000.0,
        "Total Operating Income As Reported": -1442000.0,
        "Diluted Average Shares": 299181.0,
        "Basic Average Shares": 299181.0,
        "Diluted EPS": -8.98,
        "Basic EPS": -8.98,
        "Diluted NI Availto Com Stockholders": -2688000.0,
        "Net Income Common Stockholders": -2688000.0,
        "Net Income": -2688000.0,
        "Minority Interests": 113000.0,
        "Net Income Including Noncontrolling Interests": -2801000.0,
        "Net Income Continuous Operations": -2801000.0,
        "Pretax Income": -2801000.0,
        "Other Income Expense": NaN,
        "Other Non Operating Income Expenses": NaN,
        "Special Income Charges": 0.0,
        "Other Special Charges": NaN,
        "Net Non Operating Interest Income Expense": -1359000.0,
        "Interest Expense Non Operating": 1359000.0,
        "Operating Income": -1442000.0,
        "Operating Expense": 2381000.0,
        "Research And Development": 392000.0,
        "Selling General And Administration": 1989000.0,
        "Gross Profit": 939000.0,
        "Cost Of Revenue": 2090000.0,
        "Total Revenue": 3029000.0,
        "Operating Revenue": 3029000.0
    },
    "2022-03-31": {
        "Diluted EPS": -6.63,
        "Total Revenue": 3,
        "Gross Profit": 1,
        "Operating Income": -1,
        "EBIT": -1,
        "Net Income": -2
    },
    "2021-12-31": {
        "Diluted EPS": -10.08,
        "Total Revenue": 2,
        "Gross Profit": 1,
        "Operating Income": -1,
        "EBIT": 0,
        "Net Income": -3
    },
    "2021-09-30": {
        "Diluted EPS": -6.76,
        "Total Revenue": 3,
        "Gross Profit": 1,
        "Operating Income": -1,
        "EBIT": 0,
        "Net Income": -2
    },
    "2021-06-30": {
        "Diluted EPS": -17.12,
        "Total Revenue": 2,
        "Gross Profit": 1,
        "Operating Income": -3,
        "EBIT": -2,
        "Net Income": -5
    },
    "2021-03-31": {
        "Diluted EPS": -9.46,
        "Total Revenue": 2,
        "Gross Profit": 1,
        "Operating Income": -2,
        "EBIT": -1,
        "Net Income": -2
    },
    "2020-12-31": {
        "Diluted EPS": -4.51,
        "Total Revenue": 2,
        "Gross Profit": 1,
        "Operating Income": -1,
        "EBIT": 0,
        "Net Income": -3
    },
    "2020-09-30": {
        "Diluted EPS": -16.67,
        "Total Revenue": 2,
        "Gross Profit": 2,
        "Operating Income": -1,
        "EBIT": 0,
        "Net Income": -2
    },
    "2020-06-30": {
        "Diluted EPS": -45.95,
        "Total Revenue": 2,
        "Gross Profit": -3,
        "Operating Income": -5,
        "EBIT": -4,
        "Net Income": -6
    },
    "2020-03-31": {
        "Diluted EPS": -50.0,
        "Total Revenue": 3,
        "Gross Profit": 1,
        "Operating Income": -1,
        "EBIT": 2,
        "Net Income": -5
    },
    "2019-12-31": {
        "Diluted EPS": -60.81,
        "Total Revenue": 2,
        "Gross Profit": 1,
        "Operating Income": -3,
        "EBIT": -2,
        "Net Income": -4
    },
    "2019-09-30": {
        "Diluted EPS": -35.14,
        "Total Revenue": 4,
        "Gross Profit": 2,
        "Operating Income": 0,
        "EBIT": 0,
        "Net Income": -2
    },
    "2019-06-30": {
        "Diluted EPS": -21.17,
        "Total Revenue": 4,
        "Gross Profit": 2,
        "Operating Income": 0,
        "EBIT": 1,
        "Net Income": -1
    },
    "2019-03-31": {
        "Diluted EPS": -34.23,
        "Total Revenue": 3,
        "Gross Profit": 1,
        "Operating Income": -1,
        "EBIT": 0,
        "Net Income": -2
    },
    "2018-12-31": {
        "Diluted EPS": -9.46,
        "Total Revenue": 3,
        "Gross Profit": 1,
        "Operating Income": -8,
        "EBIT": -7,
        "Net Income": -7
    },
    "2018-09-30": {
        "Diluted EPS": -52.7,
        "Total Revenue": 3,
        "Gross Profit": 1,
        "Operating Income": -2,
        "EBIT": -1,
        "Net Income": -3
    },
    "2018-06-30": {
        "Diluted EPS": -787.84,
        "Total Revenue": 2,
        "Gross Profit": 0,
        "Operating Income": -31,
        "EBIT": -30,
        "Net Income": -27
    },
    "2018-03-31": {
        "Diluted EPS": -121.62,
        "Total Revenue": 2,
        "Gross Profit": 0,
        "Operating Income": -3,
        "EBIT": -3,
        "Net Income": -3
    },
    "2017-12-31": {
        "Diluted EPS": 0.0,
        "Total Revenue": NaN,
        "Gross Profit": NaN,
        "Operating Income": NaN,
        "EBIT": NaN,
        "Net Income": NaN
    },
    "2017-09-30": {
        "Diluted EPS": -108.11,
        "Total Revenue": 3,
        "Gross Profit": 1,
        "Operating Income": -2,
        "EBIT": -2,
        "Net Income": -2
    },
    "2017-06-30": {
        "Diluted EPS": -54.05,
        "Total Revenue": 4,
        "Gross Profit": 2,
        "Operating Income": -2,
        "EBIT": -2,
        "Net Income": -1
    },
    "2017-03-31": {
        "Diluted EPS": -94.6,
        "Total Revenue": 3,
        "Gross Profit": 1,
        "Operating Income": -2,
        "EBIT": -2,
        "Net Income": -2
    },
    "2016-12-31": {
        "Diluted EPS": -157.66,
        "Total Revenue": 4,
        "Gross Profit": 2,
        "Operating Income": 4,
        "EBIT": 4,
        "Net Income": -3
    },
    "2016-09-30": {
        "Diluted EPS": NaN,
        "Total Revenue": 4,
        "Gross Profit": 1,
        "Operating Income": -2,
        "EBIT": -2,
        "Net Income": -22
    },
    "2016-06-30": {
        "Diluted EPS": 0.0,
        "Total Revenue": NaN,
        "Gross Profit": NaN,
        "Operating Income": NaN,
        "EBIT": NaN,
        "Net Income": NaN
    },
    "2016-03-31": {
        "Diluted EPS": NaN,
        "Total Revenue": 3,
        "Gross Profit": 0,
        "Operating Income": -3,
        "EBIT": 4,
        "Net Income": -11
    },
    "2015-12-31": {
        "Diluted EPS": -135.14,
        "Total Revenue": 3,
        "Gross Profit": 1,
        "Operating Income": 3,
        "EBIT": 4,
        "Net Income": -1
    },
    "2015-09-30": {
        "Diluted EPS": -752.25,
        "Total Revenue": 3,
        "Gross Profit": 0,
        "Operating Income": -4,
        "EBIT": -4,
        "Net Income": -3
    },
    "2015-06-30": {
        "Diluted EPS": 0.0,
        "Total Revenue": NaN,
        "Gross Profit": NaN,
        "Operating Income": NaN,
        "EBIT": NaN,
        "Net Income": NaN
    },
    "2015-03-31": {
        "Diluted EPS": NaN,
        "Total Revenue": 4,
        "Gross Profit": 1,
        "Operating Income": -5,
        "EBIT": -4,
        "Net Income": -5
    },
    "2014-12-31": {
        "Diluted EPS": -990.99,
        "Total Revenue": 5,
        "Gross Profit": 2,
        "Operating Income": 5,
        "EBIT": 5,
        "Net Income": -4
    },
    "2014-09-30": {
        "Diluted EPS": -720.72,
        "Total Revenue": 4,
        "Gross Profit": 1,
        "Operating Income": -3,
        "EBIT": -3,
        "Net Income": -3
    },
    "2014-06-30": {
        "Diluted EPS": 0.0,
        "Total Revenue": NaN,
        "Gross Profit": NaN,
        "Operating Income": NaN,
        "EBIT": NaN,
        "Net Income": NaN
    },
    "2014-03-31": {
        "Diluted EPS": -630.63,
        "Total Revenue": 4,
        "Gross Profit": 2,
        "Operating Income": -2,
        "EBIT": -1,
        "Net Income": -2
    },
    "2013-12-31": {
        "Diluted EPS": -900.9,
        "Total Revenue": 4,
        "Gross Profit": 2,
        "Operating Income": 4,
        "EBIT": 5,
        "Net Income": -2
    },
    "2013-09-30": {
        "Diluted EPS": NaN,
        "Total Revenue": 4,
        "Gross Profit": 1,
        "Operating Income": -2,
        "EBIT": -2,
        "Net Income": -2
    },
    "2013-06-30": {
        "Diluted EPS": 0.0,
        "Total Revenue": NaN,
        "Gross Profit": NaN,
        "Operating Income": NaN,
        "EBIT": NaN,
        "Net Income": NaN
    },
    "2013-03-31": {
        "Diluted EPS": -630.63,
        "Total Revenue": 5,
        "Gross Profit": 2,
        "Operating Income": -1,
        "EBIT": -1,
        "Net Income": -1
    },
    "2012-12-31": {
        "Diluted EPS": -270.27,
        "Total Revenue": 5,
        "Gross Profit": 2,
        "Operating Income": 5,
        "EBIT": 5,
        "Net Income": -1
    },
    "2012-09-30": {
        "Diluted EPS": 540.54,
        "Total Revenue": 4,
        "Gross Profit": 2,
        "Operating Income": 1,
        "EBIT": 1,
        "Net Income": 1
    },
    "2012-06-30": {
        "Diluted EPS": 0.0,
        "Total Revenue": NaN,
        "Gross Profit": NaN,
        "Operating Income": NaN,
        "EBIT": NaN,
        "Net Income": NaN
    },
    "2012-03-31": {
        "Diluted EPS": -990.99,
        "Total Revenue": 5,
        "Gross Profit": 1,
        "Operating Income": -2,
        "EBIT": -1,
        "Net Income": -2
    },
    "2011-12-31": {
        "Diluted EPS": -720.72,
        "Total Revenue": 5,
        "Gross Profit": 2,
        "Operating Income": 5,
        "EBIT": 5,
        "Net Income": -1
    },
    "2011-09-30": {
        "Diluted EPS": -630.63,
        "Total Revenue": 5,
        "Gross Profit": 2,
        "Operating Income": -1,
        "EBIT": -1,
        "Net Income": -1
    },
    "2011-06-30": {
        "Diluted EPS": 0.0,
        "Total Revenue": NaN,
        "Gross Profit": NaN,
        "Operating Income": NaN,
        "EBIT": NaN,
        "Net Income": NaN
    },
    "2011-03-31": {
        "Diluted EPS": -540.54,
        "Total Revenue": 5,
        "Gross Profit": 2,
        "Operating Income": -1,
        "EBIT": 0,
        "Net Income": -1
    },
    "2010-12-31": {
        "Diluted EPS": -270.27,
        "Total Revenue": 6,
        "Gross Profit": 2,
        "Operating Income": 6,
        "EBIT": 6,
        "Net Income": 0
    },
    "2010-09-30": {
        "Diluted EPS": 0.0,
        "Total Revenue": 7,
        "Gross Profit": 3,
        "Operating Income": 0,
        "EBIT": 0,
        "Net Income": 0
    },
    "2010-06-30": {
        "Diluted EPS": 0.0,
        "Total Revenue": NaN,
        "Gross Profit": NaN,
        "Operating Income": NaN,
        "EBIT": NaN,
        "Net Income": NaN
    },
    "2010-03-31": {
        "Diluted EPS": -900.9,
        "Total Revenue": 5,
        "Gross Profit": 1,
        "Operating Income": -1,
        "EBIT": -1,
        "Net Income": -1
    },
    "2009-12-31": {
        "Diluted EPS": -900.9,
        "Total Revenue": 6,
        "Gross Profit": 2,
        "Operating Income": 6,
        "EBIT": 6,
        "Net Income": -1
    },
    "2009-09-30": {
        "Diluted EPS": NaN,
        "Total Revenue": 5,
        "Gross Profit": 2,
        "Operating Income": -2,
        "EBIT": -2,
        "Net Income": -2
    },
    "2009-06-30": {
        "Diluted EPS": 0.0,
        "Total Revenue": NaN,
        "Gross Profit": NaN,
        "Operating Income": NaN,
        "EBIT": NaN,
        "Net Income": NaN
    },
    "2009-03-31": {
        "Diluted EPS": -720.72,
        "Total Revenue": 5,
        "Gross Profit": 2,
        "Operating Income": -1,
        "EBIT": -1,
        "Net Income": -1
    },
    "2023-06-30": {
        "Tax Effect Of Unusual Items": 0.0,
        "Tax Rate For Calcs": 0.0,
        "Normalized EBITDA": -1462000.0,
        "Total Unusual Items": 0.0,
        "Total Unusual Items Excluding Goodwill": 0.0,
        "Net Income From Continuing Operation Net Minority Interest": -2260000.0,
        "Reconciled Depreciation": 268000.0,
        "Reconciled Cost Of Revenue": 1804000.0,
        "EBITDA": -1462000.0,
        "EBIT": -1730000.0,
        "Net Interest Income": -668000.0,
        "Interest Expense": 668000.0,
        "Normalized Income": -2260000.0,
        "Net Income From Continuing And Discontinued Operation": -2260000.0,
        "Total Expenses": 4003000.0,
        "Total Operating Income As Reported": -1730000.0,
        "Diluted Average Shares": 2482298.0,
        "Basic Average Shares": 2482298.0,
        "Diluted EPS": -0.91,
        "Basic EPS": -0.91,
        "Diluted NI Availto Com Stockholders": -2260000.0,
        "Net Income Common Stockholders": -2260000.0,
        "Net Income": -2260000.0,
        "Minority Interests": 138000.0,
        "Net Income Including Noncontrolling Interests": -2398000.0,
        "Net Income Continuous Operations": -2398000.0,
        "Pretax Income": -2398000.0,
        "Other Income Expense": NaN,
        "Other Non Operating Income Expenses": NaN,
        "Special Income Charges": 0.0,
        "Other Special Charges": NaN,
        "Net Non Operating Interest Income Expense": -668000.0,
        "Interest Expense Non Operating": 668000.0,
        "Operating Income": -1730000.0,
        "Operating Expense": 2199000.0,
        "Research And Development": 383000.0,
        "Selling General And Administration": 1816000.0,
        "Gross Profit": 469000.0,
        "Cost Of Revenue": 1804000.0,
        "Total Revenue": 2273000.0,
        "Operating Revenue": 2273000.0
    },
    "2023-09-30": {
        "Tax Effect Of Unusual Items": 0.0,
        "Tax Rate For Calcs": 0.0,
        "Normalized EBITDA": -1535000.0,
        "Total Unusual Items": -87000.0,
        "Total Unusual Items Excluding Goodwill": -87000.0,
        "Net Income From Continuing Operation Net Minority Interest": -3615000.0,
        "Reconciled Depreciation": 281000.0,
        "Reconciled Cost Of Revenue": 1799000.0,
        "EBITDA": -1622000.0,
        "EBIT": -1622000.0,
        "Net Interest Income": -2118000.0,
        "Interest Expense": 2118000.0,
        "Normalized Income": -3528000.0,
        "Net Income From Continuing And Discontinued Operation": -3615000.0,
        "Total Expenses": 3751000.0,
        "Total Operating Income As Reported": -1557000.0,
        "Diluted Average Shares": 2503631.0,
        "Basic Average Shares": 2503631.0,
        "Diluted EPS": -1.44,
        "Basic EPS": -1.44,
        "Diluted NI Availto Com Stockholders": -3615000.0,
        "Net Income Common Stockholders": -3615000.0,
        "Net Income": -3615000.0,
        "Minority Interests": 125000.0,
        "Net Income Including Noncontrolling Interests": -3740000.0,
        "Net Income Continuous Operations": -3740000.0,
        "Pretax Income": -3740000.0,
        "Other Income Expense": -65000.0,
        "Other Non Operating Income Expenses": 22000.0,
        "Special Income Charges": -87000.0,
        "Other Special Charges": 87000.0,
        "Net Non Operating Interest Income Expense": -2118000.0,
        "Interest Expense Non Operating": 2118000.0,
        "Operating Income": -1557000.0,
        "Operating Expense": 1952000.0,
        "Research And Development": 266000.0,
        "Selling General And Administration": 1686000.0,
        "Gross Profit": 395000.0,
        "Cost Of Revenue": 1799000.0,
        "Total Revenue": 2194000.0,
        "Operating Revenue": 2194000.0
    }
}