{
    "2023-06-30": {
        "Tax Effect Of Unusual Items": 1680000.0,
        "Tax Rate For Calcs": 0.21,
        "Normalized EBITDA": 502000000.0,
        "Total Unusual Items": 8000000.0,
        "Total Unusual Items Excluding Goodwill": 8000000.0,
        "Net Income From Continuing Operation Net Minority Interest": -22000000.0,
        "Reconciled Depreciation": 328000000.0,
        "Reconciled Cost Of Revenue": 380000000.0,
        "EBITDA": 510000000.0,
        "EBIT": 182000000.0,
        "Net Interest Income": -174000000.0,
        "Interest Expense": 149000000.0,
        "Interest Income": 4000000.0,
        "Normalized Income": -28320000.0,
        "Net Income From Continuing And Discontinued Operation": -22000000.0,
        "Total Expenses": 1205000000.0,
        "Total Operating Income As Reported": 198000000.0,
        "Diluted Average Shares": 173541000.0,
        "Basic Average Shares": 171287000.0,
        "Diluted EPS": -0.13,
        "Basic EPS": -0.13,
        "Diluted NI Availto Com Stockholders": -22000000.0,
        "Net Income Common Stockholders": -22000000.0,
        "Net Income": -22000000.0,
        "Minority Interests": 26000000.0,
        "Net Income Including Noncontrolling Interests": -48000000.0,
        "Net Income Discontinuous Operations": 0.0,
        "Net Income Continuous Operations": -48000000.0,
        "Tax Provision": 81000000.0,
        "Pretax Income": 33000000.0,
        "Other Income Expense": 21000000.0,
        "Other Non Operating Income Expenses": 1000000.0,
        "Earnings From Equity Interest": 12000000.0,
        "Gain On Sale Of Security": 8000000.0,
        "Net Non Operating Interest Income Expense": -174000000.0,
        "Total Other Finance Cost": 29000000.0,
        "Interest Expense Non Operating": 149000000.0,
        "Interest Income Non Operating": 4000000.0,
        "Operating Income": 188000000.0,
        "Operating Expense": 825000000.0,
        "Other Operating Expenses": 497000000.0,
        "Depreciation Amortization Depletion Income Statement": 328000000.0,
        "Depreciation And Amortization In Income Statement": 328000000.0,
        "Amortization": 90000000.0,
        "Amortization Of Intangibles Income Statement": 90000000.0,
        "Depreciation Income Statement": 238000000.0,
        "Gross Profit": 1013000000.0,
        "Cost Of Revenue": 380000000.0,
        "Total Revenue": 1393000000.0,
        "Operating Revenue": 1393000000.0
    },
    "2023-03-31": {
        "Tax Effect Of Unusual Items": NaN,
        "Tax Rate For Calcs": NaN,
        "Normalized EBITDA": NaN,
        "Total Unusual Items": NaN,
        "Total Unusual Items Excluding Goodwill": NaN,
        "Net Income From Continuing Operation Net Minority Interest": NaN,
        "Reconciled Depreciation": NaN,
        "Reconciled Cost Of Revenue": NaN,
        "EBITDA": NaN,
        "EBIT": NaN,
        "Net Interest Income": NaN,
        "Interest Expense": NaN,
        "Interest Income": NaN,
        "Normalized Income": NaN,
        "Net Income From Continuing And Discontinued Operation": NaN,
        "Total Expenses": NaN,
        "Total Operating Income As Reported": NaN,
        "Diluted Average Shares": 171400000.0,
        "Basic Average Shares": 170908000.0,
        "Diluted EPS": 0.02,
        "Basic EPS": 0.02,
        "Diluted NI Availto Com Stockholders": NaN,
        "Net Income Common Stockholders": NaN,
        "Net Income": NaN,
        "Minority Interests": NaN,
        "Net Income Including Noncontrolling Interests": NaN,
        "Net Income Discontinuous Operations": 0.0,
        "Net Income Continuous Operations": NaN,
        "Tax Provision": NaN,
        "Pretax Income": NaN,
        "Other Income Expense": NaN,
        "Other Non Operating Income Expenses": 1000000.0,
        "Earnings From Equity Interest": NaN,
        "Gain On Sale Of Security": NaN,
        "Net Non Operating Interest Income Expense": NaN,
        "Total Other Finance Cost": NaN,
        "Interest Expense Non Operating": NaN,
        "Interest Income Non Operating": NaN,
        "Operating Income": NaN,
        "Operating Expense": NaN,
        "Other Operating Expenses": NaN,
        "Depreciation Amortization Depletion Income Statement": NaN,
        "Depreciation And Amortization In Income Statement": NaN,
        "Amortization": NaN,
        "Amortization Of Intangibles Income Statement": NaN,
        "Depreciation Income Statement": NaN,
        "Gross Profit": NaN,
        "Cost Of Revenue": NaN,
        "Total Revenue": NaN,
        "Operating Revenue": NaN
    },
    "2022-12-31": {
        "Tax Effect Of Unusual Items": NaN,
        "Tax Rate For Calcs": NaN,
        "Normalized EBITDA": NaN,
        "Total Unusual Items": NaN,
        "Total Unusual Items Excluding Goodwill": NaN,
        "Net Income From Continuing Operation Net Minority Interest": NaN,
        "Reconciled Depreciation": NaN,
        "Reconciled Cost Of Revenue": NaN,
        "EBITDA": NaN,
        "EBIT": NaN,
        "Net Interest Income": NaN,
        "Interest Expense": NaN,
        "Interest Income": NaN,
        "Normalized Income": NaN,
        "Net Income From Continuing And Discontinued Operation": NaN,
        "Total Expenses": NaN,
        "Total Operating Income As Reported": NaN,
        "Diluted Average Shares": NaN,
        "Basic Average Shares": NaN,
        "Diluted EPS": NaN,
        "Basic EPS": NaN,
        "Diluted NI Availto Com Stockholders": NaN,
        "Net Income Common Stockholders": NaN,
        "Net Income": NaN,
        "Minority Interests": NaN,
        "Net Income Including Noncontrolling Interests": NaN,
        "Net Income Discontinuous Operations": 0.0,
        "Net Income Continuous Operations": NaN,
        "Tax Provision": NaN,
        "Pretax Income": NaN,
        "Other Income Expense": NaN,
        "Other Non Operating Income Expenses": 2000000.0,
        "Earnings From Equity Interest": NaN,
        "Gain On Sale Of Security": NaN,
        "Net Non Operating Interest Income Expense": NaN,
        "Total Other Finance Cost": NaN,
        "Interest Expense Non Operating": NaN,
        "Interest Income Non Operating": NaN,
        "Operating Income": NaN,
        "Operating Expense": NaN,
        "Other Operating Expenses": NaN,
        "Depreciation Amortization Depletion Income Statement": NaN,
        "Depreciation And Amortization In Income Statement": NaN,
        "Amortization": NaN,
        "Amortization Of Intangibles Income Statement": NaN,
        "Depreciation Income Statement": NaN,
        "Gross Profit": NaN,
        "Cost Of Revenue": NaN,
        "Total Revenue": NaN,
        "Operating Revenue": NaN
    },
    "2022-09-30": {
        "Tax Effect Of Unusual Items": -14000000.0,
        "Tax Rate For Calcs": 0.4,
        "Normalized EBITDA": 519000000.0,
        "Total Unusual Items": -35000000.0,
        "Total Unusual Items Excluding Goodwill": -35000000.0,
        "Net Income From Continuing Operation Net Minority Interest": -34000000.0,
        "Reconciled Depreciation": 342000000.0,
        "Reconciled Cost Of Revenue": 369000000.0,
        "EBITDA": 484000000.0,
        "EBIT": 142000000.0,
        "Net Interest Income": -157000000.0,
        "Interest Expense": 138000000.0,
        "Interest Income": 3000000.0,
        "Normalized Income": -13000000.0,
        "Net Income From Continuing And Discontinued Operation": -32000000.0,
        "Total Expenses": 1196000000.0,
        "Total Operating Income As Reported": 196000000.0,
        "Diluted Average Shares": 171207000.0,
        "Basic Average Shares": 170872000.0,
        "Diluted EPS": -0.18,
        "Basic EPS": -0.18,
        "Diluted NI Availto Com Stockholders": -32000000.0,
        "Net Income Common Stockholders": -32000000.0,
        "Net Income": -32000000.0,
        "Minority Interests": 16000000.0,
        "Net Income Including Noncontrolling Interests": -47000000.0,
        "Net Income Discontinuous Operations": 2000000.0,
        "Net Income Continuous Operations": -49000000.0,
        "Tax Provision": 53000000.0,
        "Pretax Income": 4000000.0,
        "Other Income Expense": -30000000.0,
        "Other Non Operating Income Expenses": NaN,
        "Special Income Charges": NaN,
        "Restructuring And Mergern Acquisition": NaN,
        "Earnings From Equity Interest": 5000000.0,
        "Gain On Sale Of Security": -35000000.0,
        "Net Non Operating Interest Income Expense": -157000000.0,
        "Total Other Finance Cost": 22000000.0,
        "Interest Expense Non Operating": 138000000.0,
        "Interest Income Non Operating": 3000000.0,
        "Operating Income": 192000000.0,
        "Operating Expense": 827000000.0,
        "Other Operating Expenses": 485000000.0,
        "Depreciation Amortization Depletion Income Statement": 342000000.0,
        "Depreciation And Amortization In Income Statement": 342000000.0,
        "Amortization": 93000000.0,
        "Amortization Of Intangibles Income Statement": 93000000.0,
        "Depreciation Income Statement": 249000000.0,
        "Gross Profit": 1019000000.0,
        "Cost Of Revenue": 369000000.0,
        "Total Revenue": 1388000000.0,
        "Operating Revenue": 1388000000.0
    },
    "2022-06-30": {
        "Tax Effect Of Unusual Items": -4800000.0,
        "Tax Rate For Calcs": 0.4,
        "Normalized EBITDA": 569000000.0,
        "Total Unusual Items": -12000000.0,
        "Total Unusual Items Excluding Goodwill": -12000000.0,
        "Net Income From Continuing Operation Net Minority Interest": 12000000.0,
        "Reconciled Depreciation": 342000000.0,
        "Reconciled Cost Of Revenue": 395000000.0,
        "EBITDA": 557000000.0,
        "EBIT": 215000000.0,
        "Net Interest Income": -165000000.0,
        "Interest Expense": 144000000.0,
        "Interest Income": 2000000.0,
        "Normalized Income": 19200000.0,
        "Net Income From Continuing And Discontinued Operation": 129000000.0,
        "Total Expenses": 1212000000.0,
        "Total Operating Income As Reported": 247000000.0,
        "Diluted Average Shares": 113956000.0,
        "Basic Average Shares": 113488000.0,
        "Diluted EPS": 1.13,
        "Basic EPS": 1.14,
        "Diluted NI Availto Com Stockholders": 129000000.0,
        "Net Income Common Stockholders": 129000000.0,
        "Net Income": 129000000.0,
        "Minority Interests": 18000000.0,
        "Net Income Including Noncontrolling Interests": 111000000.0,
        "Net Income Discontinuous Operations": 117000000.0,
        "Net Income Continuous Operations": -6000000.0,
        "Tax Provision": 78000000.0,
        "Pretax Income": 71000000.0,
        "Other Income Expense": -1000000.0,
        "Other Non Operating Income Expenses": NaN,
        "Special Income Charges": NaN,
        "Restructuring And Mergern Acquisition": NaN,
        "Earnings From Equity Interest": 11000000.0,
        "Gain On Sale Of Security": -12000000.0,
        "Net Non Operating Interest Income Expense": -165000000.0,
        "Total Other Finance Cost": 23000000.0,
        "Interest Expense Non Operating": 144000000.0,
        "Interest Income Non Operating": 2000000.0,
        "Operating Income": 235000000.0,
        "Operating Expense": 817000000.0,
        "Other Operating Expenses": 475000000.0,
        "Depreciation Amortization Depletion Income Statement": 342000000.0,
        "Depreciation And Amortization In Income Statement": 342000000.0,
        "Amortization": 90000000.0,
        "Amortization Of Intangibles Income Statement": 90000000.0,
        "Depreciation Income Statement": 252000000.0,
        "Gross Profit": 1052000000.0,
        "Cost Of Revenue": 395000000.0,
        "Total Revenue": 1447000000.0,
        "Operating Revenue": 1447000000.0
    },
    "2022-03-31": {
        "Diluted EPS": -0.01,
        "Total Revenue": NaN,
        "Gross Profit": NaN,
        "Operating Income": 0,
        "EBIT": 0,
        "Net Income": 0
    },
    "2021-12-31": {
        "Diluted EPS": -0.04,
        "Total Revenue": NaN,
        "Gross Profit": NaN,
        "Operating Income": 0,
        "EBIT": 0,
        "Net Income": 0
    },
    "2021-09-30": {
        "Diluted EPS": -0.01,
        "Total Revenue": NaN,
        "Gross Profit": NaN,
        "Operating Income": 0,
        "EBIT": 0,
        "Net Income": 0
    },
    "2021-06-30": {
        "Diluted EPS": 0.0,
        "Total Revenue": NaN,
        "Gross Profit": NaN,
        "Operating Income": 0,
        "EBIT": 0,
        "Net Income": 0
    },
    "2021-03-31": {
        "Diluted EPS": 0.0,
        "Total Revenue": NaN,
        "Gross Profit": NaN,
        "Operating Income": 0,
        "EBIT": 0,
        "Net Income": 0
    },
    "2020-12-31": {
        "Diluted EPS": 0.0,
        "Total Revenue": NaN,
        "Gross Profit": NaN,
        "Operating Income": NaN,
        "EBIT": NaN,
        "Net Income": NaN
    },
    "2020-09-30": {
        "Diluted EPS": 0.0,
        "Total Revenue": NaN,
        "Gross Profit": NaN,
        "Operating Income": 0,
        "EBIT": 0,
        "Net Income": 0
    },
    "2020-06-30": {
        "Diluted EPS": 0.0,
        "Total Revenue": NaN,
        "Gross Profit": NaN,
        "Operating Income": NaN,
        "EBIT": NaN,
        "Net Income": NaN
    },
    "2023-09-30": {
        "Tax Effect Of Unusual Items": 420000.0,
        "Tax Rate For Calcs": 0.21,
        "Normalized EBITDA": 522000000.0,
        "Total Unusual Items": 2000000.0,
        "Total Unusual Items Excluding Goodwill": 2000000.0,
        "Net Income From Continuing Operation Net Minority Interest": -4000000.0,
        "Reconciled Depreciation": 337000000.0,
        "Reconciled Cost Of Revenue": 363000000.0,
        "EBITDA": 524000000.0,
        "EBIT": 187000000.0,
        "Net Interest Income": -176000000.0,
        "Interest Expense": 151000000.0,
        "Interest Income": 6000000.0,
        "Normalized Income": -5580000.0,
        "Net Income From Continuing And Discontinued Operation": 0.0,
        "Total Expenses": 1225000000.0,
        "Total Operating Income As Reported": 209000000.0,
        "Diluted Average Shares": 173242000.0,
        "Basic Average Shares": 171613000.0,
        "Diluted EPS": 0.0,
        "Basic EPS": 0.0,
        "Diluted NI Availto Com Stockholders": 0.0,
        "Net Income Common Stockholders": 0.0,
        "Net Income": 0.0,
        "Minority Interests": 20000000.0,
        "Net Income Including Noncontrolling Interests": -20000000.0,
        "Net Income Discontinuous Operations": 4000000.0,
        "Net Income Continuous Operations": -25000000.0,
        "Tax Provision": 61000000.0,
        "Pretax Income": 36000000.0,
        "Other Income Expense": 12000000.0,
        "Other Non Operating Income Expenses": NaN,
        "Earnings From Equity Interest": 10000000.0,
        "Gain On Sale Of Security": 2000000.0,
        "Net Non Operating Interest Income Expense": -176000000.0,
        "Total Other Finance Cost": 31000000.0,
        "Interest Expense Non Operating": 151000000.0,
        "Interest Income Non Operating": 6000000.0,
        "Operating Income": 198000000.0,
        "Operating Expense": 862000000.0,
        "Other Operating Expenses": 525000000.0,
        "Depreciation Amortization Depletion Income Statement": 337000000.0,
        "Depreciation And Amortization In Income Statement": 337000000.0,
        "Amortization": 92000000.0,
        "Amortization Of Intangibles Income Statement": 92000000.0,
        "Depreciation Income Statement": 245000000.0,
        "Gross Profit": 1060000000.0,
        "Cost Of Revenue": 363000000.0,
        "Total Revenue": 1424000000.0,
        "Operating Revenue": 1424000000.0
    },
    "2023-12-31": {
        "Tax Effect Of Unusual Items": 1890000.0,
        "Tax Rate For Calcs": 0.21,
        "Normalized EBITDA": 549000000.0,
        "Total Unusual Items": 9000000.0,
        "Total Unusual Items Excluding Goodwill": 9000000.0,
        "Net Income From Continuing Operation Net Minority Interest": -63000000.0,
        "Reconciled Depreciation": 342000000.0,
        "Reconciled Cost Of Revenue": 393000000.0,
        "EBITDA": 558000000.0,
        "EBIT": 215000000.0,
        "Net Interest Income": -169000000.0,
        "Interest Expense": 149000000.0,
        "Interest Income": 13000000.0,
        "Normalized Income": -70110000.0,
        "Net Income From Continuing And Discontinued Operation": -63000000.0,
        "Total Expenses": 1269000000.0,
        "Total Operating Income As Reported": 229000000.0,
        "Diluted Average Shares": NaN,
        "Basic Average Shares": NaN,
        "Diluted EPS": NaN,
        "Basic EPS": NaN,
        "Diluted NI Availto Com Stockholders": -63000000.0,
        "Net Income Common Stockholders": -63000000.0,
        "Net Income": -63000000.0,
        "Minority Interests": 94000000.0,
        "Net Income Including Noncontrolling Interests": -157000000.0,
        "Net Income Discontinuous Operations": 0.0,
        "Net Income Continuous Operations": -157000000.0,
        "Tax Provision": 222000000.0,
        "Pretax Income": 66000000.0,
        "Other Income Expense": 28000000.0,
        "Other Non Operating Income Expenses": 9000000.0,
        "Earnings From Equity Interest": 10000000.0,
        "Gain On Sale Of Security": 6000000.0,
        "Net Non Operating Interest Income Expense": -169000000.0,
        "Total Other Finance Cost": 33000000.0,
        "Interest Expense Non Operating": 149000000.0,
        "Interest Income Non Operating": 13000000.0,
        "Operating Income": 207000000.0,
        "Operating Expense": 877000000.0,
        "Other Operating Expenses": -616000000.0,
        "Depreciation Amortization Depletion Income Statement": 343000000.0,
        "Depreciation And Amortization In Income Statement": 343000000.0,
        "Amortization": 91000000.0,
        "Amortization Of Intangibles Income Statement": 91000000.0,
        "Depreciation Income Statement": 252000000.0,
        "Gross Profit": 1084000000.0,
        "Cost Of Revenue": 392000000.0,
        "Total Revenue": 1475000000.0,
        "Operating Revenue": 1475000000.0
    },
    "2024-03-31": {
        "Tax Effect Of Unusual Items": -1470000.0,
        "Tax Rate For Calcs": 0.21,
        "Normalized EBITDA": 643000000.0,
        "Total Unusual Items": -7000000.0,
        "Total Unusual Items Excluding Goodwill": -7000000.0,
        "Net Income From Continuing Operation Net Minority Interest": 92000000.0,
        "Reconciled Depreciation": 334000000.0,
        "Reconciled Cost Of Revenue": 382000000.0,
        "EBITDA": 636000000.0,
        "EBIT": 302000000.0,
        "Net Interest Income": -164000000.0,
        "Interest Expense": 149000000.0,
        "Interest Income": 19000000.0,
        "Normalized Income": 97530000.0,
        "Net Income From Continuing And Discontinued Operation": 92000000.0,
        "Total Expenses": 1176000000.0,
        "Total Operating Income As Reported": 324000000.0,
        "Diluted Average Shares": 172265000.0,
        "Basic Average Shares": 171349000.0,
        "Diluted EPS": 0.53,
        "Basic EPS": 0.54,
        "Diluted NI Availto Com Stockholders": 92000000.0,
        "Net Income Common Stockholders": 92000000.0,
        "Net Income": 92000000.0,
        "Minority Interests": 10000000.0,
        "Net Income Including Noncontrolling Interests": 82000000.0,
        "Net Income Discontinuous Operations": NaN,
        "Net Income Continuous Operations": 82000000.0,
        "Tax Provision": 71000000.0,
        "Pretax Income": 153000000.0,
        "Other Income Expense": 6000000.0,
        "Other Non Operating Income Expenses": NaN,
        "Earnings From Equity Interest": 13000000.0,
        "Gain On Sale Of Security": -7000000.0,
        "Net Non Operating Interest Income Expense": -164000000.0,
        "Total Other Finance Cost": 34000000.0,
        "Interest Expense Non Operating": 149000000.0,
        "Interest Income Non Operating": 19000000.0,
        "Operating Income": 311000000.0,
        "Operating Expense": 794000000.0,
        "Other Operating Expenses": 460000000.0,
        "Depreciation Amortization Depletion Income Statement": 334000000.0,
        "Depreciation And Amortization In Income Statement": 334000000.0,
        "Amortization": 87000000.0,
        "Amortization Of Intangibles Income Statement": 87000000.0,
        "Depreciation Income Statement": 247000000.0,
        "Gross Profit": 1105000000.0,
        "Cost Of Revenue": 382000000.0,
        "Total Revenue": 1487000000.0,
        "Operating Revenue": 1487000000.0
    },
    "2024-06-30": {
        "Tax Effect Of Unusual Items": -1890000.0,
        "Tax Rate For Calcs": 0.21,
        "Normalized EBITDA": 618000000.0,
        "Total Unusual Items": -9000000.0,
        "Total Unusual Items Excluding Goodwill": -9000000.0,
        "Net Income From Continuing Operation Net Minority Interest": 78000000.0,
        "Reconciled Depreciation": 304000000.0,
        "Reconciled Cost Of Revenue": 354000000.0,
        "EBITDA": 609000000.0,
        "EBIT": 304000000.0,
        "Net Interest Income": -180000000.0,
        "Interest Expense": 148000000.0,
        "Interest Income": 12000000.0,
        "Normalized Income": 85110000.0,
        "Net Income From Continuing And Discontinued Operation": 78000000.0,
        "Total Expenses": 1125000000.0,
        "Total Operating Income As Reported": 345000000.0,
        "Diluted Average Shares": 172903000.0,
        "Basic Average Shares": 171302000.0,
        "Diluted EPS": 0.45,
        "Basic EPS": 0.46,
        "Diluted NI Availto Com Stockholders": 78000000.0,
        "Net Income Common Stockholders": 78000000.0,
        "Net Income": 78000000.0,
        "Minority Interests": 0.0,
        "Net Income Including Noncontrolling Interests": 78000000.0,
        "Net Income Discontinuous Operations": NaN,
        "Net Income Continuous Operations": 78000000.0,
        "Tax Provision": 78000000.0,
        "Pretax Income": 156000000.0,
        "Other Income Expense": 4000000.0,
        "Other Non Operating Income Expenses": 1000000.0,
        "Earnings From Equity Interest": 12000000.0,
        "Gain On Sale Of Security": -9000000.0,
        "Net Non Operating Interest Income Expense": -180000000.0,
        "Total Other Finance Cost": 44000000.0,
        "Interest Expense Non Operating": 148000000.0,
        "Interest Income Non Operating": 12000000.0,
        "Operating Income": 333000000.0,
        "Operating Expense": 772000000.0,
        "Other Operating Expenses": 467000000.0,
        "Depreciation Amortization Depletion Income Statement": 305000000.0,
        "Depreciation And Amortization In Income Statement": 305000000.0,
        "Amortization": 77000000.0,
        "Amortization Of Intangibles Income Statement": 77000000.0,
        "Depreciation Income Statement": 228000000.0,
        "Gross Profit": 1105000000.0,
        "Cost Of Revenue": 353000000.0,
        "Total Revenue": 1458000000.0,
        "Operating Revenue": 1458000000.0
    }
}