{
    "2023-03-31": {
        "Tax Effect Of Unusual Items": NaN,
        "Tax Rate For Calcs": NaN,
        "Normalized EBITDA": NaN,
        "Total Unusual Items": NaN,
        "Total Unusual Items Excluding Goodwill": NaN,
        "Net Income From Continuing Operation Net Minority Interest": NaN,
        "Reconciled Depreciation": NaN,
        "Reconciled Cost Of Revenue": NaN,
        "EBITDA": NaN,
        "EBIT": NaN,
        "Net Interest Income": NaN,
        "Interest Expense": NaN,
        "Interest Income": NaN,
        "Normalized Income": NaN,
        "Net Income From Continuing And Discontinued Operation": NaN,
        "Total Expenses": NaN,
        "Rent Expense Supplemental": 167378000.0,
        "Total Operating Income As Reported": 813559000.0,
        "Diluted Average Shares": 484160400.0,
        "Basic Average Shares": 484160400.0,
        "Diluted EPS": 0.85,
        "Basic EPS": 0.85,
        "Diluted NI Availto Com Stockholders": NaN,
        "Net Income Common Stockholders": NaN,
        "Net Income": NaN,
        "Net Income Including Noncontrolling Interests": NaN,
        "Net Income Continuous Operations": NaN,
        "Tax Provision": NaN,
        "Pretax Income": NaN,
        "Other Income Expense": NaN,
        "Other Non Operating Income Expenses": -10674000.0,
        "Special Income Charges": -90459000.0,
        "Gain On Sale Of Ppe": 236000.0,
        "Other Special Charges": 90695000.0,
        "Earnings From Equity Interest": NaN,
        "Gain On Sale Of Security": NaN,
        "Net Non Operating Interest Income Expense": NaN,
        "Total Other Finance Cost": 148393000.0,
        "Interest Expense Non Operating": NaN,
        "Interest Income Non Operating": NaN,
        "Operating Income": NaN,
        "Operating Expense": NaN,
        "Other Operating Expenses": -860000.0,
        "Other Taxes": 238450000.0,
        "Provision For Doubtful Accounts": 159799000.0,
        "Depreciation Amortization Depletion Income Statement": 178467000.0,
        "Depreciation And Amortization In Income Statement": 178467000.0,
        "Selling General And Administration": NaN,
        "Selling And Marketing Expense": NaN,
        "General And Administrative Expense": NaN,
        "Other Gand A": NaN,
        "Rent And Landing Fees": 41074000.0,
        "Salaries And Wages": 313275000.0,
        "Gross Profit": NaN,
        "Cost Of Revenue": NaN,
        "Total Revenue": NaN,
        "Excise Taxes": 921132000.0,
        "Operating Revenue": NaN
    },
    "2022-12-31": {
        "Tax Effect Of Unusual Items": NaN,
        "Tax Rate For Calcs": NaN,
        "Normalized EBITDA": NaN,
        "Total Unusual Items": NaN,
        "Total Unusual Items Excluding Goodwill": NaN,
        "Net Income From Continuing Operation Net Minority Interest": NaN,
        "Reconciled Depreciation": NaN,
        "Reconciled Cost Of Revenue": NaN,
        "EBITDA": NaN,
        "EBIT": NaN,
        "Net Interest Income": NaN,
        "Interest Expense": NaN,
        "Interest Income": NaN,
        "Normalized Income": NaN,
        "Net Income From Continuing And Discontinued Operation": NaN,
        "Total Expenses": NaN,
        "Rent Expense Supplemental": 95148000.0,
        "Total Operating Income As Reported": NaN,
        "Diluted Average Shares": NaN,
        "Basic Average Shares": NaN,
        "Diluted EPS": NaN,
        "Basic EPS": NaN,
        "Diluted NI Availto Com Stockholders": NaN,
        "Net Income Common Stockholders": NaN,
        "Net Income": NaN,
        "Net Income Including Noncontrolling Interests": NaN,
        "Net Income Continuous Operations": NaN,
        "Tax Provision": NaN,
        "Pretax Income": NaN,
        "Other Income Expense": NaN,
        "Other Non Operating Income Expenses": NaN,
        "Special Income Charges": NaN,
        "Gain On Sale Of Ppe": NaN,
        "Other Special Charges": NaN,
        "Earnings From Equity Interest": NaN,
        "Gain On Sale Of Security": NaN,
        "Net Non Operating Interest Income Expense": NaN,
        "Total Other Finance Cost": 113608000.0,
        "Interest Expense Non Operating": NaN,
        "Interest Income Non Operating": NaN,
        "Operating Income": NaN,
        "Operating Expense": NaN,
        "Other Operating Expenses": NaN,
        "Other Taxes": -16762000.0,
        "Provision For Doubtful Accounts": NaN,
        "Depreciation Amortization Depletion Income Statement": NaN,
        "Depreciation And Amortization In Income Statement": NaN,
        "Selling General And Administration": NaN,
        "Selling And Marketing Expense": NaN,
        "General And Administrative Expense": NaN,
        "Other Gand A": NaN,
        "Rent And Landing Fees": NaN,
        "Salaries And Wages": NaN,
        "Gross Profit": NaN,
        "Cost Of Revenue": NaN,
        "Total Revenue": NaN,
        "Excise Taxes": NaN,
        "Operating Revenue": NaN
    },
    "2022-09-30": {
        "Tax Effect Of Unusual Items": NaN,
        "Tax Rate For Calcs": NaN,
        "Normalized EBITDA": NaN,
        "Total Unusual Items": NaN,
        "Total Unusual Items Excluding Goodwill": NaN,
        "Net Income From Continuing Operation Net Minority Interest": NaN,
        "Reconciled Depreciation": NaN,
        "Reconciled Cost Of Revenue": NaN,
        "EBITDA": NaN,
        "EBIT": NaN,
        "Net Interest Income": NaN,
        "Interest Expense": NaN,
        "Interest Income": NaN,
        "Normalized Income": NaN,
        "Net Income From Continuing And Discontinued Operation": NaN,
        "Total Expenses": NaN,
        "Rent Expense Supplemental": NaN,
        "Total Operating Income As Reported": 761865000.0,
        "Diluted Average Shares": NaN,
        "Basic Average Shares": NaN,
        "Diluted EPS": NaN,
        "Basic EPS": NaN,
        "Diluted NI Availto Com Stockholders": NaN,
        "Net Income Common Stockholders": NaN,
        "Net Income": NaN,
        "Net Income Including Noncontrolling Interests": NaN,
        "Net Income Continuous Operations": NaN,
        "Tax Provision": NaN,
        "Pretax Income": NaN,
        "Other Income Expense": NaN,
        "Other Non Operating Income Expenses": NaN,
        "Special Income Charges": NaN,
        "Gain On Sale Of Ppe": NaN,
        "Other Special Charges": NaN,
        "Earnings From Equity Interest": NaN,
        "Gain On Sale Of Security": NaN,
        "Net Non Operating Interest Income Expense": NaN,
        "Total Other Finance Cost": NaN,
        "Interest Expense Non Operating": NaN,
        "Interest Income Non Operating": NaN,
        "Operating Income": NaN,
        "Operating Expense": NaN,
        "Other Operating Expenses": NaN,
        "Other Taxes": NaN,
        "Provision For Doubtful Accounts": NaN,
        "Depreciation Amortization Depletion Income Statement": NaN,
        "Depreciation And Amortization In Income Statement": NaN,
        "Selling General And Administration": NaN,
        "Selling And Marketing Expense": NaN,
        "General And Administrative Expense": NaN,
        "Other Gand A": NaN,
        "Rent And Landing Fees": NaN,
        "Salaries And Wages": NaN,
        "Gross Profit": NaN,
        "Cost Of Revenue": NaN,
        "Total Revenue": NaN,
        "Excise Taxes": NaN,
        "Operating Revenue": NaN
    },
    "2022-06-30": {
        "Tax Effect Of Unusual Items": 0.0,
        "Tax Rate For Calcs": 0.046817,
        "Normalized EBITDA": 2692216000.0,
        "Total Unusual Items": NaN,
        "Total Unusual Items Excluding Goodwill": NaN,
        "Net Income From Continuing Operation Net Minority Interest": 279538000.0,
        "Reconciled Depreciation": 1689653000.0,
        "Reconciled Cost Of Revenue": 2676925000.0,
        "EBITDA": 2692216000.0,
        "EBIT": 1002563000.0,
        "Net Interest Income": -438958000.0,
        "Interest Expense": 709295000.0,
        "Interest Income": 270337000.0,
        "Normalized Income": 279538000.0,
        "Net Income From Continuing And Discontinued Operation": 279538000.0,
        "Total Expenses": 4621814000.0,
        "Rent Expense Supplemental": NaN,
        "Total Operating Income As Reported": 732226000.0,
        "Diluted Average Shares": 465896667.0,
        "Basic Average Shares": 465896667.0,
        "Diluted EPS": 0.6,
        "Basic EPS": 0.6,
        "Diluted NI Availto Com Stockholders": 279538000.0,
        "Net Income Common Stockholders": 279538000.0,
        "Net Income": 279538000.0,
        "Net Income Including Noncontrolling Interests": 279538000.0,
        "Net Income Continuous Operations": 279538000.0,
        "Tax Provision": 13730000.0,
        "Pretax Income": 293268000.0,
        "Other Income Expense": -14041000.0,
        "Other Non Operating Income Expenses": NaN,
        "Special Income Charges": NaN,
        "Gain On Sale Of Ppe": NaN,
        "Other Special Charges": NaN,
        "Earnings From Equity Interest": -14041000.0,
        "Gain On Sale Of Security": NaN,
        "Net Non Operating Interest Income Expense": -438958000.0,
        "Total Other Finance Cost": NaN,
        "Interest Expense Non Operating": 709295000.0,
        "Interest Income Non Operating": 270337000.0,
        "Operating Income": 746267000.0,
        "Operating Expense": 1944889000.0,
        "Other Operating Expenses": 45004000.0,
        "Other Taxes": NaN,
        "Provision For Doubtful Accounts": NaN,
        "Depreciation Amortization Depletion Income Statement": NaN,
        "Depreciation And Amortization In Income Statement": NaN,
        "Amortization": NaN,
        "Amortization Of Intangibles Income Statement": NaN,
        "Depreciation Income Statement": NaN,
        "Selling General And Administration": 1899885000.0,
        "Selling And Marketing Expense": 1451309000.0,
        "General And Administrative Expense": 448576000.0,
        "Other Gand A": 448576000.0,
        "Rent And Landing Fees": NaN,
        "Salaries And Wages": NaN,
        "Gross Profit": 2691156000.0,
        "Cost Of Revenue": 2676925000.0,
        "Total Revenue": 5368081000.0,
        "Excise Taxes": NaN,
        "Operating Revenue": 5368081000.0
    },
    "2023-06-30": {
        "Tax Effect Of Unusual Items": -245480.0,
        "Tax Rate For Calcs": 0.34,
        "Normalized EBITDA": 3189616000.0,
        "Total Unusual Items": -722000.0,
        "Total Unusual Items Excluding Goodwill": -722000.0,
        "Net Income From Continuing Operation Net Minority Interest": 626472000.0,
        "Reconciled Depreciation": 1834574000.0,
        "Reconciled Cost Of Revenue": 2932540000.0,
        "EBITDA": 3188894000.0,
        "EBIT": 1354320000.0,
        "Net Interest Income": -425081000.0,
        "Interest Expense": 741297000.0,
        "Interest Income": 316216000.0,
        "Normalized Income": 626948520.0,
        "Net Income From Continuing And Discontinued Operation": 626472000.0,
        "Total Expenses": 4801348000.0,
        "Rent Expense Supplemental": NaN,
        "Total Operating Income As Reported": 1038826000.0,
        "Diluted Average Shares": 481901538.0,
        "Basic Average Shares": 481901538.0,
        "Diluted EPS": 1.3,
        "Basic EPS": 1.3,
        "Diluted NI Availto Com Stockholders": 626472000.0,
        "Net Income Common Stockholders": 626472000.0,
        "Net Income": 626472000.0,
        "Net Income Including Noncontrolling Interests": 626472000.0,
        "Net Income Continuous Operations": 626472000.0,
        "Tax Provision": -13449000.0,
        "Pretax Income": 613023000.0,
        "Other Income Expense": -23808000.0,
        "Other Non Operating Income Expenses": NaN,
        "Special Income Charges": NaN,
        "Gain On Sale Of Ppe": NaN,
        "Other Special Charges": NaN,
        "Earnings From Equity Interest": -23086000.0,
        "Gain On Sale Of Security": -722000.0,
        "Net Non Operating Interest Income Expense": -425081000.0,
        "Total Other Finance Cost": NaN,
        "Interest Expense Non Operating": 741297000.0,
        "Interest Income Non Operating": 316216000.0,
        "Operating Income": 1061912000.0,
        "Operating Expense": 1868808000.0,
        "Other Operating Expenses": 77782000.0,
        "Other Taxes": NaN,
        "Provision For Doubtful Accounts": NaN,
        "Depreciation Amortization Depletion Income Statement": NaN,
        "Depreciation And Amortization In Income Statement": NaN,
        "Selling General And Administration": 1791026000.0,
        "Selling And Marketing Expense": 1372827000.0,
        "General And Administrative Expense": 418199000.0,
        "Other Gand A": 418199000.0,
        "Rent And Landing Fees": NaN,
        "Salaries And Wages": NaN,
        "Gross Profit": 2930720000.0,
        "Cost Of Revenue": 2932540000.0,
        "Total Revenue": 5863260000.0,
        "Excise Taxes": NaN,
        "Operating Revenue": 5863260000.0
    },
    "2022-03-31": {
        "Diluted EPS": 0.16,
        "Total Revenue": 905,
        "Gross Profit": 464,
        "Operating Income": 133,
        "EBIT": 401,
        "Net Income": 78
    },
    "2021-12-31": {
        "Diluted EPS": 0.37,
        "Total Revenue": 856,
        "Gross Profit": 471,
        "Operating Income": 318,
        "EBIT": 558,
        "Net Income": 180
    },
    "2021-09-30": {
        "Diluted EPS": 0.39,
        "Total Revenue": 864,
        "Gross Profit": 463,
        "Operating Income": 145,
        "EBIT": 421,
        "Net Income": 190
    },
    "2021-06-30": {
        "Diluted EPS": 0.26,
        "Total Revenue": 832,
        "Gross Profit": 436,
        "Operating Income": 125,
        "EBIT": 402,
        "Net Income": 127
    },
    "2021-03-31": {
        "Diluted EPS": 0.1,
        "Total Revenue": 794,
        "Gross Profit": 411,
        "Operating Income": 108,
        "EBIT": 370,
        "Net Income": 51
    },
    "2020-12-31": {
        "Diluted EPS": 0.22,
        "Total Revenue": 838,
        "Gross Profit": 459,
        "Operating Income": 183,
        "EBIT": 483,
        "Net Income": 197
    },
    "2020-09-30": {
        "Diluted EPS": 0.34,
        "Total Revenue": 816,
        "Gross Profit": 435,
        "Operating Income": 127,
        "EBIT": 385,
        "Net Income": 73
    },
    "2020-06-30": {
        "Diluted EPS": 0.1,
        "Total Revenue": 744,
        "Gross Profit": 395,
        "Operating Income": 117,
        "EBIT": 314,
        "Net Income": 49
    },
    "2020-03-31": {
        "Diluted EPS": 0.08,
        "Total Revenue": 952,
        "Gross Profit": 509,
        "Operating Income": 116,
        "EBIT": 435,
        "Net Income": 37
    },
    "2019-12-31": {
        "Diluted EPS": -0.65,
        "Total Revenue": NaN,
        "Gross Profit": 712,
        "Operating Income": 308,
        "EBIT": 581,
        "Net Income": 228
    },
    "2019-09-30": {
        "Diluted EPS": 1.41,
        "Total Revenue": NaN,
        "Gross Profit": 602,
        "Operating Income": 166,
        "EBIT": 521,
        "Net Income": 142
    },
    "2019-06-30": {
        "Diluted EPS": 1.07,
        "Total Revenue": NaN,
        "Gross Profit": 613,
        "Operating Income": 551,
        "EBIT": 868,
        "Net Income": 516
    },
    "2019-03-31": {
        "Diluted EPS": 0.07,
        "Total Revenue": NaN,
        "Gross Profit": 593,
        "Operating Income": 119,
        "EBIT": 473,
        "Net Income": 32
    },
    "2018-12-31": {
        "Diluted EPS": 0.39,
        "Total Revenue": NaN,
        "Gross Profit": 594,
        "Operating Income": 211,
        "EBIT": 547,
        "Net Income": 189
    },
    "2018-09-30": {
        "Diluted EPS": 0.7,
        "Total Revenue": NaN,
        "Gross Profit": 593,
        "Operating Income": 146,
        "EBIT": 362,
        "Net Income": 339
    },
    "2018-06-30": {
        "Diluted EPS": 0.2,
        "Total Revenue": NaN,
        "Gross Profit": 642,
        "Operating Income": 144,
        "EBIT": 396,
        "Net Income": 93
    },
    "2018-03-31": {
        "Diluted EPS": 0.15,
        "Total Revenue": NaN,
        "Gross Profit": 710,
        "Operating Income": 160,
        "EBIT": 438,
        "Net Income": 76
    },
    "2017-12-31": {
        "Diluted EPS": 0.39,
        "Total Revenue": NaN,
        "Gross Profit": 719,
        "Operating Income": 226,
        "EBIT": 543,
        "Net Income": 188
    },
    "2017-09-30": {
        "Diluted EPS": 0.18,
        "Total Revenue": NaN,
        "Gross Profit": 693,
        "Operating Income": 169,
        "EBIT": 494,
        "Net Income": 88
    },
    "2017-06-30": {
        "Diluted EPS": 0.14,
        "Total Revenue": NaN,
        "Gross Profit": 631,
        "Operating Income": 124,
        "EBIT": 424,
        "Net Income": 68
    },
    "2017-03-31": {
        "Diluted EPS": 0.09,
        "Total Revenue": NaN,
        "Gross Profit": 617,
        "Operating Income": 87,
        "EBIT": 402,
        "Net Income": 42
    },
    "2016-12-31": {
        "Diluted EPS": 0.22,
        "Total Revenue": NaN,
        "Gross Profit": 655,
        "Operating Income": 168,
        "EBIT": 388,
        "Net Income": 104
    },
    "2016-09-30": {
        "Diluted EPS": 0.12,
        "Total Revenue": NaN,
        "Gross Profit": 608,
        "Operating Income": 103,
        "EBIT": 437,
        "Net Income": 57
    },
    "2016-06-30": {
        "Diluted EPS": 0.04,
        "Total Revenue": NaN,
        "Gross Profit": 518,
        "Operating Income": 83,
        "EBIT": 380,
        "Net Income": 21
    },
    "2016-03-31": {
        "Diluted EPS": 0.07,
        "Total Revenue": 991,
        "Gross Profit": 490,
        "Operating Income": 54,
        "EBIT": 288,
        "Net Income": 33
    },
    "2015-12-31": {
        "Diluted EPS": 0.26,
        "Total Revenue": NaN,
        "Gross Profit": 429,
        "Operating Income": 224,
        "EBIT": 538,
        "Net Income": 124
    },
    "2015-09-30": {
        "Diluted EPS": 0.21,
        "Total Revenue": NaN,
        "Gross Profit": 589,
        "Operating Income": 196,
        "EBIT": 373,
        "Net Income": 101
    },
    "2015-06-30": {
        "Diluted EPS": 0.62,
        "Total Revenue": NaN,
        "Gross Profit": 693,
        "Operating Income": 411,
        "EBIT": 661,
        "Net Income": 302
    },
    "2015-03-31": {
        "Diluted EPS": 0.21,
        "Total Revenue": NaN,
        "Gross Profit": 913,
        "Operating Income": 86,
        "EBIT": 372,
        "Net Income": 103
    },
    "2014-12-31": {
        "Diluted EPS": 0.34,
        "Total Revenue": NaN,
        "Gross Profit": NaN,
        "Operating Income": 92,
        "EBIT": 402,
        "Net Income": 163
    },
    "2014-09-30": {
        "Diluted EPS": 0.29,
        "Total Revenue": NaN,
        "Gross Profit": 821,
        "Operating Income": 44,
        "EBIT": 370,
        "Net Income": 139
    },
    "2014-06-30": {
        "Diluted EPS": 0.34,
        "Total Revenue": NaN,
        "Gross Profit": NaN,
        "Operating Income": 278,
        "EBIT": 637,
        "Net Income": 166
    },
    "2014-03-31": {
        "Diluted EPS": 0.34,
        "Total Revenue": NaN,
        "Gross Profit": NaN,
        "Operating Income": 355,
        "EBIT": 665,
        "Net Income": 167
    },
    "2013-12-31": {
        "Diluted EPS": 0.43,
        "Total Revenue": NaN,
        "Gross Profit": -243,
        "Operating Income": 217,
        "EBIT": 612,
        "Net Income": 208
    },
    "2013-09-30": {
        "Diluted EPS": 0.3,
        "Total Revenue": NaN,
        "Gross Profit": NaN,
        "Operating Income": 349,
        "EBIT": 589,
        "Net Income": 144
    },
    "2013-06-30": {
        "Diluted EPS": 0.35,
        "Total Revenue": NaN,
        "Gross Profit": NaN,
        "Operating Income": 39,
        "EBIT": 355,
        "Net Income": 169
    },
    "2013-03-31": {
        "Diluted EPS": 0.32,
        "Total Revenue": NaN,
        "Gross Profit": NaN,
        "Operating Income": 261,
        "EBIT": 601,
        "Net Income": 153
    },
    "2012-12-31": {
        "Diluted EPS": 0.54,
        "Total Revenue": NaN,
        "Gross Profit": NaN,
        "Operating Income": 477,
        "EBIT": 884,
        "Net Income": 238
    },
    "2012-09-30": {
        "Diluted EPS": 0.33,
        "Total Revenue": NaN,
        "Gross Profit": NaN,
        "Operating Income": 269,
        "EBIT": 570,
        "Net Income": 157
    },
    "2012-06-30": {
        "Diluted EPS": 0.35,
        "Total Revenue": NaN,
        "Gross Profit": NaN,
        "Operating Income": 168,
        "EBIT": 473,
        "Net Income": 169
    },
    "2012-03-31": {
        "Diluted EPS": 0.3,
        "Total Revenue": NaN,
        "Gross Profit": NaN,
        "Operating Income": 132,
        "EBIT": 504,
        "Net Income": 147
    },
    "2011-12-31": {
        "Diluted EPS": 0.49,
        "Total Revenue": NaN,
        "Gross Profit": NaN,
        "Operating Income": 483,
        "EBIT": 835,
        "Net Income": 236
    },
    "2011-09-30": {
        "Diluted EPS": 0.44,
        "Total Revenue": NaN,
        "Gross Profit": NaN,
        "Operating Income": 316,
        "EBIT": 697,
        "Net Income": 195
    },
    "2011-06-30": {
        "Diluted EPS": 0.54,
        "Total Revenue": NaN,
        "Gross Profit": NaN,
        "Operating Income": 367,
        "EBIT": 767,
        "Net Income": 222
    },
    "2011-03-31": {
        "Diluted EPS": 0.33,
        "Total Revenue": NaN,
        "Gross Profit": NaN,
        "Operating Income": 345,
        "EBIT": 755,
        "Net Income": 136
    },
    "2010-12-31": {
        "Diluted EPS": 2.71,
        "Total Revenue": NaN,
        "Gross Profit": NaN,
        "Operating Income": 332,
        "EBIT": 889,
        "Net Income": NaN
    },
    "2010-09-30": {
        "Diluted EPS": 0.17,
        "Total Revenue": NaN,
        "Gross Profit": NaN,
        "Operating Income": 147,
        "EBIT": 548,
        "Net Income": 72
    },
    "2010-06-30": {
        "Diluted EPS": 0.14,
        "Total Revenue": NaN,
        "Gross Profit": NaN,
        "Operating Income": 105,
        "EBIT": 484,
        "Net Income": 56
    },
    "2010-03-31": {
        "Diluted EPS": 0.04,
        "Total Revenue": NaN,
        "Gross Profit": NaN,
        "Operating Income": 125,
        "EBIT": 497,
        "Net Income": 17
    },
    "2009-12-31": {
        "Diluted EPS": 0.0,
        "Total Revenue": NaN,
        "Gross Profit": NaN,
        "Operating Income": 169,
        "EBIT": 433,
        "Net Income": 155
    },
    "2009-09-30": {
        "Diluted EPS": 0.08,
        "Total Revenue": NaN,
        "Gross Profit": NaN,
        "Operating Income": 118,
        "EBIT": 544,
        "Net Income": 34
    },
    "2009-06-30": {
        "Diluted EPS": -0.02,
        "Total Revenue": NaN,
        "Gross Profit": NaN,
        "Operating Income": 217,
        "EBIT": 562,
        "Net Income": -8
    },
    "2009-03-31": {
        "Diluted EPS": -0.16,
        "Total Revenue": NaN,
        "Gross Profit": NaN,
        "Operating Income": -20,
        "EBIT": 258,
        "Net Income": -62
    },
    "2023-09-30": {
        "Tax Effect Of Unusual Items": 733855.852397,
        "Tax Rate For Calcs": 0.118824,
        "Normalized EBITDA": 3235797000.0,
        "Total Unusual Items": 6176000.0,
        "Total Unusual Items Excluding Goodwill": 6176000.0,
        "Net Income From Continuing Operation Net Minority Interest": 716005000.0,
        "Reconciled Depreciation": 1755400000.0,
        "Reconciled Cost Of Revenue": 2838833000.0,
        "EBITDA": 3241973000.0,
        "EBIT": 1486573000.0,
        "Net Interest Income": -412492000.0,
        "Interest Expense": 674017000.0,
        "Interest Income": 261525000.0,
        "Normalized Income": 710562855.852397,
        "Net Income From Continuing And Discontinued Operation": 716005000.0,
        "Total Expenses": 4811707000.0,
        "Rent Expense Supplemental": NaN,
        "Total Operating Income As Reported": 1218872000.0,
        "Diluted Average Shares": 477336667.0,
        "Basic Average Shares": 477336667.0,
        "Diluted EPS": 1.5,
        "Basic EPS": 1.5,
        "Diluted NI Availto Com Stockholders": 716005000.0,
        "Net Income Common Stockholders": 716005000.0,
        "Net Income": 716005000.0,
        "Net Income Including Noncontrolling Interests": 716005000.0,
        "Net Income Continuous Operations": 716005000.0,
        "Tax Provision": 96551000.0,
        "Pretax Income": 812556000.0,
        "Other Income Expense": -18564000.0,
        "Other Non Operating Income Expenses": NaN,
        "Special Income Charges": NaN,
        "Gain On Sale Of Ppe": NaN,
        "Other Special Charges": NaN,
        "Earnings From Equity Interest": -24740000.0,
        "Gain On Sale Of Security": 6176000.0,
        "Net Non Operating Interest Income Expense": -412492000.0,
        "Total Other Finance Cost": NaN,
        "Interest Expense Non Operating": 674017000.0,
        "Interest Income Non Operating": 261525000.0,
        "Operating Income": 1243612000.0,
        "Operating Expense": 1972874000.0,
        "Other Operating Expenses": 96142000.0,
        "Other Taxes": NaN,
        "Provision For Doubtful Accounts": NaN,
        "Depreciation Amortization Depletion Income Statement": NaN,
        "Depreciation And Amortization In Income Statement": NaN,
        "Selling General And Administration": 1876732000.0,
        "Selling And Marketing Expense": 1435297000.0,
        "General And Administrative Expense": 441435000.0,
        "Other Gand A": 441435000.0,
        "Rent And Landing Fees": NaN,
        "Salaries And Wages": NaN,
        "Gross Profit": 3216486000.0,
        "Cost Of Revenue": 2838833000.0,
        "Total Revenue": 6055319000.0,
        "Excise Taxes": NaN,
        "Operating Revenue": 6055319000.0
    },
    "2023-12-31": {
        "Tax Effect Of Unusual Items": -5027434.261262,
        "Tax Rate For Calcs": 0.09965,
        "Normalized EBITDA": 3641605000.0,
        "Total Unusual Items": -50451000.0,
        "Total Unusual Items Excluding Goodwill": -50451000.0,
        "Net Income From Continuing Operation Net Minority Interest": 1082509000.0,
        "Reconciled Depreciation": 1749964000.0,
        "Reconciled Cost Of Revenue": 1354596000.0,
        "EBITDA": 3591154000.0,
        "EBIT": 1841190000.0,
        "Net Interest Income": -468103000.0,
        "Interest Expense": 638870000.0,
        "Interest Income": 271576000.0,
        "Normalized Income": 1127932565.738738,
        "Net Income From Continuing And Discontinued Operation": 1082509000.0,
        "Total Expenses": 4494184000.0,
        "Rent Expense Supplemental": 155907000.0,
        "Total Operating Income As Reported": NaN,
        "Diluted Average Shares": NaN,
        "Basic Average Shares": NaN,
        "Diluted EPS": NaN,
        "Basic EPS": NaN,
        "Diluted NI Availto Com Stockholders": 1082509000.0,
        "Net Income Common Stockholders": 1082509000.0,
        "Net Income": 1082509000.0,
        "Net Income Including Noncontrolling Interests": 1082509000.0,
        "Net Income Continuous Operations": 1082509000.0,
        "Tax Provision": 119811000.0,
        "Pretax Income": 1202320000.0,
        "Other Income Expense": -110552000.0,
        "Other Non Operating Income Expenses": NaN,
        "Special Income Charges": -40785000.0,
        "Gain On Sale Of Ppe": 310370000.0,
        "Other Special Charges": 351155000.0,
        "Earnings From Equity Interest": -22885000.0,
        "Gain On Sale Of Security": -9666000.0,
        "Net Non Operating Interest Income Expense": -468103000.0,
        "Total Other Finance Cost": 100809000.0,
        "Interest Expense Non Operating": 638870000.0,
        "Interest Income Non Operating": 271576000.0,
        "Operating Income": 1780975000.0,
        "Operating Expense": 1580812000.0,
        "Other Operating Expenses": -323998000.0,
        "Other Taxes": 241813000.0,
        "Provision For Doubtful Accounts": 172535000.0,
        "Depreciation Amortization Depletion Income Statement": 191188000.0,
        "Depreciation And Amortization In Income Statement": 191188000.0,
        "Selling General And Administration": 1299274000.0,
        "Selling And Marketing Expense": 692938000.0,
        "General And Administrative Expense": 606336000.0,
        "Other Gand A": 225489000.0,
        "Rent And Landing Fees": 33184000.0,
        "Salaries And Wages": 347663000.0,
        "Gross Profit": 3361787000.0,
        "Cost Of Revenue": 2913372000.0,
        "Total Revenue": 6275159000.0,
        "Excise Taxes": 912728000.0,
        "Operating Revenue": 8843716000.0
    },
    "2024-03-31": {
        "Tax Effect Of Unusual Items": -19570612.12549,
        "Tax Rate For Calcs": 0.11653,
        "Normalized EBITDA": 3126310000.0,
        "Total Unusual Items": -167945000.0,
        "Total Unusual Items Excluding Goodwill": -167945000.0,
        "Net Income From Continuing Operation Net Minority Interest": 519423000.0,
        "Reconciled Depreciation": 1754757000.0,
        "Reconciled Cost Of Revenue": 1393892000.0,
        "EBITDA": 2958365000.0,
        "EBIT": 1203608000.0,
        "Net Interest Income": -440713000.0,
        "Interest Expense": 615673000.0,
        "Interest Income": 202553000.0,
        "Normalized Income": 667797387.87451,
        "Net Income From Continuing And Discontinued Operation": 519423000.0,
        "Total Expenses": 4871262000.0,
        "Rent Expense Supplemental": 178885000.0,
        "Total Operating Income As Reported": 1112928000.0,
        "Diluted Average Shares": 484202400.0,
        "Basic Average Shares": 484152400.0,
        "Diluted EPS": 1.05,
        "Basic EPS": 1.05,
        "Diluted NI Availto Com Stockholders": 519423000.0,
        "Net Income Common Stockholders": 519423000.0,
        "Net Income": 519423000.0,
        "Net Income Including Noncontrolling Interests": 519423000.0,
        "Net Income Continuous Operations": 519423000.0,
        "Tax Provision": 68512000.0,
        "Pretax Income": 587935000.0,
        "Other Income Expense": -195619000.0,
        "Other Non Operating Income Expenses": -5173000.0,
        "Special Income Charges": -175828000.0,
        "Gain On Sale Of Ppe": -40000.0,
        "Other Special Charges": 175788000.0,
        "Earnings From Equity Interest": -22501000.0,
        "Gain On Sale Of Security": 7883000.0,
        "Net Non Operating Interest Income Expense": -440713000.0,
        "Total Other Finance Cost": 27593000.0,
        "Interest Expense Non Operating": 615673000.0,
        "Interest Income Non Operating": 202553000.0,
        "Operating Income": 1224267000.0,
        "Operating Expense": 1918381000.0,
        "Other Operating Expenses": NaN,
        "Other Taxes": 248454000.0,
        "Provision For Doubtful Accounts": 165697000.0,
        "Depreciation Amortization Depletion Income Statement": 195768000.0,
        "Depreciation And Amortization In Income Statement": 195768000.0,
        "Selling General And Administration": 1308462000.0,
        "Selling And Marketing Expense": 705281000.0,
        "General And Administrative Expense": 603181000.0,
        "Other Gand A": 202468000.0,
        "Rent And Landing Fees": 47920000.0,
        "Salaries And Wages": 352793000.0,
        "Gross Profit": 3142648000.0,
        "Cost Of Revenue": 2952881000.0,
        "Total Revenue": 6095529000.0,
        "Excise Taxes": 958904000.0,
        "Operating Revenue": 8710389000.0
    },
    "2024-06-30": {
        "Tax Effect Of Unusual Items": 3561501.290754,
        "Tax Rate For Calcs": 0.154767,
        "Normalized EBITDA": 3317944000.0,
        "Total Unusual Items": 23012000.0,
        "Total Unusual Items Excluding Goodwill": 23012000.0,
        "Net Income From Continuing Operation Net Minority Interest": 781220000.0,
        "Reconciled Depreciation": 1755515000.0,
        "Reconciled Cost Of Revenue": 2915225000.0,
        "EBITDA": 3340956000.0,
        "EBIT": 1585441000.0,
        "Net Interest Income": -472965000.0,
        "Interest Expense": 661175000.0,
        "Interest Income": 188210000.0,
        "Normalized Income": 761769501.290754,
        "Net Income From Continuing And Discontinued Operation": 781220000.0,
        "Total Expenses": 4905235000.0,
        "Rent Expense Supplemental": NaN,
        "Total Operating Income As Reported": 1374219000.0,
        "Diluted Average Shares": 488262500.0,
        "Basic Average Shares": 488262500.0,
        "Diluted EPS": 1.6,
        "Basic EPS": 1.6,
        "Diluted NI Availto Com Stockholders": 781220000.0,
        "Net Income Common Stockholders": 781220000.0,
        "Net Income": 781220000.0,
        "Net Income Including Noncontrolling Interests": 781220000.0,
        "Net Income Continuous Operations": 781220000.0,
        "Tax Provision": 143046000.0,
        "Pretax Income": 924266000.0,
        "Other Income Expense": -74000.0,
        "Other Non Operating Income Expenses": NaN,
        "Special Income Charges": NaN,
        "Gain On Sale Of Ppe": NaN,
        "Other Special Charges": NaN,
        "Earnings From Equity Interest": -23086000.0,
        "Gain On Sale Of Security": 23012000.0,
        "Net Non Operating Interest Income Expense": -472965000.0,
        "Total Other Finance Cost": NaN,
        "Interest Expense Non Operating": 661175000.0,
        "Interest Income Non Operating": 188210000.0,
        "Operating Income": 1397305000.0,
        "Operating Expense": 1990010000.0,
        "Other Operating Expenses": 53589000.0,
        "Other Taxes": NaN,
        "Provision For Doubtful Accounts": NaN,
        "Depreciation Amortization Depletion Income Statement": NaN,
        "Depreciation And Amortization In Income Statement": NaN,
        "Selling General And Administration": 1936421000.0,
        "Selling And Marketing Expense": 1496056000.0,
        "General And Administrative Expense": 440365000.0,
        "Other Gand A": 440365000.0,
        "Rent And Landing Fees": NaN,
        "Salaries And Wages": NaN,
        "Gross Profit": 3387315000.0,
        "Cost Of Revenue": 2915225000.0,
        "Total Revenue": 6302540000.0,
        "Excise Taxes": NaN,
        "Operating Revenue": 6302540000.0
    }
}