{
    "2023-03-31": {
        "Tax Effect Of Unusual Items": 0.0,
        "Tax Rate For Calcs": 0.327234,
        "Normalized EBITDA": 371732000.0,
        "Net Income From Continuing Operation Net Minority Interest": 176740000.0,
        "Reconciled Depreciation": 111055000.0,
        "Reconciled Cost Of Revenue": 364455000.0,
        "EBIT": 260677000.0,
        "Net Interest Income": 1444000.0,
        "Interest Income": 1444000.0,
        "Normalized Income": 176740000.0,
        "Net Income From Continuing And Discontinued Operation": 176740000.0,
        "Total Expenses": 590568000.0,
        "Total Operating Income As Reported": 260677000.0,
        "Diluted Average Shares": 524214392.0,
        "Basic Average Shares": 161302051.0,
        "Diluted EPS": 0.33,
        "Basic EPS": 1.1,
        "Diluted NI Availto Com Stockholders": 176740000.0,
        "Net Income Common Stockholders": 176740000.0,
        "Net Income": 176740000.0,
        "Minority Interests": 316000.0,
        "Net Income Including Noncontrolling Interests": 176424000.0,
        "Net Income Continuous Operations": 176424000.0,
        "Earnings From Equity Interest Net Of Tax": -208000.0,
        "Tax Provision": 85914000.0,
        "Pretax Income": 262546000.0,
        "Other Income Expense": 425000.0,
        "Other Non Operating Income Expenses": 425000.0,
        "Earnings From Equity Interest": NaN,
        "Net Non Operating Interest Income Expense": 1444000.0,
        "Total Other Finance Cost": -1444000.0,
        "Interest Income Non Operating": 1444000.0,
        "Operating Income": 260677000.0,
        "Operating Expense": 126177000.0,
        "Depreciation Amortization Depletion Income Statement": 11119000.0,
        "Depreciation And Amortization In Income Statement": 11119000.0,
        "Amortization": 11119000.0,
        "Amortization Of Intangibles Income Statement": 11119000.0,
        "Research And Development": 363000.0,
        "Selling General And Administration": 114695000.0,
        "Selling And Marketing Expense": 85068000.0,
        "General And Administrative Expense": 29627000.0,
        "Other Gand A": 29627000.0,
        "Gross Profit": 386854000.0,
        "Cost Of Revenue": 464391000.0,
        "Total Revenue": 851245000.0,
        "Operating Revenue": 851245000.0
    },
    "2022-12-31": {
        "Tax Effect Of Unusual Items": 0.0,
        "Tax Rate For Calcs": 0.4,
        "Normalized EBITDA": 57848000.0,
        "Net Income From Continuing Operation Net Minority Interest": -16375000.0,
        "Reconciled Depreciation": 37185000.0,
        "Reconciled Cost Of Revenue": 18521000.0,
        "EBIT": 20663000.0,
        "Net Interest Income": -32000.0,
        "Interest Income": NaN,
        "Normalized Income": -16375000.0,
        "Net Income From Continuing And Discontinued Operation": -16375000.0,
        "Total Expenses": 90094000.0,
        "Total Operating Income As Reported": 20663000.0,
        "Diluted Average Shares": NaN,
        "Basic Average Shares": NaN,
        "Diluted EPS": NaN,
        "Basic EPS": NaN,
        "Diluted NI Availto Com Stockholders": -16375000.0,
        "Net Income Common Stockholders": -16375000.0,
        "Net Income": -16375000.0,
        "Minority Interests": 823000.0,
        "Net Income Including Noncontrolling Interests": -17198000.0,
        "Net Income Continuous Operations": -17198000.0,
        "Earnings From Equity Interest Net Of Tax": NaN,
        "Tax Provision": 39256000.0,
        "Pretax Income": 22804000.0,
        "Other Income Expense": 2173000.0,
        "Other Non Operating Income Expenses": 1616000.0,
        "Earnings From Equity Interest": 557000.0,
        "Net Non Operating Interest Income Expense": -32000.0,
        "Total Other Finance Cost": 32000.0,
        "Interest Income Non Operating": NaN,
        "Operating Income": 20663000.0,
        "Operating Expense": 37597000.0,
        "Depreciation Amortization Depletion Income Statement": 3209000.0,
        "Depreciation And Amortization In Income Statement": 3209000.0,
        "Amortization": 3209000.0,
        "Amortization Of Intangibles Income Statement": 3209000.0,
        "Research And Development": 180000.0,
        "Selling General And Administration": 34208000.0,
        "Selling And Marketing Expense": 6267000.0,
        "General And Administrative Expense": 27941000.0,
        "Other Gand A": 27941000.0,
        "Gross Profit": 58260000.0,
        "Cost Of Revenue": 52497000.0,
        "Total Revenue": 110757000.0,
        "Operating Revenue": 110757000.0
    },
    "2022-09-30": {
        "Tax Effect Of Unusual Items": 0.0,
        "Tax Rate For Calcs": 0.079361,
        "Normalized EBITDA": -7843000.0,
        "Net Income From Continuing Operation Net Minority Interest": -7671000.0,
        "Reconciled Depreciation": 872000.0,
        "Reconciled Cost Of Revenue": 10478000.0,
        "EBIT": -8715000.0,
        "Net Interest Income": 371000.0,
        "Interest Income": NaN,
        "Normalized Income": -7671000.0,
        "Net Income From Continuing And Discontinued Operation": -7671000.0,
        "Total Expenses": 22472000.0,
        "Total Operating Income As Reported": -8715000.0,
        "Diluted Average Shares": 129566207.0,
        "Basic Average Shares": 129566207.0,
        "Diluted EPS": -0.06,
        "Basic EPS": -0.06,
        "Diluted NI Availto Com Stockholders": -7671000.0,
        "Net Income Common Stockholders": -7671000.0,
        "Net Income": -7671000.0,
        "Minority Interests": 461000.0,
        "Net Income Including Noncontrolling Interests": -8132000.0,
        "Net Income Continuous Operations": -8132000.0,
        "Earnings From Equity Interest Net Of Tax": NaN,
        "Tax Provision": -701000.0,
        "Pretax Income": -8833000.0,
        "Other Income Expense": -489000.0,
        "Other Non Operating Income Expenses": -303000.0,
        "Earnings From Equity Interest": -186000.0,
        "Net Non Operating Interest Income Expense": 371000.0,
        "Total Other Finance Cost": -371000.0,
        "Interest Income Non Operating": NaN,
        "Operating Income": -8715000.0,
        "Operating Expense": 11909000.0,
        "Depreciation Amortization Depletion Income Statement": 787000.0,
        "Depreciation And Amortization In Income Statement": 787000.0,
        "Amortization": 787000.0,
        "Amortization Of Intangibles Income Statement": 787000.0,
        "Research And Development": 568000.0,
        "Selling General And Administration": 10554000.0,
        "Selling And Marketing Expense": 1321000.0,
        "General And Administrative Expense": 9233000.0,
        "Other Gand A": 9233000.0,
        "Gross Profit": 3194000.0,
        "Cost Of Revenue": 10563000.0,
        "Total Revenue": 13757000.0,
        "Operating Revenue": 13757000.0
    },
    "2022-06-30": {
        "Tax Effect Of Unusual Items": 0.0,
        "Tax Rate For Calcs": 0.000346,
        "Normalized EBITDA": -12932000.0,
        "Net Income From Continuing Operation Net Minority Interest": -14337000.0,
        "Reconciled Depreciation": 838000.0,
        "Reconciled Cost Of Revenue": 9844000.0,
        "EBIT": -13770000.0,
        "Net Interest Income": -1167000.0,
        "Interest Income": NaN,
        "Normalized Income": -14337000.0,
        "Net Income From Continuing And Discontinued Operation": -14337000.0,
        "Total Expenses": 25728000.0,
        "Total Operating Income As Reported": -13770000.0,
        "Diluted Average Shares": 126431864.0,
        "Basic Average Shares": 126431864.0,
        "Diluted EPS": -0.11,
        "Basic EPS": -0.11,
        "Diluted NI Availto Com Stockholders": -14337000.0,
        "Net Income Common Stockholders": -14337000.0,
        "Net Income": -14337000.0,
        "Minority Interests": 99000.0,
        "Net Income Including Noncontrolling Interests": -14436000.0,
        "Net Income Continuous Operations": -14436000.0,
        "Earnings From Equity Interest Net Of Tax": NaN,
        "Tax Provision": -5000.0,
        "Pretax Income": -14441000.0,
        "Other Income Expense": 496000.0,
        "Other Non Operating Income Expenses": 683000.0,
        "Earnings From Equity Interest": -187000.0,
        "Net Non Operating Interest Income Expense": -1167000.0,
        "Total Other Finance Cost": 1167000.0,
        "Interest Income Non Operating": NaN,
        "Operating Income": -13770000.0,
        "Operating Expense": 15843000.0,
        "Depreciation Amortization Depletion Income Statement": 797000.0,
        "Depreciation And Amortization In Income Statement": 797000.0,
        "Amortization": 797000.0,
        "Amortization Of Intangibles Income Statement": 797000.0,
        "Research And Development": 346000.0,
        "Selling General And Administration": 14700000.0,
        "Selling And Marketing Expense": 1035000.0,
        "General And Administrative Expense": 13665000.0,
        "Other Gand A": 13665000.0,
        "Gross Profit": 2073000.0,
        "Cost Of Revenue": 9885000.0,
        "Total Revenue": 11958000.0,
        "Operating Revenue": 11958000.0
    },
    "2022-03-31": {
        "Diluted EPS": -0.07,
        "Total Revenue": 10,
        "Gross Profit": 1,
        "Operating Income": -10,
        "EBIT": -9,
        "Net Income": -9
    },
    "2021-12-31": {
        "Diluted EPS": -0.06,
        "Total Revenue": 16,
        "Gross Profit": 4,
        "Operating Income": -10,
        "EBIT": -9,
        "Net Income": -8
    },
    "2021-09-30": {
        "Diluted EPS": -0.05,
        "Total Revenue": 19,
        "Gross Profit": 3,
        "Operating Income": -7,
        "EBIT": -6,
        "Net Income": -5
    },
    "2021-06-30": {
        "Diluted EPS": -0.16,
        "Total Revenue": 12,
        "Gross Profit": 1,
        "Operating Income": -17,
        "EBIT": -16,
        "Net Income": -18
    },
    "2021-03-31": {
        "Diluted EPS": -0.05,
        "Total Revenue": 9,
        "Gross Profit": 2,
        "Operating Income": -5,
        "EBIT": -4,
        "Net Income": -4
    },
    "2020-12-31": {
        "Diluted EPS": -0.07,
        "Total Revenue": 1,
        "Gross Profit": 0,
        "Operating Income": -9,
        "EBIT": -8,
        "Net Income": -7
    },
    "2020-09-30": {
        "Diluted EPS": -0.61,
        "Total Revenue": 0,
        "Gross Profit": 0,
        "Operating Income": -6,
        "EBIT": -5,
        "Net Income": -14
    },
    "2020-06-30": {
        "Diluted EPS": 0.0,
        "Total Revenue": NaN,
        "Gross Profit": NaN,
        "Operating Income": -1,
        "EBIT": -1,
        "Net Income": 0
    },
    "2020-03-31": {
        "Diluted EPS": -0.15,
        "Total Revenue": NaN,
        "Gross Profit": NaN,
        "Operating Income": -1,
        "EBIT": -1,
        "Net Income": -2
    },
    "2019-12-31": {
        "Diluted EPS": -0.09,
        "Total Revenue": NaN,
        "Gross Profit": NaN,
        "Operating Income": -1,
        "EBIT": -1,
        "Net Income": -1
    },
    "2019-09-30": {
        "Diluted EPS": -0.11,
        "Total Revenue": NaN,
        "Gross Profit": NaN,
        "Operating Income": -1,
        "EBIT": -1,
        "Net Income": -1
    },
    "2019-06-30": {
        "Diluted EPS": -0.1,
        "Total Revenue": NaN,
        "Gross Profit": NaN,
        "Operating Income": -1,
        "EBIT": -1,
        "Net Income": -1
    },
    "2019-03-31": {
        "Diluted EPS": -0.09,
        "Total Revenue": 0,
        "Gross Profit": 0,
        "Operating Income": -2,
        "EBIT": -2,
        "Net Income": -1
    },
    "2018-12-31": {
        "Diluted EPS": -0.26,
        "Total Revenue": 1,
        "Gross Profit": 0,
        "Operating Income": -4,
        "EBIT": -3,
        "Net Income": -3
    },
    "2018-09-30": {
        "Diluted EPS": -0.28,
        "Total Revenue": 2,
        "Gross Profit": 0,
        "Operating Income": -4,
        "EBIT": -3,
        "Net Income": -3
    },
    "2018-06-30": {
        "Diluted EPS": 0.38,
        "Total Revenue": 5,
        "Gross Profit": 2,
        "Operating Income": -1,
        "EBIT": -1,
        "Net Income": 3
    },
    "2018-03-31": {
        "Diluted EPS": -0.12,
        "Total Revenue": 6,
        "Gross Profit": 2,
        "Operating Income": -1,
        "EBIT": 0,
        "Net Income": -1
    },
    "2017-12-31": {
        "Diluted EPS": -0.51,
        "Total Revenue": 6,
        "Gross Profit": 2,
        "Operating Income": -1,
        "EBIT": 0,
        "Net Income": -4
    },
    "2017-09-30": {
        "Diluted EPS": -0.18,
        "Total Revenue": 5,
        "Gross Profit": 2,
        "Operating Income": -1,
        "EBIT": 0,
        "Net Income": -1
    },
    "2017-06-30": {
        "Diluted EPS": -0.2,
        "Total Revenue": 4,
        "Gross Profit": 1,
        "Operating Income": -1,
        "EBIT": -1,
        "Net Income": -1
    },
    "2017-03-31": {
        "Diluted EPS": -0.25,
        "Total Revenue": 3,
        "Gross Profit": 0,
        "Operating Income": -2,
        "EBIT": -1,
        "Net Income": -2
    },
    "2016-12-31": {
        "Diluted EPS": -0.48,
        "Total Revenue": -5,
        "Gross Profit": -2,
        "Operating Income": -3,
        "EBIT": -3,
        "Net Income": -3
    },
    "2016-09-30": {
        "Diluted EPS": -0.22,
        "Total Revenue": 5,
        "Gross Profit": 1,
        "Operating Income": -2,
        "EBIT": -1,
        "Net Income": -1
    },
    "2016-06-30": {
        "Diluted EPS": -0.21,
        "Total Revenue": 7,
        "Gross Profit": 2,
        "Operating Income": -1,
        "EBIT": -1,
        "Net Income": -1
    },
    "2016-03-31": {
        "Diluted EPS": -0.06,
        "Total Revenue": 6,
        "Gross Profit": 2,
        "Operating Income": 0,
        "EBIT": 0,
        "Net Income": 0
    },
    "2015-12-31": {
        "Diluted EPS": 0.02,
        "Total Revenue": 7,
        "Gross Profit": 3,
        "Operating Income": 0,
        "EBIT": 1,
        "Net Income": 0
    },
    "2015-09-30": {
        "Diluted EPS": -0.22,
        "Total Revenue": 6,
        "Gross Profit": 1,
        "Operating Income": -1,
        "EBIT": -1,
        "Net Income": -1
    },
    "2015-06-30": {
        "Diluted EPS": -0.1,
        "Total Revenue": 6,
        "Gross Profit": 2,
        "Operating Income": -1,
        "EBIT": 0,
        "Net Income": -1
    },
    "2015-03-31": {
        "Diluted EPS": -0.12,
        "Total Revenue": 6,
        "Gross Profit": 2,
        "Operating Income": -1,
        "EBIT": 0,
        "Net Income": -1
    },
    "2014-12-31": {
        "Diluted EPS": 0.0,
        "Total Revenue": 11,
        "Gross Profit": 3,
        "Operating Income": 0,
        "EBIT": 0,
        "Net Income": 0
    },
    "2014-09-30": {
        "Diluted EPS": -0.09,
        "Total Revenue": 11,
        "Gross Profit": 3,
        "Operating Income": 0,
        "EBIT": 1,
        "Net Income": -1
    },
    "2014-06-30": {
        "Diluted EPS": -0.22,
        "Total Revenue": 7,
        "Gross Profit": 2,
        "Operating Income": -1,
        "EBIT": -1,
        "Net Income": -1
    },
    "2014-03-31": {
        "Diluted EPS": -0.06,
        "Total Revenue": 6,
        "Gross Profit": 2,
        "Operating Income": 0,
        "EBIT": 0,
        "Net Income": 0
    },
    "2013-12-31": {
        "Diluted EPS": 0.06,
        "Total Revenue": 9,
        "Gross Profit": 3,
        "Operating Income": 1,
        "EBIT": 1,
        "Net Income": 0
    },
    "2013-09-30": {
        "Diluted EPS": 0.01,
        "Total Revenue": 8,
        "Gross Profit": 4,
        "Operating Income": 1,
        "EBIT": 2,
        "Net Income": 0
    },
    "2013-06-30": {
        "Diluted EPS": -0.04,
        "Total Revenue": 8,
        "Gross Profit": 3,
        "Operating Income": 1,
        "EBIT": 2,
        "Net Income": 0
    },
    "2013-03-31": {
        "Diluted EPS": -0.13,
        "Total Revenue": 10,
        "Gross Profit": 4,
        "Operating Income": 1,
        "EBIT": 2,
        "Net Income": 0
    },
    "2012-12-31": {
        "Diluted EPS": 0.29,
        "Total Revenue": 10,
        "Gross Profit": 2,
        "Operating Income": -1,
        "EBIT": 0,
        "Net Income": 1
    },
    "2012-09-30": {
        "Diluted EPS": 1.25,
        "Total Revenue": 4,
        "Gross Profit": 1,
        "Operating Income": 0,
        "EBIT": 0,
        "Net Income": 4
    },
    "2012-06-30": {
        "Diluted EPS": 0.05,
        "Total Revenue": 2,
        "Gross Profit": 1,
        "Operating Income": 0,
        "EBIT": 0,
        "Net Income": 0
    },
    "2012-03-31": {
        "Diluted EPS": -0.05,
        "Total Revenue": 2,
        "Gross Profit": 1,
        "Operating Income": 0,
        "EBIT": 0,
        "Net Income": 0
    },
    "2011-12-31": {
        "Diluted EPS": 0.0,
        "Total Revenue": NaN,
        "Gross Profit": NaN,
        "Operating Income": NaN,
        "EBIT": NaN,
        "Net Income": NaN
    },
    "2011-03-31": {
        "Diluted EPS": 0.0,
        "Total Revenue": 2,
        "Gross Profit": 1,
        "Operating Income": 0,
        "EBIT": 0,
        "Net Income": 0
    }
}