{
    "2023-03-31": {
        "Tax Effect Of Unusual Items": NaN,
        "Tax Rate For Calcs": NaN,
        "Normalized EBITDA": NaN,
        "Total Unusual Items": NaN,
        "Total Unusual Items Excluding Goodwill": NaN,
        "Net Income From Continuing Operation Net Minority Interest": NaN,
        "Reconciled Depreciation": NaN,
        "Reconciled Cost Of Revenue": NaN,
        "EBITDA": NaN,
        "EBIT": NaN,
        "Net Interest Income": NaN,
        "Interest Expense": NaN,
        "Interest Income": NaN,
        "Normalized Income": NaN,
        "Net Income From Continuing And Discontinued Operation": NaN,
        "Total Expenses": NaN,
        "Rent Expense Supplemental": NaN,
        "Total Operating Income As Reported": NaN,
        "Diluted Average Shares": 100476663.0,
        "Basic Average Shares": 98521611.0,
        "Diluted EPS": 0.48,
        "Basic EPS": 0.49,
        "Diluted NI Availto Com Stockholders": NaN,
        "Average Dilution Earnings": NaN,
        "Net Income Common Stockholders": NaN,
        "Net Income": NaN,
        "Minority Interests": NaN,
        "Net Income Including Noncontrolling Interests": NaN,
        "Net Income Discontinuous Operations": 0.0,
        "Net Income Continuous Operations": NaN,
        "Tax Provision": NaN,
        "Pretax Income": NaN,
        "Other Income Expense": NaN,
        "Other Non Operating Income Expenses": NaN,
        "Special Income Charges": NaN,
        "Gain On Sale Of Ppe": NaN,
        "Impairment Of Capital Assets": 0.0,
        "Restructuring And Mergern Acquisition": NaN,
        "Earnings From Equity Interest": NaN,
        "Gain On Sale Of Security": -98000.0,
        "Net Non Operating Interest Income Expense": NaN,
        "Interest Expense Non Operating": NaN,
        "Interest Income Non Operating": NaN,
        "Operating Income": NaN,
        "Operating Expense": NaN,
        "Selling General And Administration": NaN,
        "General And Administrative Expense": NaN,
        "Other Gand A": NaN,
        "Gross Profit": NaN,
        "Cost Of Revenue": NaN,
        "Total Revenue": NaN,
        "Operating Revenue": NaN
    },
    "2022-12-31": {
        "Tax Effect Of Unusual Items": NaN,
        "Tax Rate For Calcs": NaN,
        "Normalized EBITDA": NaN,
        "Total Unusual Items": NaN,
        "Total Unusual Items Excluding Goodwill": NaN,
        "Net Income From Continuing Operation Net Minority Interest": NaN,
        "Reconciled Depreciation": NaN,
        "Reconciled Cost Of Revenue": NaN,
        "EBITDA": NaN,
        "EBIT": NaN,
        "Net Interest Income": NaN,
        "Interest Expense": NaN,
        "Interest Income": NaN,
        "Normalized Income": NaN,
        "Net Income From Continuing And Discontinued Operation": NaN,
        "Total Expenses": NaN,
        "Rent Expense Supplemental": NaN,
        "Total Operating Income As Reported": NaN,
        "Diluted Average Shares": 103858918.0,
        "Basic Average Shares": 101031403.0,
        "Diluted EPS": 0.38,
        "Basic EPS": 0.39,
        "Diluted NI Availto Com Stockholders": NaN,
        "Average Dilution Earnings": NaN,
        "Net Income Common Stockholders": NaN,
        "Net Income": NaN,
        "Minority Interests": NaN,
        "Net Income Including Noncontrolling Interests": NaN,
        "Net Income Discontinuous Operations": 0.0,
        "Net Income Continuous Operations": NaN,
        "Tax Provision": NaN,
        "Pretax Income": NaN,
        "Other Income Expense": NaN,
        "Other Non Operating Income Expenses": NaN,
        "Special Income Charges": NaN,
        "Gain On Sale Of Ppe": NaN,
        "Impairment Of Capital Assets": NaN,
        "Restructuring And Mergern Acquisition": NaN,
        "Earnings From Equity Interest": NaN,
        "Gain On Sale Of Security": 3576000.0,
        "Net Non Operating Interest Income Expense": NaN,
        "Interest Expense Non Operating": NaN,
        "Interest Income Non Operating": NaN,
        "Operating Income": NaN,
        "Operating Expense": NaN,
        "Selling General And Administration": NaN,
        "General And Administrative Expense": NaN,
        "Other Gand A": NaN,
        "Gross Profit": NaN,
        "Cost Of Revenue": NaN,
        "Total Revenue": NaN,
        "Operating Revenue": NaN
    },
    "2022-09-30": {
        "Tax Effect Of Unusual Items": NaN,
        "Tax Rate For Calcs": NaN,
        "Normalized EBITDA": NaN,
        "Total Unusual Items": NaN,
        "Total Unusual Items Excluding Goodwill": NaN,
        "Net Income From Continuing Operation Net Minority Interest": NaN,
        "Reconciled Depreciation": NaN,
        "Reconciled Cost Of Revenue": NaN,
        "EBITDA": NaN,
        "EBIT": NaN,
        "Net Interest Income": NaN,
        "Interest Expense": NaN,
        "Interest Income": NaN,
        "Normalized Income": NaN,
        "Net Income From Continuing And Discontinued Operation": NaN,
        "Total Expenses": NaN,
        "Rent Expense Supplemental": NaN,
        "Total Operating Income As Reported": NaN,
        "Diluted Average Shares": NaN,
        "Basic Average Shares": NaN,
        "Diluted EPS": NaN,
        "Basic EPS": NaN,
        "Diluted NI Availto Com Stockholders": NaN,
        "Average Dilution Earnings": NaN,
        "Net Income Common Stockholders": NaN,
        "Net Income": NaN,
        "Minority Interests": NaN,
        "Net Income Including Noncontrolling Interests": NaN,
        "Net Income Discontinuous Operations": NaN,
        "Net Income Continuous Operations": NaN,
        "Tax Provision": NaN,
        "Pretax Income": NaN,
        "Other Income Expense": NaN,
        "Other Non Operating Income Expenses": NaN,
        "Special Income Charges": NaN,
        "Gain On Sale Of Ppe": NaN,
        "Impairment Of Capital Assets": NaN,
        "Restructuring And Mergern Acquisition": NaN,
        "Earnings From Equity Interest": NaN,
        "Gain On Sale Of Security": 1698000.0,
        "Net Non Operating Interest Income Expense": NaN,
        "Interest Expense Non Operating": NaN,
        "Interest Income Non Operating": NaN,
        "Operating Income": NaN,
        "Operating Expense": NaN,
        "Selling General And Administration": NaN,
        "General And Administrative Expense": NaN,
        "Other Gand A": NaN,
        "Gross Profit": NaN,
        "Cost Of Revenue": NaN,
        "Total Revenue": NaN,
        "Operating Revenue": NaN
    },
    "2022-06-30": {
        "Tax Effect Of Unusual Items": -94400.0,
        "Tax Rate For Calcs": 0.4,
        "Normalized EBITDA": 52385000.0,
        "Total Unusual Items": -236000.0,
        "Total Unusual Items Excluding Goodwill": -236000.0,
        "Net Income From Continuing Operation Net Minority Interest": 5282000.0,
        "Reconciled Depreciation": 25243000.0,
        "Reconciled Cost Of Revenue": 239044000.0,
        "EBITDA": 52149000.0,
        "EBIT": 26906000.0,
        "Net Interest Income": -8690000.0,
        "Interest Expense": 9413000.0,
        "Interest Income": 723000.0,
        "Normalized Income": 5423600.0,
        "Net Income From Continuing And Discontinued Operation": 5282000.0,
        "Total Expenses": 253187000.0,
        "Rent Expense Supplemental": 6553000.0,
        "Total Operating Income As Reported": 26792000.0,
        "Diluted Average Shares": 104651667.0,
        "Basic Average Shares": 102498138.0,
        "Diluted EPS": 0.05,
        "Basic EPS": 0.05,
        "Diluted NI Availto Com Stockholders": 5592000.0,
        "Average Dilution Earnings": 310000.0,
        "Net Income Common Stockholders": 5282000.0,
        "Net Income": 5282000.0,
        "Minority Interests": -12796000.0,
        "Net Income Including Noncontrolling Interests": 18078000.0,
        "Net Income Discontinuous Operations": 0.0,
        "Net Income Continuous Operations": 18078000.0,
        "Tax Provision": -585000.0,
        "Pretax Income": 17493000.0,
        "Other Income Expense": -1416000.0,
        "Other Non Operating Income Expenses": -249000.0,
        "Special Income Charges": -807000.0,
        "Gain On Sale Of Ppe": 1153000.0,
        "Impairment Of Capital Assets": NaN,
        "Restructuring And Mergern Acquisition": 1960000.0,
        "Earnings From Equity Interest": -931000.0,
        "Gain On Sale Of Security": 571000.0,
        "Net Non Operating Interest Income Expense": -8690000.0,
        "Interest Expense Non Operating": 9413000.0,
        "Interest Income Non Operating": 723000.0,
        "Operating Income": 27599000.0,
        "Operating Expense": 14143000.0,
        "Selling General And Administration": 14143000.0,
        "General And Administrative Expense": 14143000.0,
        "Other Gand A": 14143000.0,
        "Gross Profit": 41742000.0,
        "Cost Of Revenue": 239044000.0,
        "Total Revenue": 280786000.0,
        "Operating Revenue": 280786000.0
    },
    "2023-06-30": {
        "Tax Effect Of Unusual Items": NaN,
        "Tax Rate For Calcs": NaN,
        "Normalized EBITDA": NaN,
        "Total Unusual Items": NaN,
        "Total Unusual Items Excluding Goodwill": NaN,
        "Net Income From Continuing Operation Net Minority Interest": NaN,
        "Reconciled Depreciation": NaN,
        "Reconciled Cost Of Revenue": NaN,
        "EBITDA": NaN,
        "EBIT": NaN,
        "Net Interest Income": NaN,
        "Interest Expense": NaN,
        "Interest Income": NaN,
        "Normalized Income": NaN,
        "Net Income From Continuing And Discontinued Operation": NaN,
        "Total Expenses": NaN,
        "Rent Expense Supplemental": NaN,
        "Total Operating Income As Reported": NaN,
        "Diluted Average Shares": 96754345.0,
        "Basic Average Shares": 94396675.0,
        "Diluted EPS": 0.41,
        "Basic EPS": 0.43,
        "Diluted NI Availto Com Stockholders": NaN,
        "Average Dilution Earnings": NaN,
        "Net Income Common Stockholders": NaN,
        "Net Income": NaN,
        "Minority Interests": NaN,
        "Net Income Including Noncontrolling Interests": NaN,
        "Net Income Discontinuous Operations": 0.0,
        "Net Income Continuous Operations": NaN,
        "Tax Provision": NaN,
        "Pretax Income": NaN,
        "Other Income Expense": NaN,
        "Other Non Operating Income Expenses": NaN,
        "Special Income Charges": NaN,
        "Gain On Sale Of Ppe": NaN,
        "Impairment Of Capital Assets": NaN,
        "Restructuring And Mergern Acquisition": NaN,
        "Earnings From Equity Interest": NaN,
        "Gain On Sale Of Security": 547000.0,
        "Net Non Operating Interest Income Expense": NaN,
        "Interest Expense Non Operating": NaN,
        "Interest Income Non Operating": NaN,
        "Operating Income": NaN,
        "Operating Expense": NaN,
        "Selling General And Administration": NaN,
        "General And Administrative Expense": NaN,
        "Other Gand A": NaN,
        "Gross Profit": NaN,
        "Cost Of Revenue": NaN,
        "Total Revenue": NaN,
        "Operating Revenue": NaN
    },
    "2023-09-30": {
        "Tax Effect Of Unusual Items": 0.0,
        "Tax Rate For Calcs": 0.21,
        "Normalized EBITDA": 113042000.0,
        "Total Unusual Items": 0.0,
        "Total Unusual Items Excluding Goodwill": 0.0,
        "Net Income From Continuing Operation Net Minority Interest": 26158000.0,
        "Reconciled Depreciation": 24565000.0,
        "Reconciled Cost Of Revenue": 216604000.0,
        "EBITDA": 113042000.0,
        "EBIT": 88477000.0,
        "Net Interest Income": 191000.0,
        "Interest Expense": 6461000.0,
        "Interest Income": 6652000.0,
        "Normalized Income": 26158000.0,
        "Net Income From Continuing And Discontinued Operation": 26158000.0,
        "Total Expenses": 230428000.0,
        "Rent Expense Supplemental": 19378000.0,
        "Total Operating Income As Reported": 81254000.0,
        "Diluted Average Shares": 94861508.0,
        "Basic Average Shares": 92775107.0,
        "Diluted EPS": 0.27,
        "Basic EPS": 0.28,
        "Diluted NI Availto Com Stockholders": 25907000.0,
        "Average Dilution Earnings": -251000.0,
        "Net Income Common Stockholders": 26158000.0,
        "Net Income": 26158000.0,
        "Minority Interests": -57967000.0,
        "Net Income Including Noncontrolling Interests": 84125000.0,
        "Net Income Discontinuous Operations": 0.0,
        "Net Income Continuous Operations": 84125000.0,
        "Tax Provision": -2109000.0,
        "Pretax Income": 82016000.0,
        "Other Income Expense": 571000.0,
        "Other Non Operating Income Expenses": -95000.0,
        "Special Income Charges": 0.0,
        "Gain On Sale Of Ppe": 0.0,
        "Impairment Of Capital Assets": NaN,
        "Restructuring And Mergern Acquisition": 0.0,
        "Earnings From Equity Interest": 666000.0,
        "Gain On Sale Of Security": NaN,
        "Net Non Operating Interest Income Expense": 191000.0,
        "Interest Expense Non Operating": 6461000.0,
        "Interest Income Non Operating": 6652000.0,
        "Operating Income": 81254000.0,
        "Operating Expense": 13824000.0,
        "Selling General And Administration": 13824000.0,
        "General And Administrative Expense": 13824000.0,
        "Other Gand A": 13824000.0,
        "Gross Profit": 95078000.0,
        "Cost Of Revenue": 216604000.0,
        "Total Revenue": 311682000.0,
        "Operating Revenue": 311682000.0
    },
    "2023-12-31": {
        "Tax Effect Of Unusual Items": 179281.261697,
        "Tax Rate For Calcs": 0.021938,
        "Normalized EBITDA": 138226000.0,
        "Total Unusual Items": 8172000.0,
        "Total Unusual Items Excluding Goodwill": 8172000.0,
        "Net Income From Continuing Operation Net Minority Interest": 35382000.0,
        "Reconciled Depreciation": 24627000.0,
        "Reconciled Cost Of Revenue": 224461000.0,
        "EBITDA": 146398000.0,
        "EBIT": 121771000.0,
        "Net Interest Income": 2907000.0,
        "Interest Expense": 4215000.0,
        "Interest Income": 7122000.0,
        "Normalized Income": 27389281.261697,
        "Net Income From Continuing And Discontinued Operation": 35382000.0,
        "Total Expenses": 236585000.0,
        "Rent Expense Supplemental": 19822000.0,
        "Total Operating Income As Reported": 112967000.0,
        "Diluted Average Shares": NaN,
        "Basic Average Shares": NaN,
        "Diluted EPS": NaN,
        "Basic EPS": NaN,
        "Diluted NI Availto Com Stockholders": 35005000.0,
        "Average Dilution Earnings": -377000.0,
        "Net Income Common Stockholders": 35382000.0,
        "Net Income": 35382000.0,
        "Minority Interests": -79595000.0,
        "Net Income Including Noncontrolling Interests": 114977000.0,
        "Net Income Discontinuous Operations": 0.0,
        "Net Income Continuous Operations": 114977000.0,
        "Tax Provision": 2579000.0,
        "Pretax Income": 117556000.0,
        "Other Income Expense": 12042000.0,
        "Other Non Operating Income Expenses": 3354000.0,
        "Special Income Charges": 6741000.0,
        "Gain On Sale Of Ppe": 6741000.0,
        "Impairment Of Capital Assets": NaN,
        "Restructuring And Mergern Acquisition": 0.0,
        "Earnings From Equity Interest": 516000.0,
        "Gain On Sale Of Security": 1431000.0,
        "Net Non Operating Interest Income Expense": 2907000.0,
        "Interest Expense Non Operating": 4215000.0,
        "Interest Income Non Operating": 7122000.0,
        "Operating Income": 102607000.0,
        "Operating Expense": 12124000.0,
        "Selling General And Administration": 12124000.0,
        "General And Administrative Expense": 12124000.0,
        "Other Gand A": 12124000.0,
        "Gross Profit": 114731000.0,
        "Cost Of Revenue": 224461000.0,
        "Total Revenue": 339192000.0,
        "Operating Revenue": 339192000.0
    },
    "2024-03-31": {
        "Tax Effect Of Unusual Items": 2436210.0,
        "Tax Rate For Calcs": 0.21,
        "Normalized EBITDA": 161530000.0,
        "Total Unusual Items": 11601000.0,
        "Total Unusual Items Excluding Goodwill": 11601000.0,
        "Net Income From Continuing Operation Net Minority Interest": 54636000.0,
        "Reconciled Depreciation": 23318000.0,
        "Reconciled Cost Of Revenue": 219375000.0,
        "EBITDA": 173131000.0,
        "EBIT": 149813000.0,
        "Net Interest Income": 4138000.0,
        "Interest Expense": 4897000.0,
        "Interest Income": 9035000.0,
        "Normalized Income": 45471210.0,
        "Net Income From Continuing And Discontinued Operation": 54636000.0,
        "Total Expenses": 236173000.0,
        "Rent Expense Supplemental": 19516000.0,
        "Total Operating Income As Reported": 140478000.0,
        "Diluted Average Shares": 95034041.0,
        "Basic Average Shares": 92802278.0,
        "Diluted EPS": 0.57,
        "Basic EPS": 0.59,
        "Diluted NI Availto Com Stockholders": 54173000.0,
        "Average Dilution Earnings": -463000.0,
        "Net Income Common Stockholders": 54636000.0,
        "Net Income": 54636000.0,
        "Minority Interests": -93127000.0,
        "Net Income Including Noncontrolling Interests": 147763000.0,
        "Net Income Discontinuous Operations": NaN,
        "Net Income Continuous Operations": 147763000.0,
        "Tax Provision": -2847000.0,
        "Pretax Income": 144916000.0,
        "Other Income Expense": 11901000.0,
        "Other Non Operating Income Expenses": -1068000.0,
        "Special Income Charges": 11601000.0,
        "Gain On Sale Of Ppe": 11601000.0,
        "Impairment Of Capital Assets": NaN,
        "Restructuring And Mergern Acquisition": 0.0,
        "Earnings From Equity Interest": 1368000.0,
        "Gain On Sale Of Security": NaN,
        "Net Non Operating Interest Income Expense": 4138000.0,
        "Interest Expense Non Operating": 4897000.0,
        "Interest Income Non Operating": 9035000.0,
        "Operating Income": 128877000.0,
        "Operating Expense": 16798000.0,
        "Selling General And Administration": 16798000.0,
        "General And Administrative Expense": 16798000.0,
        "Other Gand A": 16798000.0,
        "Gross Profit": 145675000.0,
        "Cost Of Revenue": 219375000.0,
        "Total Revenue": 365050000.0,
        "Operating Revenue": 365050000.0
    },
    "2024-06-30": {
        "Tax Effect Of Unusual Items": 0.0,
        "Tax Rate For Calcs": 0.033225,
        "Normalized EBITDA": 137415000.0,
        "Total Unusual Items": 0.0,
        "Total Unusual Items Excluding Goodwill": 0.0,
        "Net Income From Continuing Operation Net Minority Interest": 33820000.0,
        "Reconciled Depreciation": 22373000.0,
        "Reconciled Cost Of Revenue": 205907000.0,
        "EBITDA": 137415000.0,
        "EBIT": 115042000.0,
        "Net Interest Income": 8770000.0,
        "Interest Expense": 1003000.0,
        "Interest Income": 9773000.0,
        "Normalized Income": 33820000.0,
        "Net Income From Continuing And Discontinued Operation": 33820000.0,
        "Total Expenses": 223896000.0,
        "Rent Expense Supplemental": 19670000.0,
        "Total Operating Income As Reported": 102243000.0,
        "Diluted Average Shares": 95194414.0,
        "Basic Average Shares": 93120405.0,
        "Diluted EPS": 0.35,
        "Basic EPS": 0.36,
        "Diluted NI Availto Com Stockholders": 33537000.0,
        "Average Dilution Earnings": -283000.0,
        "Net Income Common Stockholders": 33820000.0,
        "Net Income": 33820000.0,
        "Minority Interests": -76430000.0,
        "Net Income Including Noncontrolling Interests": 110250000.0,
        "Net Income Discontinuous Operations": NaN,
        "Net Income Continuous Operations": 110250000.0,
        "Tax Provision": 3789000.0,
        "Pretax Income": 114039000.0,
        "Other Income Expense": 3026000.0,
        "Other Non Operating Income Expenses": 2121000.0,
        "Special Income Charges": 0.0,
        "Gain On Sale Of Ppe": 0.0,
        "Impairment Of Capital Assets": NaN,
        "Restructuring And Mergern Acquisition": 0.0,
        "Earnings From Equity Interest": 905000.0,
        "Gain On Sale Of Security": NaN,
        "Net Non Operating Interest Income Expense": 8770000.0,
        "Interest Expense Non Operating": 1003000.0,
        "Interest Income Non Operating": 9773000.0,
        "Operating Income": 102243000.0,
        "Operating Expense": 17989000.0,
        "Selling General And Administration": 17989000.0,
        "General And Administrative Expense": 17989000.0,
        "Other Gand A": 17989000.0,
        "Gross Profit": 120232000.0,
        "Cost Of Revenue": 205907000.0,
        "Total Revenue": 326139000.0,
        "Operating Revenue": 326139000.0
    },
    "2024-09-30": {
        "Tax Effect Of Unusual Items": -41139.715167,
        "Tax Rate For Calcs": 0.007305,
        "Normalized EBITDA": 92484000.0,
        "Total Unusual Items": -5632000.0,
        "Total Unusual Items Excluding Goodwill": -5632000.0,
        "Net Income From Continuing Operation Net Minority Interest": 20072000.0,
        "Reconciled Depreciation": 23445000.0,
        "Reconciled Cost Of Revenue": 200857000.0,
        "EBITDA": 86852000.0,
        "EBIT": 63407000.0,
        "Net Interest Income": 9114000.0,
        "Interest Expense": 844000.0,
        "Interest Income": 9958000.0,
        "Normalized Income": 25662860.284833,
        "Net Income From Continuing And Discontinued Operation": 20072000.0,
        "Total Expenses": 214795000.0,
        "Rent Expense Supplemental": 18465000.0,
        "Total Operating Income As Reported": 52192000.0,
        "Diluted Average Shares": NaN,
        "Basic Average Shares": NaN,
        "Diluted EPS": NaN,
        "Basic EPS": NaN,
        "Diluted NI Availto Com Stockholders": 19943000.0,
        "Average Dilution Earnings": -129000.0,
        "Net Income Common Stockholders": 20072000.0,
        "Net Income": 20072000.0,
        "Minority Interests": -42034000.0,
        "Net Income Including Noncontrolling Interests": 62106000.0,
        "Net Income Discontinuous Operations": NaN,
        "Net Income Continuous Operations": 62106000.0,
        "Tax Provision": 457000.0,
        "Pretax Income": 62563000.0,
        "Other Income Expense": -4375000.0,
        "Other Non Operating Income Expenses": 1378000.0,
        "Special Income Charges": -5632000.0,
        "Gain On Sale Of Ppe": 0.0,
        "Impairment Of Capital Assets": NaN,
        "Restructuring And Mergern Acquisition": 5632000.0,
        "Earnings From Equity Interest": -121000.0,
        "Gain On Sale Of Security": NaN,
        "Net Non Operating Interest Income Expense": 9114000.0,
        "Interest Expense Non Operating": 844000.0,
        "Interest Income Non Operating": 9958000.0,
        "Operating Income": 57824000.0,
        "Operating Expense": 13938000.0,
        "Selling General And Administration": 13938000.0,
        "General And Administrative Expense": 13938000.0,
        "Other Gand A": 13938000.0,
        "Gross Profit": 71762000.0,
        "Cost Of Revenue": 200857000.0,
        "Total Revenue": 272619000.0,
        "Operating Revenue": 272619000.0
    }
}