{
    "2023-03-31": {
        "Tax Effect Of Unusual Items": NaN,
        "Tax Rate For Calcs": NaN,
        "Normalized EBITDA": NaN,
        "Total Unusual Items": NaN,
        "Total Unusual Items Excluding Goodwill": NaN,
        "Net Income From Continuing Operation Net Minority Interest": NaN,
        "Reconciled Depreciation": NaN,
        "Reconciled Cost Of Revenue": NaN,
        "EBITDA": NaN,
        "EBIT": NaN,
        "Net Interest Income": NaN,
        "Interest Expense": NaN,
        "Interest Income": NaN,
        "Normalized Income": NaN,
        "Net Income From Continuing And Discontinued Operation": NaN,
        "Total Expenses": NaN,
        "Total Operating Income As Reported": NaN,
        "Diluted Average Shares": 897923333.0,
        "Basic Average Shares": 897923333.0,
        "Diluted EPS": -0.3,
        "Basic EPS": -0.3,
        "Diluted NI Availto Com Stockholders": NaN,
        "Net Income Common Stockholders": NaN,
        "Net Income": NaN,
        "Minority Interests": NaN,
        "Net Income Including Noncontrolling Interests": NaN,
        "Net Income Discontinuous Operations": 526829000.0,
        "Net Income Continuous Operations": NaN,
        "Tax Provision": NaN,
        "Pretax Income": NaN,
        "Other Income Expense": NaN,
        "Other Non Operating Income Expenses": -518318000.0,
        "Special Income Charges": NaN,
        "Gain On Sale Of Ppe": NaN,
        "Other Special Charges": NaN,
        "Write Off": NaN,
        "Impairment Of Capital Assets": NaN,
        "Restructuring And Mergern Acquisition": NaN,
        "Earnings From Equity Interest": NaN,
        "Gain On Sale Of Security": NaN,
        "Net Non Operating Interest Income Expense": NaN,
        "Total Other Finance Cost": NaN,
        "Interest Expense Non Operating": NaN,
        "Interest Income Non Operating": NaN,
        "Operating Income": NaN,
        "Operating Expense": NaN,
        "Other Operating Expenses": -59900000.0,
        "Other Taxes": NaN,
        "Selling General And Administration": NaN,
        "Selling And Marketing Expense": NaN,
        "General And Administrative Expense": NaN,
        "Other Gand A": NaN,
        "Gross Profit": NaN,
        "Cost Of Revenue": NaN,
        "Total Revenue": NaN,
        "Operating Revenue": NaN
    },
    "2022-12-31": {
        "Tax Effect Of Unusual Items": -754221520.0,
        "Tax Rate For Calcs": 0.23,
        "Normalized EBITDA": 15804291000.0,
        "Total Unusual Items": -3279224000.0,
        "Total Unusual Items Excluding Goodwill": -3279224000.0,
        "Net Income From Continuing Operation Net Minority Interest": -881232000.0,
        "Reconciled Depreciation": 14594338000.0,
        "Reconciled Cost Of Revenue": 26675787000.0,
        "EBITDA": 12525067000.0,
        "EBIT": -2069271000.0,
        "Net Interest Income": 425670000.0,
        "Interest Expense": 999378000.0,
        "Interest Income": 142237000.0,
        "Normalized Income": 1643770480.0,
        "Net Income From Continuing And Discontinued Operation": -881232000.0,
        "Total Expenses": 28868773000.0,
        "Total Operating Income As Reported": -11752421000.0,
        "Diluted Average Shares": NaN,
        "Basic Average Shares": NaN,
        "Diluted EPS": NaN,
        "Basic EPS": NaN,
        "Diluted NI Availto Com Stockholders": -881232000.0,
        "Net Income Common Stockholders": -881232000.0,
        "Net Income": -881232000.0,
        "Minority Interests": 879000.0,
        "Net Income Including Noncontrolling Interests": -882111000.0,
        "Net Income Continuous Operations": -882111000.0,
        "Tax Provision": -2186538000.0,
        "Pretax Income": -3068649000.0,
        "Other Income Expense": 1664739000.0,
        "Special Income Charges": -585980000.0,
        "Gain On Sale Of Ppe": -89315000.0,
        "Other Special Charges": 205870000.0,
        "Write Off": 117697000.0,
        "Impairment Of Capital Assets": NaN,
        "Restructuring And Mergern Acquisition": 173098000.0,
        "Earnings From Equity Interest": 378387000.0,
        "Gain On Sale Of Security": -2693244000.0,
        "Net Non Operating Interest Income Expense": 425670000.0,
        "Total Other Finance Cost": -1282811000.0,
        "Interest Expense Non Operating": 999378000.0,
        "Interest Income Non Operating": 142237000.0,
        "Operating Income": -5159058000.0,
        "Operating Expense": 2192986000.0,
        "Other Operating Expenses": NaN,
        "Other Taxes": NaN,
        "Selling General And Administration": 1878699000.0,
        "Selling And Marketing Expense": -158616000.0,
        "General And Administrative Expense": 2037315000.0,
        "Other Gand A": -535034000.0,
        "Gross Profit": -2966072000.0,
        "Cost Of Revenue": 26675787000.0,
        "Total Revenue": 23709715000.0,
        "Operating Revenue": 23709715000.0
    },
    "2022-09-30": {
        "Tax Effect Of Unusual Items": NaN,
        "Tax Rate For Calcs": NaN,
        "Normalized EBITDA": NaN,
        "Total Unusual Items": NaN,
        "Total Unusual Items Excluding Goodwill": NaN,
        "Net Income From Continuing Operation Net Minority Interest": NaN,
        "Reconciled Depreciation": NaN,
        "Reconciled Cost Of Revenue": NaN,
        "EBITDA": NaN,
        "EBIT": NaN,
        "Net Interest Income": NaN,
        "Interest Expense": NaN,
        "Interest Income": NaN,
        "Normalized Income": NaN,
        "Net Income From Continuing And Discontinued Operation": NaN,
        "Total Expenses": NaN,
        "Total Operating Income As Reported": NaN,
        "Diluted Average Shares": 871211636.0,
        "Basic Average Shares": 871211636.0,
        "Diluted EPS": 2.75,
        "Basic EPS": 2.75,
        "Diluted NI Availto Com Stockholders": NaN,
        "Net Income Common Stockholders": NaN,
        "Net Income": NaN,
        "Minority Interests": NaN,
        "Net Income Including Noncontrolling Interests": NaN,
        "Net Income Discontinuous Operations": NaN,
        "Net Income Continuous Operations": NaN,
        "Tax Provision": NaN,
        "Pretax Income": NaN,
        "Other Income Expense": NaN,
        "Other Non Operating Income Expenses": NaN,
        "Special Income Charges": NaN,
        "Gain On Sale Of Ppe": NaN,
        "Other Special Charges": NaN,
        "Write Off": NaN,
        "Impairment Of Capital Assets": 4643000.0,
        "Restructuring And Mergern Acquisition": NaN,
        "Earnings From Equity Interest": NaN,
        "Gain On Sale Of Security": NaN,
        "Net Non Operating Interest Income Expense": NaN,
        "Total Other Finance Cost": NaN,
        "Interest Expense Non Operating": NaN,
        "Interest Income Non Operating": NaN,
        "Operating Income": NaN,
        "Operating Expense": NaN,
        "Other Operating Expenses": 44355000.0,
        "Other Taxes": 0.0,
        "Selling General And Administration": NaN,
        "Selling And Marketing Expense": NaN,
        "General And Administrative Expense": NaN,
        "Other Gand A": NaN,
        "Gross Profit": NaN,
        "Cost Of Revenue": NaN,
        "Total Revenue": NaN,
        "Operating Revenue": NaN
    },
    "2022-06-30": {
        "Tax Effect Of Unusual Items": -166662400.0,
        "Tax Rate For Calcs": 0.4,
        "Normalized EBITDA": 5163893000.0,
        "Total Unusual Items": -416656000.0,
        "Total Unusual Items Excluding Goodwill": -416656000.0,
        "Net Income From Continuing Operation Net Minority Interest": 1858214000.0,
        "Reconciled Depreciation": 2290437000.0,
        "Reconciled Cost Of Revenue": 8907511000.0,
        "EBITDA": 4747237000.0,
        "EBIT": 2456800000.0,
        "Net Interest Income": -395436000.0,
        "Interest Expense": 674468000.0,
        "Interest Income": 380852000.0,
        "Normalized Income": 2108207600.0,
        "Net Income From Continuing And Discontinued Operation": 1858214000.0,
        "Total Expenses": 9831529000.0,
        "Total Operating Income As Reported": 4508624000.0,
        "Diluted Average Shares": 874453647.0,
        "Basic Average Shares": 874453647.0,
        "Diluted EPS": 2.125,
        "Basic EPS": 2.125,
        "Diluted NI Availto Com Stockholders": 1858214000.0,
        "Net Income Common Stockholders": 1858214000.0,
        "Net Income": 1858214000.0,
        "Minority Interests": 32000.0,
        "Net Income Including Noncontrolling Interests": 1858182000.0,
        "Net Income Continuous Operations": 1858182000.0,
        "Tax Provision": -75850000.0,
        "Pretax Income": 1782332000.0,
        "Other Income Expense": -467759000.0,
        "Special Income Charges": 46142000.0,
        "Gain On Sale Of Ppe": 18781000.0,
        "Other Special Charges": 13231000.0,
        "Write Off": 95541000.0,
        "Restructuring And Mergern Acquisition": -136133000.0,
        "Earnings From Equity Interest": -51103000.0,
        "Gain On Sale Of Security": -462798000.0,
        "Net Non Operating Interest Income Expense": -395436000.0,
        "Total Other Finance Cost": 101820000.0,
        "Interest Expense Non Operating": 674468000.0,
        "Interest Income Non Operating": 380852000.0,
        "Operating Income": 2645527000.0,
        "Operating Expense": 924018000.0,
        "Other Operating Expenses": NaN,
        "Other Taxes": NaN,
        "Selling General And Administration": 924018000.0,
        "Selling And Marketing Expense": 575875000.0,
        "General And Administrative Expense": 348143000.0,
        "Other Gand A": 348143000.0,
        "Gross Profit": 3569545000.0,
        "Cost Of Revenue": 8907511000.0,
        "Total Revenue": 12477056000.0,
        "Operating Revenue": 12477056000.0
    },
    "2022-03-31": {
        "Diluted EPS": 0.07,
        "Total Revenue": 770,
        "Gross Profit": 224,
        "Operating Income": 161,
        "EBIT": 312,
        "Net Income": 58
    },
    "2021-06-30": {
        "Diluted EPS": 0.15,
        "Total Revenue": NaN,
        "Gross Profit": 288,
        "Operating Income": 171,
        "EBIT": 351,
        "Net Income": 133
    },
    "2021-03-31": {
        "Diluted EPS": 0.17,
        "Total Revenue": NaN,
        "Gross Profit": 307,
        "Operating Income": 222,
        "EBIT": 447,
        "Net Income": 150
    },
    "2020-12-31": {
        "Diluted EPS": 0.2,
        "Total Revenue": NaN,
        "Gross Profit": 294,
        "Operating Income": 157,
        "EBIT": 412,
        "Net Income": 173
    },
    "2020-09-30": {
        "Diluted EPS": 0.19,
        "Total Revenue": NaN,
        "Gross Profit": 334,
        "Operating Income": 259,
        "EBIT": 450,
        "Net Income": 168
    },
    "2020-06-30": {
        "Diluted EPS": 0.14,
        "Total Revenue": NaN,
        "Gross Profit": 288,
        "Operating Income": 193,
        "EBIT": 380,
        "Net Income": 124
    },
    "2020-03-31": {
        "Diluted EPS": 0.16,
        "Total Revenue": NaN,
        "Gross Profit": 343,
        "Operating Income": 220,
        "EBIT": 445,
        "Net Income": 143
    },
    "2019-12-31": {
        "Diluted EPS": 0.14,
        "Total Revenue": NaN,
        "Gross Profit": 355,
        "Operating Income": 210,
        "EBIT": 455,
        "Net Income": 122
    },
    "2019-09-30": {
        "Diluted EPS": 0.16,
        "Total Revenue": NaN,
        "Gross Profit": 407,
        "Operating Income": 273,
        "EBIT": 500,
        "Net Income": 141
    },
    "2019-06-30": {
        "Diluted EPS": 0.09,
        "Total Revenue": NaN,
        "Gross Profit": 325,
        "Operating Income": 207,
        "EBIT": 404,
        "Net Income": 79
    },
    "2019-03-31": {
        "Diluted EPS": 0.26,
        "Total Revenue": NaN,
        "Gross Profit": 329,
        "Operating Income": 196,
        "EBIT": 415,
        "Net Income": 228
    },
    "2018-12-31": {
        "Diluted EPS": 0.17,
        "Total Revenue": 924,
        "Gross Profit": 278,
        "Operating Income": 158,
        "EBIT": 501,
        "Net Income": 147
    },
    "2018-09-30": {
        "Diluted EPS": 0.05,
        "Total Revenue": NaN,
        "Gross Profit": 370,
        "Operating Income": 233,
        "EBIT": 309,
        "Net Income": 43
    },
    "2018-06-30": {
        "Diluted EPS": 0.11,
        "Total Revenue": NaN,
        "Gross Profit": 394,
        "Operating Income": 243,
        "EBIT": 451,
        "Net Income": 95
    },
    "2018-03-31": {
        "Diluted EPS": 0.15,
        "Total Revenue": NaN,
        "Gross Profit": 432,
        "Operating Income": 265,
        "EBIT": 522,
        "Net Income": 131
    },
    "2017-12-31": {
        "Diluted EPS": 0.06,
        "Total Revenue": NaN,
        "Gross Profit": 426,
        "Operating Income": 99,
        "EBIT": 270,
        "Net Income": 49
    },
    "2017-09-30": {
        "Diluted EPS": 0.19,
        "Total Revenue": NaN,
        "Gross Profit": 474,
        "Operating Income": 268,
        "EBIT": 461,
        "Net Income": 171
    },
    "2017-06-30": {
        "Diluted EPS": 0.22,
        "Total Revenue": NaN,
        "Gross Profit": 428,
        "Operating Income": 225,
        "EBIT": 400,
        "Net Income": 197
    },
    "2017-03-31": {
        "Diluted EPS": 0.14,
        "Total Revenue": NaN,
        "Gross Profit": 394,
        "Operating Income": 213,
        "EBIT": 385,
        "Net Income": 126
    },
    "2016-12-31": {
        "Diluted EPS": 0.12,
        "Total Revenue": NaN,
        "Gross Profit": 438,
        "Operating Income": 224,
        "EBIT": 413,
        "Net Income": 104
    },
    "2016-09-30": {
        "Diluted EPS": 0.06,
        "Total Revenue": NaN,
        "Gross Profit": 434,
        "Operating Income": 151,
        "EBIT": 338,
        "Net Income": 55
    },
    "2016-06-30": {
        "Diluted EPS": 0.17,
        "Total Revenue": NaN,
        "Gross Profit": 387,
        "Operating Income": 164,
        "EBIT": 363,
        "Net Income": 144
    },
    "2016-03-31": {
        "Diluted EPS": 0.22,
        "Total Revenue": NaN,
        "Gross Profit": 410,
        "Operating Income": 182,
        "EBIT": 336,
        "Net Income": 191
    },
    "2015-12-31": {
        "Diluted EPS": 0.23,
        "Total Revenue": NaN,
        "Gross Profit": 421,
        "Operating Income": 183,
        "EBIT": 335,
        "Net Income": 199
    },
    "2015-09-30": {
        "Diluted EPS": 0.29,
        "Total Revenue": NaN,
        "Gross Profit": 377,
        "Operating Income": 145,
        "EBIT": 398,
        "Net Income": 257
    },
    "2015-06-30": {
        "Diluted EPS": 0.31,
        "Total Revenue": NaN,
        "Gross Profit": 447,
        "Operating Income": 171,
        "EBIT": 223,
        "Net Income": 267
    },
    "2015-03-31": {
        "Diluted EPS": 0.15,
        "Total Revenue": NaN,
        "Gross Profit": 330,
        "Operating Income": 58,
        "EBIT": 219,
        "Net Income": 136
    },
    "2014-12-31": {
        "Diluted EPS": 0.23,
        "Total Revenue": NaN,
        "Gross Profit": 505,
        "Operating Income": 209,
        "EBIT": 957,
        "Net Income": 205
    },
    "2014-09-30": {
        "Diluted EPS": 0.38,
        "Total Revenue": NaN,
        "Gross Profit": 544,
        "Operating Income": 250,
        "EBIT": -112,
        "Net Income": 338
    },
    "2014-06-30": {
        "Diluted EPS": 0.27,
        "Total Revenue": NaN,
        "Gross Profit": 567,
        "Operating Income": 278,
        "EBIT": 460,
        "Net Income": 238
    },
    "2014-03-31": {
        "Diluted EPS": 0.18,
        "Total Revenue": NaN,
        "Gross Profit": 500,
        "Operating Income": 219,
        "EBIT": 399,
        "Net Income": 163
    },
    "2013-12-31": {
        "Diluted EPS": 0.3,
        "Total Revenue": NaN,
        "Gross Profit": 512,
        "Operating Income": 202,
        "EBIT": 436,
        "Net Income": 254
    },
    "2013-09-30": {
        "Diluted EPS": 0.4,
        "Total Revenue": NaN,
        "Gross Profit": 621,
        "Operating Income": 320,
        "EBIT": 514,
        "Net Income": 355
    },
    "2013-06-30": {
        "Diluted EPS": 0.32,
        "Total Revenue": NaN,
        "Gross Profit": 497,
        "Operating Income": 167,
        "EBIT": 365,
        "Net Income": 285
    },
    "2013-03-31": {
        "Diluted EPS": 0.36,
        "Total Revenue": NaN,
        "Gross Profit": 550,
        "Operating Income": 240,
        "EBIT": 442,
        "Net Income": 315
    },
    "2012-12-31": {
        "Diluted EPS": 0.29,
        "Total Revenue": NaN,
        "Gross Profit": 578,
        "Operating Income": 221,
        "EBIT": 443,
        "Net Income": 256
    },
    "2012-09-30": {
        "Diluted EPS": 0.35,
        "Total Revenue": NaN,
        "Gross Profit": 605,
        "Operating Income": 273,
        "EBIT": 463,
        "Net Income": 317
    },
    "2012-06-30": {
        "Diluted EPS": 0.33,
        "Total Revenue": NaN,
        "Gross Profit": 529,
        "Operating Income": 216,
        "EBIT": 407,
        "Net Income": 294
    },
    "2012-03-31": {
        "Diluted EPS": 0.21,
        "Total Revenue": NaN,
        "Gross Profit": 367,
        "Operating Income": 68,
        "EBIT": 255,
        "Net Income": 187
    },
    "2011-12-31": {
        "Diluted EPS": 0.21,
        "Total Revenue": NaN,
        "Gross Profit": 435,
        "Operating Income": -29,
        "EBIT": 283,
        "Net Income": 189
    },
    "2011-09-30": {
        "Diluted EPS": 0.36,
        "Total Revenue": NaN,
        "Gross Profit": 613,
        "Operating Income": 313,
        "EBIT": 508,
        "Net Income": 314
    },
    "2011-06-30": {
        "Diluted EPS": 0.33,
        "Total Revenue": NaN,
        "Gross Profit": 552,
        "Operating Income": 230,
        "EBIT": 472,
        "Net Income": 277
    },
    "2011-03-31": {
        "Diluted EPS": 0.25,
        "Total Revenue": NaN,
        "Gross Profit": 552,
        "Operating Income": 221,
        "EBIT": 398,
        "Net Income": 210
    },
    "2010-12-31": {
        "Diluted EPS": 0.26,
        "Total Revenue": NaN,
        "Gross Profit": 420,
        "Operating Income": 35,
        "EBIT": -175,
        "Net Income": 232
    },
    "2010-09-30": {
        "Diluted EPS": 0.42,
        "Total Revenue": NaN,
        "Gross Profit": 697,
        "Operating Income": 366,
        "EBIT": 554,
        "Net Income": 367
    },
    "2010-06-30": {
        "Diluted EPS": 0.31,
        "Total Revenue": NaN,
        "Gross Profit": 669,
        "Operating Income": 293,
        "EBIT": 439,
        "Net Income": 277
    },
    "2010-03-31": {
        "Diluted EPS": 0.31,
        "Total Revenue": NaN,
        "Gross Profit": 643,
        "Operating Income": 301,
        "EBIT": 471,
        "Net Income": 277
    },
    "2009-12-31": {
        "Diluted EPS": 0.19,
        "Total Revenue": NaN,
        "Gross Profit": 632,
        "Operating Income": 270,
        "EBIT": 459,
        "Net Income": 171
    },
    "2009-09-30": {
        "Diluted EPS": 0.38,
        "Total Revenue": NaN,
        "Gross Profit": 752,
        "Operating Income": 395,
        "EBIT": 545,
        "Net Income": 333
    },
    "2009-06-30": {
        "Diluted EPS": 0.28,
        "Total Revenue": NaN,
        "Gross Profit": 657,
        "Operating Income": 316,
        "EBIT": 449,
        "Net Income": 246
    },
    "2009-03-31": {
        "Diluted EPS": 0.16,
        "Total Revenue": NaN,
        "Gross Profit": 652,
        "Operating Income": 354,
        "EBIT": 472,
        "Net Income": 344
    },
    "2023-06-30": {
        "Tax Effect Of Unusual Items": -1279624750.0,
        "Tax Rate For Calcs": 0.25,
        "Normalized EBITDA": 17884386000.0,
        "Total Unusual Items": -5118499000.0,
        "Total Unusual Items Excluding Goodwill": -5118499000.0,
        "Net Income From Continuing Operation Net Minority Interest": -1519152000.0,
        "Reconciled Depreciation": 11352782000.0,
        "Reconciled Cost Of Revenue": 27127953000.0,
        "EBITDA": 12765887000.0,
        "EBIT": 1413105000.0,
        "Net Interest Income": -1211522000.0,
        "Interest Expense": 1998692000.0,
        "Interest Income": 708603000.0,
        "Normalized Income": 2319722250.0,
        "Net Income From Continuing And Discontinued Operation": -820363000.0,
        "Total Expenses": 29707442000.0,
        "Total Operating Income As Reported": 5117975000.0,
        "Diluted Average Shares": 863540000.0,
        "Basic Average Shares": 863540000.0,
        "Diluted EPS": -0.95,
        "Basic EPS": -0.95,
        "Diluted NI Availto Com Stockholders": -820363000.0,
        "Net Income Common Stockholders": -820363000.0,
        "Net Income": -820363000.0,
        "Minority Interests": 1584000.0,
        "Net Income Including Noncontrolling Interests": -821947000.0,
        "Net Income Discontinuous Operations": 698789000.0,
        "Net Income Continuous Operations": -1520736000.0,
        "Tax Provision": 935149000.0,
        "Pretax Income": -585587000.0,
        "Other Income Expense": -4695486000.0,
        "Other Non Operating Income Expenses": 644198000.0,
        "Special Income Charges": -121317000.0,
        "Gain On Sale Of Ppe": 45670000.0,
        "Other Special Charges": -194496000.0,
        "Write Off": 361483000.0,
        "Impairment Of Capital Assets": NaN,
        "Restructuring And Mergern Acquisition": 0.0,
        "Earnings From Equity Interest": -221185000.0,
        "Gain On Sale Of Security": -4997182000.0,
        "Net Non Operating Interest Income Expense": -1211522000.0,
        "Total Other Finance Cost": -78567000.0,
        "Interest Expense Non Operating": 1998692000.0,
        "Interest Income Non Operating": 708603000.0,
        "Operating Income": 5321421000.0,
        "Operating Expense": 2579489000.0,
        "Other Operating Expenses": -231241000.0,
        "Other Taxes": 621000.0,
        "Selling General And Administration": 2579489000.0,
        "Selling And Marketing Expense": 1678040000.0,
        "General And Administrative Expense": 901449000.0,
        "Other Gand A": 901449000.0,
        "Gross Profit": 7900910000.0,
        "Cost Of Revenue": 27127953000.0,
        "Total Revenue": 35028863000.0,
        "Operating Revenue": 34050759000.0
    },
    "2023-09-30": {
        "Tax Effect Of Unusual Items": -862380.0,
        "Tax Rate For Calcs": 0.03,
        "Normalized EBITDA": 7078788000.0,
        "Total Unusual Items": -28746000.0,
        "Total Unusual Items Excluding Goodwill": -28746000.0,
        "Net Income From Continuing Operation Net Minority Interest": 5478384000.0,
        "Reconciled Depreciation": -10801354000.0,
        "Reconciled Cost Of Revenue": 15632685000.0,
        "EBITDA": 7050042000.0,
        "EBIT": 7050042000.0,
        "Net Interest Income": -303636000.0,
        "Interest Expense": 1418340000.0,
        "Interest Income": 1134334000.0,
        "Normalized Income": 5506267620.0,
        "Net Income From Continuing And Discontinued Operation": 5478384000.0,
        "Total Expenses": 19927390000.0,
        "Total Operating Income As Reported": 8036700000.0,
        "Diluted Average Shares": 873049243.0,
        "Basic Average Shares": 873049243.0,
        "Diluted EPS": 6.275,
        "Basic EPS": 6.275,
        "Diluted NI Availto Com Stockholders": 5478384000.0,
        "Net Income Common Stockholders": 5478384000.0,
        "Net Income": 5478384000.0,
        "Minority Interests": 1804000.0,
        "Net Income Including Noncontrolling Interests": 5476580000.0,
        "Net Income Discontinuous Operations": NaN,
        "Net Income Continuous Operations": 5476580000.0,
        "Tax Provision": 155122000.0,
        "Pretax Income": 5631702000.0,
        "Other Income Expense": -130258000.0,
        "Other Non Operating Income Expenses": NaN,
        "Special Income Charges": -167975000.0,
        "Gain On Sale Of Ppe": 112972000.0,
        "Other Special Charges": 19952000.0,
        "Write Off": 210678000.0,
        "Impairment Of Capital Assets": 14091000.0,
        "Restructuring And Mergern Acquisition": 36226000.0,
        "Earnings From Equity Interest": -101512000.0,
        "Gain On Sale Of Security": 139229000.0,
        "Net Non Operating Interest Income Expense": -303636000.0,
        "Total Other Finance Cost": 19630000.0,
        "Interest Expense Non Operating": 1418340000.0,
        "Interest Income Non Operating": 1134334000.0,
        "Operating Income": 6065596000.0,
        "Operating Expense": 4294705000.0,
        "Other Operating Expenses": 2000457000.0,
        "Other Taxes": 11000.0,
        "Selling General And Administration": 2294237000.0,
        "Selling And Marketing Expense": 1431265000.0,
        "General And Administrative Expense": 862972000.0,
        "Other Gand A": 862972000.0,
        "Gross Profit": 10360301000.0,
        "Cost Of Revenue": 15632685000.0,
        "Total Revenue": 25992986000.0,
        "Operating Revenue": 25992986000.0
    },
    "2023-12-31": {
        "Tax Effect Of Unusual Items": -1032486250.0,
        "Tax Rate For Calcs": 0.25,
        "Normalized EBITDA": 23782516000.0,
        "Total Unusual Items": -4129945000.0,
        "Total Unusual Items Excluding Goodwill": -4129945000.0,
        "Net Income From Continuing Operation Net Minority Interest": -871915000.0,
        "Reconciled Depreciation": 24404037000.0,
        "Reconciled Cost Of Revenue": 43985139000.0,
        "EBITDA": 19652571000.0,
        "EBIT": -4751466000.0,
        "Net Interest Income": -925555000.0,
        "Interest Expense": 2206054000.0,
        "Interest Income": 768749000.0,
        "Normalized Income": 2225543750.0,
        "Net Income From Continuing And Discontinued Operation": 1097759000.0,
        "Total Expenses": 45859520000.0,
        "Total Operating Income As Reported": -17810048000.0,
        "Diluted Average Shares": NaN,
        "Basic Average Shares": NaN,
        "Diluted EPS": NaN,
        "Basic EPS": NaN,
        "Diluted NI Availto Com Stockholders": 1097759000.0,
        "Net Income Common Stockholders": 1097759000.0,
        "Net Income": 1097759000.0,
        "Minority Interests": 18845000.0,
        "Net Income Including Noncontrolling Interests": 1078914000.0,
        "Net Income Discontinuous Operations": NaN,
        "Net Income Continuous Operations": -890760000.0,
        "Tax Provision": -6066760000.0,
        "Pretax Income": -6957520000.0,
        "Other Income Expense": -2368804000.0,
        "Other Non Operating Income Expenses": NaN,
        "Special Income Charges": -1399225000.0,
        "Gain On Sale Of Ppe": -166707000.0,
        "Other Special Charges": 502728000.0,
        "Write Off": 381155000.0,
        "Impairment Of Capital Assets": NaN,
        "Restructuring And Mergern Acquisition": 376140000.0,
        "Earnings From Equity Interest": 1619502000.0,
        "Gain On Sale Of Security": -2730720000.0,
        "Net Non Operating Interest Income Expense": -925555000.0,
        "Total Other Finance Cost": -511750000.0,
        "Interest Expense Non Operating": 2206054000.0,
        "Interest Income Non Operating": 768749000.0,
        "Operating Income": -3663161000.0,
        "Operating Expense": 1874381000.0,
        "Other Operating Expenses": -1769918000.0,
        "Other Taxes": 300000.0,
        "Selling General And Administration": 3643999000.0,
        "Selling And Marketing Expense": -861339000.0,
        "General And Administrative Expense": 4505338000.0,
        "Other Gand A": -1079581000.0,
        "Gross Profit": -1788780000.0,
        "Cost Of Revenue": 43985139000.0,
        "Total Revenue": 42196359000.0,
        "Operating Revenue": 42196359000.0
    },
    "2024-03-31": {
        "Tax Effect Of Unusual Items": -711509446.446319,
        "Tax Rate For Calcs": 0.387346,
        "Normalized EBITDA": 17313905000.0,
        "Total Unusual Items": -1836882000.0,
        "Total Unusual Items Excluding Goodwill": -1836882000.0,
        "Net Income From Continuing Operation Net Minority Interest": 2093923000.0,
        "Reconciled Depreciation": 9964253000.0,
        "Reconciled Cost Of Revenue": 24180016000.0,
        "EBITDA": 15477023000.0,
        "EBIT": 5512770000.0,
        "Net Interest Income": -873762000.0,
        "Interest Expense": 2103854000.0,
        "Interest Income": 1130625000.0,
        "Normalized Income": 3219295553.553681,
        "Net Income From Continuing And Discontinued Operation": 2634562000.0,
        "Total Expenses": 27098984000.0,
        "Total Operating Income As Reported": 3304028000.0,
        "Diluted Average Shares": 870929587.0,
        "Basic Average Shares": 870929587.0,
        "Diluted EPS": 3.025,
        "Basic EPS": 3.025,
        "Diluted NI Availto Com Stockholders": 2634562000.0,
        "Net Income Common Stockholders": 2634562000.0,
        "Net Income": 2634562000.0,
        "Minority Interests": 5438000.0,
        "Net Income Including Noncontrolling Interests": 2629124000.0,
        "Net Income Discontinuous Operations": 540639000.0,
        "Net Income Continuous Operations": 2088485000.0,
        "Tax Provision": 1320431000.0,
        "Pretax Income": 3408916000.0,
        "Other Income Expense": 559328000.0,
        "Other Non Operating Income Expenses": 2452114000.0,
        "Special Income Charges": -223806000.0,
        "Gain On Sale Of Ppe": 22178000.0,
        "Other Special Charges": 30612000.0,
        "Write Off": 200938000.0,
        "Impairment Of Capital Assets": NaN,
        "Restructuring And Mergern Acquisition": 14434000.0,
        "Earnings From Equity Interest": -55904000.0,
        "Gain On Sale Of Security": -1613076000.0,
        "Net Non Operating Interest Income Expense": -873762000.0,
        "Total Other Finance Cost": -99467000.0,
        "Interest Expense Non Operating": 2103854000.0,
        "Interest Income Non Operating": 1130625000.0,
        "Operating Income": 3723350000.0,
        "Operating Expense": 2918968000.0,
        "Other Operating Expenses": NaN,
        "Other Taxes": NaN,
        "Selling General And Administration": 2918968000.0,
        "Selling And Marketing Expense": 1757911000.0,
        "General And Administrative Expense": 1161057000.0,
        "Other Gand A": 1161057000.0,
        "Gross Profit": 6642318000.0,
        "Cost Of Revenue": 24180016000.0,
        "Total Revenue": 30822334000.0,
        "Operating Revenue": 29826413000.0
    },
    "2024-06-30": {
        "Tax Effect Of Unusual Items": -540713000.0,
        "Tax Rate For Calcs": 0.25,
        "Normalized EBITDA": 18764428000.0,
        "Total Unusual Items": -2162852000.0,
        "Total Unusual Items Excluding Goodwill": -2162852000.0,
        "Net Income From Continuing Operation Net Minority Interest": 2376276000.0,
        "Reconciled Depreciation": 11727120000.0,
        "Reconciled Cost Of Revenue": 26526524000.0,
        "EBITDA": 16601576000.0,
        "EBIT": 4874456000.0,
        "Net Interest Income": -896693000.0,
        "Interest Expense": 2654567000.0,
        "Interest Income": 1623532000.0,
        "Normalized Income": 3998415000.0,
        "Net Income From Continuing And Discontinued Operation": 2904335000.0,
        "Total Expenses": 29980871000.0,
        "Total Operating Income As Reported": 4471206000.0,
        "Diluted Average Shares": 873484211.0,
        "Basic Average Shares": 873484211.0,
        "Diluted EPS": 3.325,
        "Basic EPS": 3.325,
        "Diluted NI Availto Com Stockholders": 2904335000.0,
        "Net Income Common Stockholders": 2904335000.0,
        "Net Income": 2904335000.0,
        "Minority Interests": 1320000.0,
        "Net Income Including Noncontrolling Interests": 2903015000.0,
        "Net Income Discontinuous Operations": 528059000.0,
        "Net Income Continuous Operations": 2374956000.0,
        "Tax Provision": -155067000.0,
        "Pretax Income": 2219889000.0,
        "Other Income Expense": -1816018000.0,
        "Other Non Operating Income Expenses": 1108717000.0,
        "Special Income Charges": -365928000.0,
        "Gain On Sale Of Ppe": -32730000.0,
        "Other Special Charges": 78411000.0,
        "Write Off": 251374000.0,
        "Impairment Of Capital Assets": NaN,
        "Restructuring And Mergern Acquisition": 3413000.0,
        "Earnings From Equity Interest": -761883000.0,
        "Gain On Sale Of Security": -1796924000.0,
        "Net Non Operating Interest Income Expense": -896693000.0,
        "Total Other Finance Cost": -134342000.0,
        "Interest Expense Non Operating": 2654567000.0,
        "Interest Income Non Operating": 1623532000.0,
        "Operating Income": 4932600000.0,
        "Operating Expense": 3454347000.0,
        "Other Operating Expenses": NaN,
        "Other Taxes": NaN,
        "Selling General And Administration": 3454347000.0,
        "Selling And Marketing Expense": 2256835000.0,
        "General And Administrative Expense": 1197512000.0,
        "Other Gand A": 1197512000.0,
        "Gross Profit": 8386947000.0,
        "Cost Of Revenue": 26526524000.0,
        "Total Revenue": 34913471000.0,
        "Operating Revenue": 33851340000.0
    }
}