{
    "2023-03-31": {
        "Tax Effect Of Unusual Items": NaN,
        "Tax Rate For Calcs": NaN,
        "Normalized EBITDA": NaN,
        "Total Unusual Items": NaN,
        "Total Unusual Items Excluding Goodwill": NaN,
        "Net Income From Continuing Operation Net Minority Interest": NaN,
        "Reconciled Depreciation": NaN,
        "Reconciled Cost Of Revenue": NaN,
        "EBITDA": NaN,
        "EBIT": NaN,
        "Net Interest Income": NaN,
        "Interest Expense": NaN,
        "Normalized Income": NaN,
        "Net Income From Continuing And Discontinued Operation": NaN,
        "Total Expenses": NaN,
        "Total Operating Income As Reported": NaN,
        "Diluted Average Shares": NaN,
        "Basic Average Shares": NaN,
        "Diluted EPS": NaN,
        "Basic EPS": NaN,
        "Diluted NI Availto Com Stockholders": NaN,
        "Net Income Common Stockholders": NaN,
        "Net Income": NaN,
        "Net Income Including Noncontrolling Interests": NaN,
        "Net Income Continuous Operations": NaN,
        "Tax Provision": NaN,
        "Pretax Income": NaN,
        "Other Income Expense": 18000.0,
        "Other Non Operating Income Expenses": 18000.0,
        "Special Income Charges": NaN,
        "Other Special Charges": NaN,
        "Impairment Of Capital Assets": NaN,
        "Net Non Operating Interest Income Expense": NaN,
        "Total Other Finance Cost": -93000.0,
        "Interest Expense Non Operating": NaN,
        "Operating Income": NaN,
        "Operating Expense": NaN,
        "Depreciation Amortization Depletion Income Statement": NaN,
        "Depreciation And Amortization In Income Statement": NaN,
        "Amortization": NaN,
        "Amortization Of Intangibles Income Statement": NaN,
        "Research And Development": NaN,
        "Selling General And Administration": NaN,
        "Selling And Marketing Expense": NaN,
        "General And Administrative Expense": NaN,
        "Other Gand A": NaN,
        "Gross Profit": NaN,
        "Cost Of Revenue": NaN,
        "Total Revenue": NaN,
        "Operating Revenue": NaN
    },
    "2022-12-31": {
        "Tax Effect Of Unusual Items": NaN,
        "Tax Rate For Calcs": NaN,
        "Normalized EBITDA": NaN,
        "Total Unusual Items": -4188000.0,
        "Total Unusual Items Excluding Goodwill": -4188000.0,
        "Net Income From Continuing Operation Net Minority Interest": NaN,
        "Reconciled Depreciation": NaN,
        "Reconciled Cost Of Revenue": NaN,
        "EBITDA": NaN,
        "EBIT": NaN,
        "Net Interest Income": NaN,
        "Interest Expense": NaN,
        "Normalized Income": NaN,
        "Net Income From Continuing And Discontinued Operation": NaN,
        "Total Expenses": NaN,
        "Total Operating Income As Reported": NaN,
        "Diluted Average Shares": NaN,
        "Basic Average Shares": NaN,
        "Diluted EPS": NaN,
        "Basic EPS": NaN,
        "Diluted NI Availto Com Stockholders": NaN,
        "Net Income Common Stockholders": NaN,
        "Net Income": NaN,
        "Net Income Including Noncontrolling Interests": NaN,
        "Net Income Continuous Operations": NaN,
        "Tax Provision": NaN,
        "Pretax Income": NaN,
        "Other Income Expense": -4169000.0,
        "Other Non Operating Income Expenses": 19000.0,
        "Special Income Charges": -4188000.0,
        "Other Special Charges": NaN,
        "Impairment Of Capital Assets": 4188000.0,
        "Net Non Operating Interest Income Expense": NaN,
        "Total Other Finance Cost": NaN,
        "Interest Expense Non Operating": NaN,
        "Operating Income": NaN,
        "Operating Expense": NaN,
        "Depreciation Amortization Depletion Income Statement": NaN,
        "Depreciation And Amortization In Income Statement": NaN,
        "Amortization": NaN,
        "Amortization Of Intangibles Income Statement": NaN,
        "Research And Development": NaN,
        "Selling General And Administration": NaN,
        "Selling And Marketing Expense": NaN,
        "General And Administrative Expense": NaN,
        "Other Gand A": NaN,
        "Gross Profit": NaN,
        "Cost Of Revenue": NaN,
        "Total Revenue": NaN,
        "Operating Revenue": NaN
    },
    "2022-09-30": {
        "Tax Effect Of Unusual Items": NaN,
        "Tax Rate For Calcs": NaN,
        "Normalized EBITDA": NaN,
        "Total Unusual Items": -16613000.0,
        "Total Unusual Items Excluding Goodwill": -16613000.0,
        "Net Income From Continuing Operation Net Minority Interest": NaN,
        "Reconciled Depreciation": NaN,
        "Reconciled Cost Of Revenue": NaN,
        "EBITDA": NaN,
        "EBIT": NaN,
        "Net Interest Income": NaN,
        "Normalized Income": NaN,
        "Net Income From Continuing And Discontinued Operation": NaN,
        "Total Expenses": NaN,
        "Total Operating Income As Reported": NaN,
        "Diluted Average Shares": NaN,
        "Basic Average Shares": NaN,
        "Diluted EPS": NaN,
        "Basic EPS": NaN,
        "Diluted NI Availto Com Stockholders": NaN,
        "Net Income Common Stockholders": NaN,
        "Net Income": NaN,
        "Net Income Including Noncontrolling Interests": NaN,
        "Net Income Continuous Operations": NaN,
        "Tax Provision": NaN,
        "Pretax Income": NaN,
        "Other Income Expense": NaN,
        "Other Non Operating Income Expenses": NaN,
        "Special Income Charges": -16613000.0,
        "Other Special Charges": NaN,
        "Impairment Of Capital Assets": 16613000.0,
        "Net Non Operating Interest Income Expense": NaN,
        "Total Other Finance Cost": NaN,
        "Operating Income": NaN,
        "Operating Expense": NaN,
        "Depreciation Amortization Depletion Income Statement": NaN,
        "Depreciation And Amortization In Income Statement": NaN,
        "Amortization": NaN,
        "Amortization Of Intangibles Income Statement": NaN,
        "Research And Development": NaN,
        "Selling General And Administration": NaN,
        "Selling And Marketing Expense": NaN,
        "General And Administrative Expense": NaN,
        "Other Gand A": NaN,
        "Gross Profit": NaN,
        "Cost Of Revenue": NaN,
        "Total Revenue": NaN,
        "Operating Revenue": NaN
    },
    "2022-06-30": {
        "Tax Effect Of Unusual Items": 0.0,
        "Tax Rate For Calcs": 0.059867,
        "Normalized EBITDA": -5834000.0,
        "Total Unusual Items": NaN,
        "Total Unusual Items Excluding Goodwill": NaN,
        "Net Income From Continuing Operation Net Minority Interest": -6203000.0,
        "Reconciled Depreciation": 792000.0,
        "Reconciled Cost Of Revenue": 5938000.0,
        "EBITDA": -5834000.0,
        "EBIT": -6626000.0,
        "Net Interest Income": 28000.0,
        "Normalized Income": -6203000.0,
        "Net Income From Continuing And Discontinued Operation": -6203000.0,
        "Total Expenses": 18316000.0,
        "Total Operating Income As Reported": -6626000.0,
        "Diluted Average Shares": 28057801.0,
        "Basic Average Shares": 28057801.0,
        "Diluted EPS": -0.22,
        "Basic EPS": -0.22,
        "Diluted NI Availto Com Stockholders": -6203000.0,
        "Net Income Common Stockholders": -6203000.0,
        "Net Income": -6203000.0,
        "Net Income Including Noncontrolling Interests": -6203000.0,
        "Net Income Continuous Operations": -6203000.0,
        "Tax Provision": -395000.0,
        "Pretax Income": -6598000.0,
        "Other Income Expense": NaN,
        "Other Non Operating Income Expenses": NaN,
        "Special Income Charges": NaN,
        "Impairment Of Capital Assets": NaN,
        "Net Non Operating Interest Income Expense": 28000.0,
        "Total Other Finance Cost": -28000.0,
        "Operating Income": -6626000.0,
        "Operating Expense": 11873000.0,
        "Depreciation Amortization Depletion Income Statement": 287000.0,
        "Depreciation And Amortization In Income Statement": 287000.0,
        "Amortization": 287000.0,
        "Amortization Of Intangibles Income Statement": 287000.0,
        "Research And Development": 1929000.0,
        "Selling General And Administration": 9657000.0,
        "Selling And Marketing Expense": 2598000.0,
        "General And Administrative Expense": 7059000.0,
        "Other Gand A": 7059000.0,
        "Gross Profit": 5247000.0,
        "Cost Of Revenue": 6443000.0,
        "Total Revenue": 11690000.0,
        "Operating Revenue": 11690000.0
    },
    "2022-03-31": {
        "Diluted EPS": -0.2,
        "Total Revenue": 11,
        "Gross Profit": 5,
        "Operating Income": -6,
        "EBIT": -5,
        "Net Income": -5
    },
    "2021-12-31": {
        "Diluted EPS": 0.21,
        "Total Revenue": 10,
        "Gross Profit": 5,
        "Operating Income": -5,
        "EBIT": -4,
        "Net Income": -4
    },
    "2021-09-30": {
        "Diluted EPS": -0.12,
        "Total Revenue": 9,
        "Gross Profit": 4,
        "Operating Income": -4,
        "EBIT": -3,
        "Net Income": -3
    },
    "2021-06-30": {
        "Diluted EPS": -0.52,
        "Total Revenue": 8,
        "Gross Profit": 3,
        "Operating Income": -3,
        "EBIT": -2,
        "Net Income": -2
    },
    "2021-03-31": {
        "Diluted EPS": -0.18,
        "Total Revenue": 9,
        "Gross Profit": 5,
        "Operating Income": -1,
        "EBIT": 0,
        "Net Income": -1
    },
    "2020-12-31": {
        "Diluted EPS": 0.0,
        "Total Revenue": NaN,
        "Gross Profit": NaN,
        "Operating Income": NaN,
        "EBIT": NaN,
        "Net Income": NaN
    },
    "2020-09-30": {
        "Diluted EPS": 0.07,
        "Total Revenue": 9,
        "Gross Profit": 5,
        "Operating Income": 2,
        "EBIT": 3,
        "Net Income": 0
    },
    "2020-06-30": {
        "Diluted EPS": 0.02,
        "Total Revenue": 6,
        "Gross Profit": 3,
        "Operating Income": 1,
        "EBIT": 1,
        "Net Income": 0
    },
    "2023-06-30": {
        "Tax Effect Of Unusual Items": NaN,
        "Tax Rate For Calcs": NaN,
        "Normalized EBITDA": NaN,
        "Total Unusual Items": -2195000.0,
        "Total Unusual Items Excluding Goodwill": -2195000.0,
        "Net Income From Continuing Operation Net Minority Interest": NaN,
        "Reconciled Depreciation": NaN,
        "Reconciled Cost Of Revenue": NaN,
        "EBITDA": NaN,
        "EBIT": NaN,
        "Net Interest Income": NaN,
        "Interest Expense": 308000.0,
        "Normalized Income": NaN,
        "Net Income From Continuing And Discontinued Operation": NaN,
        "Total Expenses": NaN,
        "Total Operating Income As Reported": NaN,
        "Diluted Average Shares": NaN,
        "Basic Average Shares": NaN,
        "Diluted EPS": NaN,
        "Basic EPS": NaN,
        "Diluted NI Availto Com Stockholders": NaN,
        "Net Income Common Stockholders": NaN,
        "Net Income": NaN,
        "Net Income Including Noncontrolling Interests": NaN,
        "Net Income Continuous Operations": NaN,
        "Tax Provision": NaN,
        "Pretax Income": NaN,
        "Other Income Expense": -2029000.0,
        "Other Non Operating Income Expenses": 166000.0,
        "Special Income Charges": -2195000.0,
        "Other Special Charges": NaN,
        "Impairment Of Capital Assets": 2195000.0,
        "Net Non Operating Interest Income Expense": NaN,
        "Total Other Finance Cost": 308000.0,
        "Interest Expense Non Operating": 308000.0,
        "Operating Income": NaN,
        "Operating Expense": NaN,
        "Depreciation Amortization Depletion Income Statement": NaN,
        "Depreciation And Amortization In Income Statement": NaN,
        "Amortization": NaN,
        "Amortization Of Intangibles Income Statement": NaN,
        "Research And Development": NaN,
        "Selling General And Administration": NaN,
        "Selling And Marketing Expense": NaN,
        "General And Administrative Expense": NaN,
        "Other Gand A": NaN,
        "Gross Profit": NaN,
        "Cost Of Revenue": NaN,
        "Total Revenue": NaN,
        "Operating Revenue": NaN
    },
    "2023-09-30": {
        "Tax Effect Of Unusual Items": -173040.0,
        "Tax Rate For Calcs": 0.21,
        "Normalized EBITDA": -6907000.0,
        "Total Unusual Items": -824000.0,
        "Total Unusual Items Excluding Goodwill": -824000.0,
        "Net Income From Continuing Operation Net Minority Interest": -10153000.0,
        "Reconciled Depreciation": 1622000.0,
        "Reconciled Cost Of Revenue": 5362000.0,
        "EBITDA": -7731000.0,
        "EBIT": -9353000.0,
        "Net Interest Income": -791000.0,
        "Interest Expense": 791000.0,
        "Normalized Income": -9502040.0,
        "Net Income From Continuing And Discontinued Operation": -10153000.0,
        "Total Expenses": 16931000.0,
        "Total Operating Income As Reported": -8762000.0,
        "Diluted Average Shares": 29956930.0,
        "Basic Average Shares": 29956930.0,
        "Diluted EPS": -0.34,
        "Basic EPS": -0.34,
        "Diluted NI Availto Com Stockholders": -10153000.0,
        "Net Income Common Stockholders": -10153000.0,
        "Net Income": -10153000.0,
        "Net Income Including Noncontrolling Interests": -10153000.0,
        "Net Income Continuous Operations": -10153000.0,
        "Tax Provision": 9000.0,
        "Pretax Income": -10144000.0,
        "Other Income Expense": -591000.0,
        "Other Non Operating Income Expenses": 233000.0,
        "Special Income Charges": -824000.0,
        "Other Special Charges": 824000.0,
        "Impairment Of Capital Assets": 0.0,
        "Net Non Operating Interest Income Expense": -791000.0,
        "Total Other Finance Cost": 791000.0,
        "Interest Expense Non Operating": 791000.0,
        "Operating Income": -8762000.0,
        "Operating Expense": 10234000.0,
        "Depreciation Amortization Depletion Income Statement": 287000.0,
        "Depreciation And Amortization In Income Statement": 287000.0,
        "Amortization": 287000.0,
        "Amortization Of Intangibles Income Statement": 287000.0,
        "Research And Development": 1397000.0,
        "Selling General And Administration": 8550000.0,
        "Selling And Marketing Expense": 2412000.0,
        "General And Administrative Expense": 6138000.0,
        "Other Gand A": 6138000.0,
        "Gross Profit": 1472000.0,
        "Cost Of Revenue": 6697000.0,
        "Total Revenue": 8169000.0,
        "Operating Revenue": 7871000.0
    },
    "2023-12-31": {
        "Tax Effect Of Unusual Items": -60162.043796,
        "Tax Rate For Calcs": 0.027737,
        "Normalized EBITDA": -4909000.0,
        "Total Unusual Items": -2169000.0,
        "Total Unusual Items Excluding Goodwill": -2169000.0,
        "Net Income From Continuing Operation Net Minority Interest": -10656000.0,
        "Reconciled Depreciation": 1611000.0,
        "Reconciled Cost Of Revenue": 5209000.0,
        "EBITDA": -7078000.0,
        "EBIT": -8689000.0,
        "Net Interest Income": 173000.0,
        "Interest Expense": NaN,
        "Normalized Income": -8547162.043796,
        "Net Income From Continuing And Discontinued Operation": -10656000.0,
        "Total Expenses": 16556000.0,
        "Total Operating Income As Reported": -10858000.0,
        "Diluted Average Shares": 40750760.0,
        "Basic Average Shares": 40750760.0,
        "Diluted EPS": -0.26,
        "Basic EPS": -0.26,
        "Diluted NI Availto Com Stockholders": -10656000.0,
        "Net Income Common Stockholders": -10656000.0,
        "Net Income": -10656000.0,
        "Net Income Including Noncontrolling Interests": -10656000.0,
        "Net Income Continuous Operations": -10656000.0,
        "Tax Provision": -304000.0,
        "Pretax Income": -10960000.0,
        "Other Income Expense": -2444000.0,
        "Other Non Operating Income Expenses": -275000.0,
        "Special Income Charges": -2169000.0,
        "Other Special Charges": 0.0,
        "Impairment Of Capital Assets": 2169000.0,
        "Net Non Operating Interest Income Expense": 173000.0,
        "Total Other Finance Cost": -173000.0,
        "Interest Expense Non Operating": NaN,
        "Operating Income": -8689000.0,
        "Operating Expense": 10024000.0,
        "Depreciation Amortization Depletion Income Statement": 288000.0,
        "Depreciation And Amortization In Income Statement": 288000.0,
        "Amortization": 288000.0,
        "Amortization Of Intangibles Income Statement": 288000.0,
        "Research And Development": 1311000.0,
        "Selling General And Administration": 8425000.0,
        "Selling And Marketing Expense": 2401000.0,
        "General And Administrative Expense": 6024000.0,
        "Other Gand A": 6024000.0,
        "Gross Profit": 1335000.0,
        "Cost Of Revenue": 6532000.0,
        "Total Revenue": 7867000.0,
        "Operating Revenue": 8713000.0
    },
    "2024-03-31": {
        "Tax Effect Of Unusual Items": 0.0,
        "Tax Rate For Calcs": 0.004,
        "Normalized EBITDA": -6350000.0,
        "Total Unusual Items": NaN,
        "Total Unusual Items Excluding Goodwill": NaN,
        "Net Income From Continuing Operation Net Minority Interest": -8097000.0,
        "Reconciled Depreciation": 1636000.0,
        "Reconciled Cost Of Revenue": 5732000.0,
        "EBITDA": -6350000.0,
        "EBIT": -7986000.0,
        "Net Interest Income": -145000.0,
        "Interest Expense": NaN,
        "Normalized Income": -8097000.0,
        "Net Income From Continuing And Discontinued Operation": -8097000.0,
        "Total Expenses": 17276000.0,
        "Total Operating Income As Reported": -7986000.0,
        "Diluted Average Shares": 40804885.0,
        "Basic Average Shares": 40804885.0,
        "Diluted EPS": -0.2,
        "Basic EPS": -0.2,
        "Diluted NI Availto Com Stockholders": -8097000.0,
        "Net Income Common Stockholders": -8097000.0,
        "Net Income": -8097000.0,
        "Net Income Including Noncontrolling Interests": -8097000.0,
        "Net Income Continuous Operations": -8097000.0,
        "Tax Provision": -34000.0,
        "Pretax Income": -8131000.0,
        "Other Income Expense": NaN,
        "Other Non Operating Income Expenses": NaN,
        "Special Income Charges": NaN,
        "Other Special Charges": NaN,
        "Impairment Of Capital Assets": NaN,
        "Net Non Operating Interest Income Expense": -145000.0,
        "Total Other Finance Cost": 145000.0,
        "Interest Expense Non Operating": NaN,
        "Operating Income": -7986000.0,
        "Operating Expense": 10195000.0,
        "Depreciation Amortization Depletion Income Statement": 287000.0,
        "Depreciation And Amortization In Income Statement": 287000.0,
        "Amortization": 287000.0,
        "Amortization Of Intangibles Income Statement": 287000.0,
        "Research And Development": 860000.0,
        "Selling General And Administration": 9048000.0,
        "Selling And Marketing Expense": 1667000.0,
        "General And Administrative Expense": 7381000.0,
        "Other Gand A": 7381000.0,
        "Gross Profit": 2209000.0,
        "Cost Of Revenue": 7081000.0,
        "Total Revenue": 9290000.0,
        "Operating Revenue": 8984000.0
    },
    "2024-06-30": {
        "Tax Effect Of Unusual Items": 0.0,
        "Tax Rate For Calcs": 0.001,
        "Normalized EBITDA": -3474000.0,
        "Total Unusual Items": 0.0,
        "Total Unusual Items Excluding Goodwill": 0.0,
        "Net Income From Continuing Operation Net Minority Interest": -5364000.0,
        "Reconciled Depreciation": 1626000.0,
        "Reconciled Cost Of Revenue": 5471000.0,
        "EBITDA": -3474000.0,
        "EBIT": -5100000.0,
        "Net Interest Income": -272000.0,
        "Interest Expense": 272000.0,
        "Normalized Income": -5364000.0,
        "Net Income From Continuing And Discontinued Operation": -5364000.0,
        "Total Expenses": 14714000.0,
        "Total Operating Income As Reported": -5100000.0,
        "Diluted Average Shares": 40853882.0,
        "Basic Average Shares": 40853882.0,
        "Diluted EPS": -0.13,
        "Basic EPS": -0.13,
        "Diluted NI Availto Com Stockholders": -5364000.0,
        "Net Income Common Stockholders": -5364000.0,
        "Net Income": -5364000.0,
        "Net Income Including Noncontrolling Interests": -5364000.0,
        "Net Income Continuous Operations": -5364000.0,
        "Tax Provision": -8000.0,
        "Pretax Income": -5372000.0,
        "Other Income Expense": NaN,
        "Other Non Operating Income Expenses": NaN,
        "Special Income Charges": 0.0,
        "Other Special Charges": NaN,
        "Impairment Of Capital Assets": 0.0,
        "Net Non Operating Interest Income Expense": -272000.0,
        "Total Other Finance Cost": NaN,
        "Interest Expense Non Operating": 272000.0,
        "Operating Income": -5100000.0,
        "Operating Expense": 7904000.0,
        "Depreciation Amortization Depletion Income Statement": 287000.0,
        "Depreciation And Amortization In Income Statement": 287000.0,
        "Amortization": 287000.0,
        "Amortization Of Intangibles Income Statement": 287000.0,
        "Research And Development": 678000.0,
        "Selling General And Administration": 6939000.0,
        "Selling And Marketing Expense": 1456000.0,
        "General And Administrative Expense": 5483000.0,
        "Other Gand A": 5483000.0,
        "Gross Profit": 2804000.0,
        "Cost Of Revenue": 6810000.0,
        "Total Revenue": 9614000.0,
        "Operating Revenue": 9203000.0
    },
    "2024-09-30": {
        "Tax Effect Of Unusual Items": 0.0,
        "Tax Rate For Calcs": 0.001,
        "Normalized EBITDA": -5761000.0,
        "Total Unusual Items": 0.0,
        "Total Unusual Items Excluding Goodwill": 0.0,
        "Net Income From Continuing Operation Net Minority Interest": -7565000.0,
        "Reconciled Depreciation": 1671000.0,
        "Reconciled Cost Of Revenue": 8102000.0,
        "EBITDA": -5761000.0,
        "EBIT": -7432000.0,
        "Net Interest Income": -141000.0,
        "Interest Expense": 141000.0,
        "Normalized Income": -7565000.0,
        "Net Income From Continuing And Discontinued Operation": -7565000.0,
        "Total Expenses": 17008000.0,
        "Total Operating Income As Reported": -7432000.0,
        "Diluted Average Shares": 51821395.0,
        "Basic Average Shares": 51821395.0,
        "Diluted EPS": -0.15,
        "Basic EPS": -0.15,
        "Diluted NI Availto Com Stockholders": -7565000.0,
        "Net Income Common Stockholders": -7565000.0,
        "Net Income": -7565000.0,
        "Net Income Including Noncontrolling Interests": -7565000.0,
        "Net Income Continuous Operations": -7565000.0,
        "Tax Provision": -8000.0,
        "Pretax Income": -7573000.0,
        "Other Income Expense": NaN,
        "Other Non Operating Income Expenses": NaN,
        "Special Income Charges": 0.0,
        "Other Special Charges": NaN,
        "Impairment Of Capital Assets": 0.0,
        "Net Non Operating Interest Income Expense": -141000.0,
        "Total Other Finance Cost": NaN,
        "Interest Expense Non Operating": 141000.0,
        "Operating Income": -7432000.0,
        "Operating Expense": 7522000.0,
        "Depreciation Amortization Depletion Income Statement": 287000.0,
        "Depreciation And Amortization In Income Statement": 287000.0,
        "Amortization": 287000.0,
        "Amortization Of Intangibles Income Statement": 287000.0,
        "Research And Development": 627000.0,
        "Selling General And Administration": 6608000.0,
        "Selling And Marketing Expense": 1640000.0,
        "General And Administrative Expense": 4968000.0,
        "Other Gand A": 4968000.0,
        "Gross Profit": 90000.0,
        "Cost Of Revenue": 9486000.0,
        "Total Revenue": 9576000.0,
        "Operating Revenue": 9125000.0
    }
}