{
    "2023-03-31": {
        "Tax Effect Of Unusual Items": NaN,
        "Tax Rate For Calcs": NaN,
        "Normalized EBITDA": NaN,
        "Net Income From Continuing Operation Net Minority Interest": NaN,
        "Reconciled Depreciation": NaN,
        "Reconciled Cost Of Revenue": NaN,
        "EBITDA": NaN,
        "EBIT": NaN,
        "Normalized Income": NaN,
        "Net Income From Continuing And Discontinued Operation": NaN,
        "Total Expenses": NaN,
        "Total Operating Income As Reported": NaN,
        "Diluted Average Shares": 1812723.0,
        "Basic Average Shares": 1812723.0,
        "Diluted EPS": -9.84,
        "Basic EPS": -9.84,
        "Diluted NI Availto Com Stockholders": NaN,
        "Net Income Common Stockholders": NaN,
        "Net Income": NaN,
        "Net Income Including Noncontrolling Interests": NaN,
        "Net Income Continuous Operations": NaN,
        "Pretax Income": NaN,
        "Other Income Expense": NaN,
        "Other Non Operating Income Expenses": NaN,
        "Operating Income": NaN,
        "Operating Expense": NaN,
        "Other Operating Expenses": -1081000.0,
        "Research And Development": NaN,
        "Selling General And Administration": NaN,
        "Gross Profit": NaN,
        "Cost Of Revenue": NaN,
        "Total Revenue": NaN,
        "Operating Revenue": NaN
    },
    "2022-12-31": {
        "Tax Effect Of Unusual Items": NaN,
        "Tax Rate For Calcs": NaN,
        "Normalized EBITDA": NaN,
        "Net Income From Continuing Operation Net Minority Interest": NaN,
        "Reconciled Depreciation": NaN,
        "Reconciled Cost Of Revenue": NaN,
        "EBITDA": NaN,
        "EBIT": NaN,
        "Normalized Income": NaN,
        "Net Income From Continuing And Discontinued Operation": NaN,
        "Total Expenses": NaN,
        "Total Operating Income As Reported": NaN,
        "Diluted Average Shares": NaN,
        "Basic Average Shares": NaN,
        "Diluted EPS": NaN,
        "Basic EPS": NaN,
        "Diluted NI Availto Com Stockholders": NaN,
        "Net Income Common Stockholders": NaN,
        "Net Income": NaN,
        "Net Income Including Noncontrolling Interests": NaN,
        "Net Income Continuous Operations": NaN,
        "Pretax Income": NaN,
        "Other Income Expense": NaN,
        "Other Non Operating Income Expenses": NaN,
        "Operating Income": NaN,
        "Operating Expense": NaN,
        "Other Operating Expenses": -150000.0,
        "Research And Development": NaN,
        "Selling General And Administration": NaN,
        "Gross Profit": NaN,
        "Cost Of Revenue": NaN,
        "Total Revenue": NaN,
        "Operating Revenue": NaN
    },
    "2022-09-30": {
        "Tax Effect Of Unusual Items": 0.0,
        "Tax Rate For Calcs": 0.0,
        "Normalized EBITDA": -22861000.0,
        "Net Income From Continuing Operation Net Minority Interest": -26021000.0,
        "Reconciled Depreciation": 3925000.0,
        "Reconciled Cost Of Revenue": 1236000.0,
        "EBITDA": -22861000.0,
        "EBIT": -26786000.0,
        "Normalized Income": -26021000.0,
        "Net Income From Continuing And Discontinued Operation": -26021000.0,
        "Total Expenses": 27516000.0,
        "Total Operating Income As Reported": -26786000.0,
        "Diluted Average Shares": 1801391.0,
        "Basic Average Shares": 1801391.0,
        "Diluted EPS": -14.44,
        "Basic EPS": -14.44,
        "Diluted NI Availto Com Stockholders": -26021000.0,
        "Net Income Common Stockholders": -26021000.0,
        "Net Income": -26021000.0,
        "Net Income Including Noncontrolling Interests": -26021000.0,
        "Net Income Continuous Operations": -26021000.0,
        "Pretax Income": -26021000.0,
        "Other Income Expense": 765000.0,
        "Other Non Operating Income Expenses": 765000.0,
        "Operating Income": -26786000.0,
        "Operating Expense": 26280000.0,
        "Other Operating Expenses": -66000.0,
        "Research And Development": 17521000.0,
        "Selling General And Administration": 8825000.0,
        "Gross Profit": -506000.0,
        "Cost Of Revenue": 1236000.0,
        "Total Revenue": 730000.0,
        "Operating Revenue": 730000.0
    },
    "2022-06-30": {
        "Tax Effect Of Unusual Items": 0.0,
        "Tax Rate For Calcs": 0.0,
        "Normalized EBITDA": -26293000.0,
        "Net Income From Continuing Operation Net Minority Interest": -27011000.0,
        "Reconciled Depreciation": 980000.0,
        "Reconciled Cost Of Revenue": 1302000.0,
        "EBITDA": -26293000.0,
        "EBIT": -27273000.0,
        "Normalized Income": -27011000.0,
        "Net Income From Continuing And Discontinued Operation": -27011000.0,
        "Total Expenses": 27775000.0,
        "Total Operating Income As Reported": -27273000.0,
        "Diluted Average Shares": 1799558.0,
        "Basic Average Shares": 1799558.0,
        "Diluted EPS": -15.010005,
        "Basic EPS": -15.010005,
        "Diluted NI Availto Com Stockholders": -27011000.0,
        "Net Income Common Stockholders": -27011000.0,
        "Net Income": -27011000.0,
        "Net Income Including Noncontrolling Interests": -27011000.0,
        "Net Income Continuous Operations": -27011000.0,
        "Pretax Income": -27011000.0,
        "Other Income Expense": 262000.0,
        "Other Non Operating Income Expenses": 262000.0,
        "Operating Income": -27273000.0,
        "Operating Expense": 26473000.0,
        "Other Operating Expenses": -70000.0,
        "Research And Development": 17365000.0,
        "Selling General And Administration": 9178000.0,
        "Gross Profit": -800000.0,
        "Cost Of Revenue": 1302000.0,
        "Total Revenue": 502000.0,
        "Operating Revenue": 502000.0
    },
    "2022-03-31": {
        "Diluted EPS": -18.74,
        "Total Revenue": 3,
        "Gross Profit": 0,
        "Operating Income": -33,
        "EBIT": -33,
        "Net Income": -33
    },
    "2021-12-31": {
        "Diluted EPS": 1.95,
        "Total Revenue": 1,
        "Gross Profit": 1,
        "Operating Income": -29,
        "EBIT": -28,
        "Net Income": -29
    },
    "2021-09-30": {
        "Diluted EPS": -22.34,
        "Total Revenue": 0,
        "Gross Profit": 0,
        "Operating Income": -38,
        "EBIT": -38,
        "Net Income": -38
    },
    "2021-06-30": {
        "Diluted EPS": -37.63,
        "Total Revenue": 0,
        "Gross Profit": 0,
        "Operating Income": -64,
        "EBIT": -64,
        "Net Income": -64
    },
    "2021-03-31": {
        "Diluted EPS": -69.12,
        "Total Revenue": 7,
        "Gross Profit": 7,
        "Operating Income": -61,
        "EBIT": -60,
        "Net Income": -60
    },
    "2020-12-31": {
        "Diluted EPS": -312.44,
        "Total Revenue": 0,
        "Gross Profit": 0,
        "Operating Income": -44,
        "EBIT": -44,
        "Net Income": -44
    },
    "2020-09-30": {
        "Diluted EPS": -208.4,
        "Total Revenue": 9,
        "Gross Profit": 9,
        "Operating Income": -30,
        "EBIT": -29,
        "Net Income": -30
    },
    "2020-06-30": {
        "Diluted EPS": -71.21,
        "Total Revenue": 1,
        "Gross Profit": 1,
        "Operating Income": -10,
        "EBIT": -10,
        "Net Income": -10
    },
    "2020-03-31": {
        "Diluted EPS": -52.32,
        "Total Revenue": 0,
        "Gross Profit": 0,
        "Operating Income": -7,
        "EBIT": -7,
        "Net Income": -7
    },
    "2019-12-31": {
        "Diluted EPS": 0.0,
        "Total Revenue": NaN,
        "Gross Profit": NaN,
        "Operating Income": NaN,
        "EBIT": NaN,
        "Net Income": NaN
    },
    "2023-06-30": {
        "Tax Effect Of Unusual Items": 0.0,
        "Tax Rate For Calcs": 0.0,
        "Normalized EBITDA": -16223000.0,
        "Net Income From Continuing Operation Net Minority Interest": -15034000.0,
        "Reconciled Depreciation": 168000.0,
        "Reconciled Cost Of Revenue": 7000.0,
        "EBITDA": -16223000.0,
        "EBIT": -16391000.0,
        "Normalized Income": -15034000.0,
        "Net Income From Continuing And Discontinued Operation": -15034000.0,
        "Total Expenses": 16439000.0,
        "Total Operating Income As Reported": -16391000.0,
        "Diluted Average Shares": 1817288.0,
        "Basic Average Shares": 1817288.0,
        "Diluted EPS": -8.27,
        "Basic EPS": -8.27,
        "Diluted NI Availto Com Stockholders": -15034000.0,
        "Net Income Common Stockholders": -15034000.0,
        "Net Income": -15034000.0,
        "Net Income Including Noncontrolling Interests": -15034000.0,
        "Net Income Continuous Operations": -15034000.0,
        "Pretax Income": -15034000.0,
        "Other Income Expense": 1357000.0,
        "Other Non Operating Income Expenses": 1357000.0,
        "Operating Income": -16391000.0,
        "Operating Expense": 16432000.0,
        "Other Operating Expenses": -533000.0,
        "Research And Development": 10555000.0,
        "Selling General And Administration": 6410000.0,
        "Gross Profit": 41000.0,
        "Cost Of Revenue": 7000.0,
        "Total Revenue": 48000.0,
        "Operating Revenue": 48000.0
    },
    "2023-09-30": {
        "Tax Effect Of Unusual Items": 0.0,
        "Tax Rate For Calcs": 0.0,
        "Normalized EBITDA": -16754000.0,
        "Net Income From Continuing Operation Net Minority Interest": -15682000.0,
        "Reconciled Depreciation": 217000.0,
        "Reconciled Cost Of Revenue": 6000.0,
        "EBITDA": -16754000.0,
        "EBIT": -16971000.0,
        "Normalized Income": -15682000.0,
        "Net Income From Continuing And Discontinued Operation": -15682000.0,
        "Total Expenses": 17047000.0,
        "Total Operating Income As Reported": -16971000.0,
        "Diluted Average Shares": 1819066.0,
        "Basic Average Shares": 1819066.0,
        "Diluted EPS": -8.62,
        "Basic EPS": -8.62,
        "Diluted NI Availto Com Stockholders": -15682000.0,
        "Net Income Common Stockholders": -15682000.0,
        "Net Income": -15682000.0,
        "Net Income Including Noncontrolling Interests": -15682000.0,
        "Net Income Continuous Operations": -15682000.0,
        "Pretax Income": -15682000.0,
        "Other Income Expense": 1289000.0,
        "Other Non Operating Income Expenses": 1289000.0,
        "Operating Income": -16971000.0,
        "Operating Expense": 17041000.0,
        "Other Operating Expenses": -64000.0,
        "Research And Development": 8302000.0,
        "Selling General And Administration": 8803000.0,
        "Gross Profit": 70000.0,
        "Cost Of Revenue": 6000.0,
        "Total Revenue": 76000.0,
        "Operating Revenue": 76000.0
    },
    "2023-12-31": {
        "Tax Effect Of Unusual Items": 0.0,
        "Tax Rate For Calcs": 0.0,
        "Normalized EBITDA": -14245000.0,
        "Net Income From Continuing Operation Net Minority Interest": -13460000.0,
        "Reconciled Depreciation": 211000.0,
        "Reconciled Cost Of Revenue": 8000.0,
        "EBITDA": -14245000.0,
        "EBIT": -14456000.0,
        "Normalized Income": -13460000.0,
        "Net Income From Continuing And Discontinued Operation": -13460000.0,
        "Total Expenses": 14607000.0,
        "Total Operating Income As Reported": -14456000.0,
        "Diluted Average Shares": NaN,
        "Basic Average Shares": NaN,
        "Diluted EPS": NaN,
        "Basic EPS": NaN,
        "Diluted NI Availto Com Stockholders": -13460000.0,
        "Net Income Common Stockholders": -13460000.0,
        "Net Income": -13460000.0,
        "Net Income Including Noncontrolling Interests": -13460000.0,
        "Net Income Continuous Operations": -13460000.0,
        "Pretax Income": -13460000.0,
        "Other Income Expense": 996000.0,
        "Other Non Operating Income Expenses": 996000.0,
        "Operating Income": -14456000.0,
        "Operating Expense": 14599000.0,
        "Other Operating Expenses": -44000.0,
        "Research And Development": 8041000.0,
        "Selling General And Administration": 6602000.0,
        "Gross Profit": 143000.0,
        "Cost Of Revenue": 8000.0,
        "Total Revenue": 151000.0,
        "Operating Revenue": 151000.0
    },
    "2024-03-31": {
        "Tax Effect Of Unusual Items": 0.0,
        "Tax Rate For Calcs": 0.0,
        "Normalized EBITDA": -13855000.0,
        "Net Income From Continuing Operation Net Minority Interest": -13035000.0,
        "Reconciled Depreciation": 262000.0,
        "Reconciled Cost Of Revenue": 6000.0,
        "EBITDA": -13855000.0,
        "EBIT": -14117000.0,
        "Normalized Income": -13035000.0,
        "Net Income From Continuing And Discontinued Operation": -13035000.0,
        "Total Expenses": 14190000.0,
        "Total Operating Income As Reported": -14117000.0,
        "Diluted Average Shares": 1822050.0,
        "Basic Average Shares": 1822050.0,
        "Diluted EPS": -7.15,
        "Basic EPS": -7.15,
        "Diluted NI Availto Com Stockholders": -13035000.0,
        "Net Income Common Stockholders": -13035000.0,
        "Net Income": -13035000.0,
        "Net Income Including Noncontrolling Interests": -13035000.0,
        "Net Income Continuous Operations": -13035000.0,
        "Pretax Income": -13035000.0,
        "Other Income Expense": 1082000.0,
        "Other Non Operating Income Expenses": 1082000.0,
        "Operating Income": -14117000.0,
        "Operating Expense": 14184000.0,
        "Other Operating Expenses": NaN,
        "Research And Development": 2533000.0,
        "Selling General And Administration": 11651000.0,
        "Gross Profit": 67000.0,
        "Cost Of Revenue": 6000.0,
        "Total Revenue": 73000.0,
        "Operating Revenue": 73000.0
    },
    "2024-06-30": {
        "Tax Effect Of Unusual Items": 0.0,
        "Tax Rate For Calcs": 0.0,
        "Normalized EBITDA": -9494000.0,
        "Net Income From Continuing Operation Net Minority Interest": -8849000.0,
        "Reconciled Depreciation": 84000.0,
        "Reconciled Cost Of Revenue": 0.0,
        "EBITDA": -9494000.0,
        "EBIT": -9578000.0,
        "Normalized Income": -8849000.0,
        "Net Income From Continuing And Discontinued Operation": -8849000.0,
        "Total Expenses": 9578000.0,
        "Total Operating Income As Reported": -9578000.0,
        "Diluted Average Shares": 1822422.0,
        "Basic Average Shares": 1822422.0,
        "Diluted EPS": -4.86,
        "Basic EPS": -4.86,
        "Diluted NI Availto Com Stockholders": -8849000.0,
        "Net Income Common Stockholders": -8849000.0,
        "Net Income": -8849000.0,
        "Net Income Including Noncontrolling Interests": -8849000.0,
        "Net Income Continuous Operations": -8849000.0,
        "Pretax Income": -8849000.0,
        "Other Income Expense": 729000.0,
        "Other Non Operating Income Expenses": 729000.0,
        "Operating Income": -9578000.0,
        "Operating Expense": 9578000.0,
        "Other Operating Expenses": NaN,
        "Research And Development": 1601000.0,
        "Selling General And Administration": 7977000.0,
        "Gross Profit": 0.0,
        "Cost Of Revenue": 0.0,
        "Total Revenue": 0.0,
        "Operating Revenue": 0.0
    }
}