{
    "2023-06-30": {
        "Tax Effect Of Unusual Items": -5010368986.454928,
        "Tax Rate For Calcs": 0.217842,
        "Normalized EBITDA": 19965000000000.0,
        "Total Unusual Items": -23000000000.0,
        "Total Unusual Items Excluding Goodwill": -23000000000.0,
        "Net Income From Continuing Operation Net Minority Interest": 6332000000000.0,
        "Reconciled Depreciation": 8067000000000.0,
        "Reconciled Cost Of Revenue": 11511000000000.0,
        "EBITDA": 19942000000000.0,
        "EBIT": 11875000000000.0,
        "Net Interest Income": -883000000000.0,
        "Interest Expense": 1170000000000.0,
        "Interest Income": 287000000000.0,
        "Normalized Income": 6349989631013.545,
        "Net Income From Continuing And Discontinued Operation": 6332000000000.0,
        "Total Expenses": 26065000000000.0,
        "Rent Expense Supplemental": 981000000000.0,
        "Total Operating Income As Reported": 11588000000000.0,
        "Diluted Average Shares": 990622166.0,
        "Basic Average Shares": 990622166.0,
        "Diluted EPS": 6391.942576,
        "Basic EPS": 6392.0,
        "Diluted NI Availto Com Stockholders": 6332000000000.0,
        "Net Income Common Stockholders": 6332000000000.0,
        "Net Income": 6332000000000.0,
        "Minority Interests": -2041000000000.0,
        "Net Income Including Noncontrolling Interests": 8373000000000.0,
        "Net Income Continuous Operations": 8373000000000.0,
        "Tax Provision": 2332000000000.0,
        "Pretax Income": 10705000000000.0,
        "Other Income Expense": 265000000000.0,
        "Other Non Operating Income Expenses": 288000000000.0,
        "Earnings From Equity Interest": 0.0,
        "Gain On Sale Of Security": -23000000000.0,
        "Net Non Operating Interest Income Expense": -883000000000.0,
        "Interest Expense Non Operating": 1170000000000.0,
        "Interest Income Non Operating": 287000000000.0,
        "Operating Income": 11323000000000.0,
        "Operating Expense": 14554000000000.0,
        "Provision For Doubtful Accounts": 138000000000.0,
        "Depreciation Amortization Depletion Income Statement": 8067000000000.0,
        "Depreciation And Amortization In Income Statement": 8067000000000.0,
        "Selling General And Administration": 6349000000000.0,
        "Selling And Marketing Expense": 893000000000.0,
        "General And Administrative Expense": 5456000000000.0,
        "Other Gand A": 1351000000000.0,
        "Salaries And Wages": 4105000000000.0,
        "Gross Profit": 25877000000000.0,
        "Cost Of Revenue": 11511000000000.0,
        "Total Revenue": 37388000000000.0,
        "Operating Revenue": 37388000000000.0
    },
    "2023-03-31": {
        "Tax Effect Of Unusual Items": 65502217608.757195,
        "Tax Rate For Calcs": 0.202793,
        "Normalized EBITDA": 19230000000000.0,
        "Total Unusual Items": 323000000000.0,
        "Total Unusual Items Excluding Goodwill": 323000000000.0,
        "Net Income From Continuing Operation Net Minority Interest": 6424000000000.0,
        "Reconciled Depreciation": 7881000000000.0,
        "Reconciled Cost Of Revenue": 10752000000000.0,
        "EBITDA": 19553000000000.0,
        "EBIT": 11672000000000.0,
        "Net Interest Income": -836000000000.0,
        "Interest Expense": 1075000000000.0,
        "Interest Income": 239000000000.0,
        "Normalized Income": 6166502217608.757,
        "Net Income From Continuing And Discontinued Operation": 6424000000000.0,
        "Total Expenses": 24977000000000.0,
        "Rent Expense Supplemental": 669000000000.0,
        "Total Operating Income As Reported": 11431000000000.0,
        "Diluted Average Shares": 990622166.0,
        "Basic Average Shares": 990622166.0,
        "Diluted EPS": 6485.0,
        "Basic EPS": 6485.0,
        "Diluted NI Availto Com Stockholders": 6424000000000.0,
        "Net Income Common Stockholders": 6424000000000.0,
        "Net Income": 6424000000000.0,
        "Minority Interests": -2024000000000.0,
        "Net Income Including Noncontrolling Interests": 8448000000000.0,
        "Net Income Continuous Operations": 8448000000000.0,
        "Tax Provision": 2149000000000.0,
        "Pretax Income": 10597000000000.0,
        "Other Income Expense": 320000000000.0,
        "Other Non Operating Income Expenses": -5000000000.0,
        "Earnings From Equity Interest": 2000000000.0,
        "Gain On Sale Of Security": 323000000000.0,
        "Net Non Operating Interest Income Expense": -836000000000.0,
        "Interest Expense Non Operating": 1075000000000.0,
        "Interest Income Non Operating": 239000000000.0,
        "Operating Income": 11113000000000.0,
        "Operating Expense": 14225000000000.0,
        "Provision For Doubtful Accounts": 721000000000.0,
        "Depreciation Amortization Depletion Income Statement": 7881000000000.0,
        "Depreciation And Amortization In Income Statement": 7881000000000.0,
        "Selling General And Administration": 5623000000000.0,
        "Selling And Marketing Expense": 763000000000.0,
        "General And Administrative Expense": 4860000000000.0,
        "Other Gand A": 1121000000000.0,
        "Salaries And Wages": 3739000000000.0,
        "Gross Profit": 25338000000000.0,
        "Cost Of Revenue": 10752000000000.0,
        "Total Revenue": 36090000000000.0,
        "Operating Revenue": 36090000000000.0
    },
    "2022-12-31": {
        "Tax Effect Of Unusual Items": -1051640259919.812,
        "Tax Rate For Calcs": 0.321996,
        "Normalized EBITDA": 19678000000000.0,
        "Total Unusual Items": -3266000000000.0,
        "Total Unusual Items Excluding Goodwill": -3266000000000.0,
        "Net Income From Continuing Operation Net Minority Interest": 4155000000000.0,
        "Reconciled Depreciation": 8111000000000.0,
        "Reconciled Cost Of Revenue": 12592000000000.0,
        "EBITDA": 16412000000000.0,
        "EBIT": 8301000000000.0,
        "Net Interest Income": -817000000000.0,
        "Interest Expense": 1068000000000.0,
        "Interest Income": 251000000000.0,
        "Normalized Income": 6369359740080.188,
        "Net Income From Continuing And Discontinued Operation": 4155000000000.0,
        "Total Expenses": 26975000000000.0,
        "Rent Expense Supplemental": 1502000000000.0,
        "Total Operating Income As Reported": 8143000000000.0,
        "Diluted Average Shares": 990622166.0,
        "Basic Average Shares": 990622166.0,
        "Diluted EPS": 4194.0,
        "Basic EPS": 4194.0,
        "Diluted NI Availto Com Stockholders": 4155000000000.0,
        "Net Income Common Stockholders": 4155000000000.0,
        "Net Income": 4155000000000.0,
        "Minority Interests": -749000000000.0,
        "Net Income Including Noncontrolling Interests": 4904000000000.0,
        "Net Income Continuous Operations": 4904000000000.0,
        "Tax Provision": 2329000000000.0,
        "Pretax Income": 7233000000000.0,
        "Other Income Expense": -3407000000000.0,
        "Other Non Operating Income Expenses": -22000000000.0,
        "Earnings From Equity Interest": -93000000000.0,
        "Gain On Sale Of Security": -3266000000000.0,
        "Net Non Operating Interest Income Expense": -817000000000.0,
        "Interest Expense Non Operating": 1068000000000.0,
        "Interest Income Non Operating": 251000000000.0,
        "Operating Income": 11457000000000.0,
        "Operating Expense": 14383000000000.0,
        "Provision For Doubtful Accounts": -358000000000.0,
        "Depreciation Amortization Depletion Income Statement": 8111000000000.0,
        "Depreciation And Amortization In Income Statement": 8111000000000.0,
        "Selling General And Administration": 6557000000000.0,
        "Selling And Marketing Expense": 1150000000000.0,
        "General And Administrative Expense": 5407000000000.0,
        "Other Gand A": 1284000000000.0,
        "Salaries And Wages": 4123000000000.0,
        "Gross Profit": 25840000000000.0,
        "Cost Of Revenue": 12592000000000.0,
        "Total Revenue": 38432000000000.0,
        "Operating Revenue": 38432000000000.0
    },
    "2022-09-30": {
        "Tax Effect Of Unusual Items": -1075996138002.0597,
        "Tax Rate For Calcs": 0.322734,
        "Normalized EBITDA": 20190000000000.0,
        "Total Unusual Items": -3334000000000.0,
        "Total Unusual Items Excluding Goodwill": -3334000000000.0,
        "Net Income From Continuing Operation Net Minority Interest": 3271000000000.0,
        "Reconciled Depreciation": 8032000000000.0,
        "Reconciled Cost Of Revenue": 10538000000000.0,
        "EBITDA": 16856000000000.0,
        "EBIT": 8824000000000.0,
        "Net Interest Income": -870000000000.0,
        "Interest Expense": 1056000000000.0,
        "Interest Income": 186000000000.0,
        "Normalized Income": 5529003861997.94,
        "Net Income From Continuing And Discontinued Operation": 3271000000000.0,
        "Total Expenses": 24911000000000.0,
        "Rent Expense Supplemental": 942000000000.0,
        "Total Operating Income As Reported": 8637000000000.0,
        "Diluted Average Shares": 990622166.0,
        "Basic Average Shares": 990622166.0,
        "Diluted EPS": 3301.965282,
        "Basic EPS": 3302.0,
        "Diluted NI Availto Com Stockholders": 3271000000000.0,
        "Net Income Common Stockholders": 3271000000000.0,
        "Net Income": 3271000000000.0,
        "Minority Interests": -1990000000000.0,
        "Net Income Including Noncontrolling Interests": 5261000000000.0,
        "Net Income Continuous Operations": 5261000000000.0,
        "Tax Provision": 2507000000000.0,
        "Pretax Income": 7768000000000.0,
        "Other Income Expense": -3342000000000.0,
        "Other Non Operating Income Expenses": -9000000000.0,
        "Earnings From Equity Interest": 1000000000.0,
        "Gain On Sale Of Security": -3334000000000.0,
        "Net Non Operating Interest Income Expense": -870000000000.0,
        "Interest Expense Non Operating": 1056000000000.0,
        "Interest Income Non Operating": 186000000000.0,
        "Operating Income": 11980000000000.0,
        "Operating Expense": 14373000000000.0,
        "Provision For Doubtful Accounts": 216000000000.0,
        "Depreciation Amortization Depletion Income Statement": 8032000000000.0,
        "Depreciation And Amortization In Income Statement": 8032000000000.0,
        "Selling General And Administration": 6125000000000.0,
        "Selling And Marketing Expense": 1083000000000.0,
        "General And Administrative Expense": 5042000000000.0,
        "Other Gand A": 1413000000000.0,
        "Salaries And Wages": 3629000000000.0,
        "Gross Profit": 26353000000000.0,
        "Cost Of Revenue": 10538000000000.0,
        "Total Revenue": 36891000000000.0,
        "Operating Revenue": 36891000000000.0
    },
    "2022-06-30": {
        "Tax Effect Of Unusual Items": 204451283824.67365,
        "Tax Rate For Calcs": 0.161494,
        "Normalized EBITDA": 20319000000000.0,
        "Total Unusual Items": 1266000000000.0,
        "Total Unusual Items Excluding Goodwill": 1266000000000.0,
        "Net Income From Continuing Operation Net Minority Interest": 7192000000000.0,
        "Reconciled Depreciation": 9010000000000.0,
        "Reconciled Cost Of Revenue": 10202000000000.0,
        "EBITDA": 21585000000000.0,
        "EBIT": 12575000000000.0,
        "Net Interest Income": -767000000000.0,
        "Interest Expense": 1008000000000.0,
        "Interest Income": 241000000000.0,
        "Normalized Income": 6130451283824.674,
        "Net Income From Continuing And Discontinued Operation": 7192000000000.0,
        "Total Expenses": 25726000000000.0,
        "Rent Expense Supplemental": 679000000000.0,
        "Total Operating Income As Reported": 12325000000000.0,
        "Diluted Average Shares": 990622166.0,
        "Basic Average Shares": 990622166.0,
        "Diluted EPS": 7260.0,
        "Basic EPS": 7260.0,
        "Diluted NI Availto Com Stockholders": 7192000000000.0,
        "Net Income Common Stockholders": 7192000000000.0,
        "Net Income": 7192000000000.0,
        "Minority Interests": -2507000000000.0,
        "Net Income Including Noncontrolling Interests": 9699000000000.0,
        "Net Income Continuous Operations": 9699000000000.0,
        "Tax Provision": 1868000000000.0,
        "Pretax Income": 11567000000000.0,
        "Other Income Expense": 1285000000000.0,
        "Other Non Operating Income Expenses": 10000000000.0,
        "Earnings From Equity Interest": 9000000000.0,
        "Gain On Sale Of Security": 1266000000000.0,
        "Net Non Operating Interest Income Expense": -767000000000.0,
        "Interest Expense Non Operating": 1008000000000.0,
        "Interest Income Non Operating": 241000000000.0,
        "Operating Income": 11049000000000.0,
        "Operating Expense": 15524000000000.0,
        "Provision For Doubtful Accounts": 336000000000.0,
        "Depreciation Amortization Depletion Income Statement": 9010000000000.0,
        "Depreciation And Amortization In Income Statement": 9010000000000.0,
        "Selling General And Administration": 6178000000000.0,
        "Selling And Marketing Expense": 884000000000.0,
        "General And Administrative Expense": 5294000000000.0,
        "Other Gand A": 1284000000000.0,
        "Salaries And Wages": 4010000000000.0,
        "Gross Profit": 26573000000000.0,
        "Cost Of Revenue": 10202000000000.0,
        "Total Revenue": 36775000000000.0,
        "Operating Revenue": 36775000000000.0
    },
    "2022-03-31": {
        "Diluted EPS": 0.43,
        "Total Revenue": NaN,
        "Gross Profit": NaN,
        "Operating Income": 743,
        "EBIT": 743,
        "Net Income": 428
    },
    "2021-03-31": {
        "Diluted EPS": 0.43,
        "Total Revenue": NaN,
        "Gross Profit": NaN,
        "Operating Income": 819,
        "EBIT": 819,
        "Net Income": 421
    },
    "2020-03-31": {
        "Diluted EPS": 0.41,
        "Total Revenue": NaN,
        "Gross Profit": NaN,
        "Operating Income": 835,
        "EBIT": 835,
        "Net Income": 410
    },
    "2019-03-31": {
        "Diluted EPS": 0.44,
        "Total Revenue": NaN,
        "Gross Profit": NaN,
        "Operating Income": 842,
        "EBIT": 842,
        "Net Income": 436
    },
    "2018-03-31": {
        "Diluted EPS": 0.58,
        "Total Revenue": NaN,
        "Gross Profit": NaN,
        "Operating Income": NaN,
        "EBIT": NaN,
        "Net Income": 573
    },
    "2017-03-31": {
        "Diluted EPS": 0.68,
        "Total Revenue": NaN,
        "Gross Profit": NaN,
        "Operating Income": NaN,
        "EBIT": NaN,
        "Net Income": 938
    },
    "2016-03-31": {
        "Diluted EPS": 0.47,
        "Total Revenue": NaN,
        "Gross Profit": NaN,
        "Operating Income": 957,
        "EBIT": 957,
        "Net Income": 459
    },
    "2015-12-31": {
        "Diluted EPS": 0.4,
        "Total Revenue": NaN,
        "Gross Profit": NaN,
        "Operating Income": NaN,
        "EBIT": NaN,
        "Net Income": 437
    },
    "2015-09-30": {
        "Diluted EPS": 0.42,
        "Total Revenue": NaN,
        "Gross Profit": NaN,
        "Operating Income": NaN,
        "EBIT": NaN,
        "Net Income": 410
    },
    "2015-06-30": {
        "Diluted EPS": 0.37,
        "Total Revenue": NaN,
        "Gross Profit": NaN,
        "Operating Income": NaN,
        "EBIT": NaN,
        "Net Income": 363
    },
    "2015-03-31": {
        "Diluted EPS": 0.39,
        "Total Revenue": NaN,
        "Gross Profit": NaN,
        "Operating Income": 726,
        "EBIT": 726,
        "Net Income": 381
    },
    "2014-12-31": {
        "Diluted EPS": 0.33,
        "Total Revenue": NaN,
        "Gross Profit": NaN,
        "Operating Income": NaN,
        "EBIT": NaN,
        "Net Income": 319
    },
    "2014-06-30": {
        "Diluted EPS": 0.69,
        "Total Revenue": NaN,
        "Gross Profit": NaN,
        "Operating Income": NaN,
        "EBIT": NaN,
        "Net Income": 667
    },
    "2014-03-31": {
        "Diluted EPS": 0.34,
        "Total Revenue": NaN,
        "Gross Profit": NaN,
        "Operating Income": 634,
        "EBIT": 634,
        "Net Income": 328
    },
    "2013-12-31": {
        "Diluted EPS": 0.33,
        "Total Revenue": NaN,
        "Gross Profit": NaN,
        "Operating Income": NaN,
        "EBIT": NaN,
        "Net Income": 315
    },
    "2013-09-30": {
        "Diluted EPS": 0.37,
        "Total Revenue": NaN,
        "Gross Profit": NaN,
        "Operating Income": NaN,
        "EBIT": NaN,
        "Net Income": 354
    },
    "2013-06-30": {
        "Diluted EPS": 0.38,
        "Total Revenue": NaN,
        "Gross Profit": NaN,
        "Operating Income": NaN,
        "EBIT": NaN,
        "Net Income": 361
    },
    "2013-03-31": {
        "Diluted EPS": 0.37,
        "Total Revenue": NaN,
        "Gross Profit": NaN,
        "Operating Income": 659,
        "EBIT": 659,
        "Net Income": 348
    },
    "2012-12-31": {
        "Diluted EPS": 0.3,
        "Total Revenue": NaN,
        "Gross Profit": NaN,
        "Operating Income": NaN,
        "EBIT": NaN,
        "Net Income": 285
    },
    "2012-09-30": {
        "Diluted EPS": 0.41,
        "Total Revenue": NaN,
        "Gross Profit": NaN,
        "Operating Income": NaN,
        "EBIT": NaN,
        "Net Income": 393
    },
    "2012-06-30": {
        "Diluted EPS": 0.36,
        "Total Revenue": NaN,
        "Gross Profit": NaN,
        "Operating Income": NaN,
        "EBIT": NaN,
        "Net Income": 342
    },
    "2012-03-31": {
        "Diluted EPS": 0.38,
        "Total Revenue": NaN,
        "Gross Profit": NaN,
        "Operating Income": 677,
        "EBIT": 677,
        "Net Income": 365
    },
    "2011-12-31": {
        "Diluted EPS": 0.28,
        "Total Revenue": NaN,
        "Gross Profit": NaN,
        "Operating Income": NaN,
        "EBIT": NaN,
        "Net Income": 271
    },
    "2011-09-30": {
        "Diluted EPS": 0.2,
        "Total Revenue": NaN,
        "Gross Profit": NaN,
        "Operating Income": NaN,
        "EBIT": NaN,
        "Net Income": 261
    },
    "2011-06-30": {
        "Diluted EPS": 0.4,
        "Total Revenue": NaN,
        "Gross Profit": NaN,
        "Operating Income": NaN,
        "EBIT": NaN,
        "Net Income": 499
    },
    "2011-03-31": {
        "Diluted EPS": 0.4,
        "Total Revenue": NaN,
        "Gross Profit": NaN,
        "Operating Income": 597,
        "EBIT": 597,
        "Net Income": 325
    },
    "2010-12-31": {
        "Diluted EPS": 0.4,
        "Total Revenue": NaN,
        "Gross Profit": NaN,
        "Operating Income": NaN,
        "EBIT": NaN,
        "Net Income": 280
    },
    "2010-09-30": {
        "Diluted EPS": 0.4,
        "Total Revenue": NaN,
        "Gross Profit": NaN,
        "Operating Income": NaN,
        "EBIT": NaN,
        "Net Income": 339
    },
    "2010-06-30": {
        "Diluted EPS": 0.2,
        "Total Revenue": NaN,
        "Gross Profit": NaN,
        "Operating Income": NaN,
        "EBIT": NaN,
        "Net Income": 357
    },
    "2010-03-31": {
        "Diluted EPS": 0.4,
        "Total Revenue": NaN,
        "Gross Profit": NaN,
        "Operating Income": 585,
        "EBIT": 585,
        "Net Income": 305
    },
    "2009-12-31": {
        "Diluted EPS": 0.4,
        "Total Revenue": NaN,
        "Gross Profit": NaN,
        "Operating Income": NaN,
        "EBIT": NaN,
        "Net Income": 240
    },
    "2009-09-30": {
        "Diluted EPS": 0.2,
        "Total Revenue": NaN,
        "Gross Profit": NaN,
        "Operating Income": NaN,
        "EBIT": NaN,
        "Net Income": 370
    },
    "2009-06-30": {
        "Diluted EPS": 0.4,
        "Total Revenue": NaN,
        "Gross Profit": NaN,
        "Operating Income": NaN,
        "EBIT": NaN,
        "Net Income": 379
    },
    "2009-03-31": {
        "Diluted EPS": 0.2,
        "Total Revenue": NaN,
        "Gross Profit": 988,
        "Operating Income": 458,
        "EBIT": 458,
        "Net Income": 213
    },
    "2023-09-30": {
        "Tax Effect Of Unusual Items": -114888524590.16394,
        "Tax Rate For Calcs": 0.219672,
        "Normalized EBITDA": 20853000000000.0,
        "Total Unusual Items": -523000000000.0,
        "Total Unusual Items Excluding Goodwill": -523000000000.0,
        "Net Income From Continuing Operation Net Minority Interest": 6743000000000.0,
        "Reconciled Depreciation": 8133000000000.0,
        "Reconciled Cost Of Revenue": 11126000000000.0,
        "EBITDA": 20330000000000.0,
        "EBIT": 12197000000000.0,
        "Net Interest Income": -985000000000.0,
        "Interest Expense": 1217000000000.0,
        "Interest Income": 232000000000.0,
        "Normalized Income": 7151111475409.836,
        "Net Income From Continuing And Discontinued Operation": 6743000000000.0,
        "Total Expenses": 25214000000000.0,
        "Rent Expense Supplemental": 584000000000.0,
        "Total Operating Income As Reported": 11963000000000.0,
        "Diluted Average Shares": NaN,
        "Basic Average Shares": NaN,
        "Diluted EPS": NaN,
        "Basic EPS": NaN,
        "Diluted NI Availto Com Stockholders": 6743000000000.0,
        "Net Income Common Stockholders": 6743000000000.0,
        "Net Income": 6743000000000.0,
        "Minority Interests": -1825000000000.0,
        "Net Income Including Noncontrolling Interests": 8568000000000.0,
        "Net Income Continuous Operations": 8568000000000.0,
        "Tax Provision": 2412000000000.0,
        "Pretax Income": 10980000000000.0,
        "Other Income Expense": -581000000000.0,
        "Other Non Operating Income Expenses": -60000000000.0,
        "Earnings From Equity Interest": 2000000000.0,
        "Gain On Sale Of Security": -523000000000.0,
        "Net Non Operating Interest Income Expense": -985000000000.0,
        "Interest Expense Non Operating": 1217000000000.0,
        "Interest Income Non Operating": 232000000000.0,
        "Operating Income": 12546000000000.0,
        "Operating Expense": 14088000000000.0,
        "Provision For Doubtful Accounts": -173000000000.0,
        "Depreciation Amortization Depletion Income Statement": 8133000000000.0,
        "Depreciation And Amortization In Income Statement": 8133000000000.0,
        "Selling General And Administration": 6128000000000.0,
        "Selling And Marketing Expense": 932000000000.0,
        "General And Administrative Expense": 5196000000000.0,
        "Other Gand A": 1362000000000.0,
        "Salaries And Wages": 3834000000000.0,
        "Gross Profit": 26634000000000.0,
        "Cost Of Revenue": 11126000000000.0,
        "Total Revenue": 37760000000000.0,
        "Operating Revenue": 37760000000000.0
    }
}