{
    "2024-03-31": {
        "Tax Effect Of Unusual Items": -308070.0,
        "Tax Rate For Calcs": 0.21,
        "Normalized EBITDA": -11558000.0,
        "Total Unusual Items": -1467000.0,
        "Total Unusual Items Excluding Goodwill": -1467000.0,
        "Net Income From Continuing Operation Net Minority Interest": -13219000.0,
        "Reconciled Depreciation": 188000.0,
        "Reconciled Cost Of Revenue": 971000.0,
        "EBITDA": -13025000.0,
        "EBIT": -13213000.0,
        "Net Interest Income": 89000.0,
        "Interest Expense": 3000.0,
        "Interest Income": 92000.0,
        "Normalized Income": -12060070.0,
        "Net Income From Continuing And Discontinued Operation": -13219000.0,
        "Total Expenses": 18142000.0,
        "Total Operating Income As Reported": -11685000.0,
        "Diluted Average Shares": 23323045.0,
        "Basic Average Shares": 23323045.0,
        "Diluted EPS": -0.6,
        "Basic EPS": -0.6,
        "Diluted NI Availto Com Stockholders": -14020000.0,
        "Net Income Common Stockholders": -14020000.0,
        "Preferred Stock Dividends": 801000.0,
        "Net Income": -13219000.0,
        "Net Income Including Noncontrolling Interests": -13219000.0,
        "Net Income Continuous Operations": -13219000.0,
        "Tax Provision": 3000.0,
        "Pretax Income": -13216000.0,
        "Other Income Expense": -1620000.0,
        "Other Non Operating Income Expenses": -153000.0,
        "Special Income Charges": -3988000.0,
        "Other Special Charges": NaN,
        "Restructuring And Mergern Acquisition": 3988000.0,
        "Gain On Sale Of Security": 2521000.0,
        "Net Non Operating Interest Income Expense": 89000.0,
        "Interest Expense Non Operating": 3000.0,
        "Interest Income Non Operating": 92000.0,
        "Operating Income": -11685000.0,
        "Operating Expense": 17171000.0,
        "Research And Development": 5857000.0,
        "Selling General And Administration": 11314000.0,
        "Selling And Marketing Expense": 6687000.0,
        "General And Administrative Expense": 4627000.0,
        "Other Gand A": 4627000.0,
        "Gross Profit": 5486000.0,
        "Cost Of Revenue": 971000.0,
        "Total Revenue": 6457000.0,
        "Operating Revenue": 6457000.0
    },
    "2023-12-31": {
        "Tax Effect Of Unusual Items": -4436460.0,
        "Tax Rate For Calcs": 0.21,
        "Normalized EBITDA": -14177000.0,
        "Total Unusual Items": -21126000.0,
        "Total Unusual Items Excluding Goodwill": -21126000.0,
        "Net Income From Continuing Operation Net Minority Interest": -35509000.0,
        "Reconciled Depreciation": 202000.0,
        "Reconciled Cost Of Revenue": 582000.0,
        "EBITDA": -35303000.0,
        "EBIT": -35505000.0,
        "Net Interest Income": 241000.0,
        "Interest Expense": 3000.0,
        "Interest Income": 244000.0,
        "Normalized Income": -18819460.0,
        "Net Income From Continuing And Discontinued Operation": -35509000.0,
        "Total Expenses": 19839000.0,
        "Total Operating Income As Reported": -14118000.0,
        "Diluted Average Shares": 23231975.0,
        "Basic Average Shares": 23231975.0,
        "Diluted EPS": -1.56,
        "Basic EPS": -1.56,
        "Diluted NI Availto Com Stockholders": -36309000.0,
        "Net Income Common Stockholders": -36309000.0,
        "Preferred Stock Dividends": 800000.0,
        "Net Income": -35509000.0,
        "Net Income Including Noncontrolling Interests": -35509000.0,
        "Net Income Continuous Operations": -35509000.0,
        "Tax Provision": 1000.0,
        "Pretax Income": -35508000.0,
        "Other Income Expense": -21631000.0,
        "Other Non Operating Income Expenses": -505000.0,
        "Special Income Charges": -9611000.0,
        "Other Special Charges": 182000.0,
        "Restructuring And Mergern Acquisition": 9611000.0,
        "Gain On Sale Of Security": -11515000.0,
        "Net Non Operating Interest Income Expense": 241000.0,
        "Interest Expense Non Operating": 3000.0,
        "Interest Income Non Operating": 244000.0,
        "Operating Income": -14118000.0,
        "Operating Expense": 19257000.0,
        "Research And Development": 7639000.0,
        "Selling General And Administration": 11618000.0,
        "Selling And Marketing Expense": 5604000.0,
        "General And Administrative Expense": 6014000.0,
        "Other Gand A": 6014000.0,
        "Gross Profit": 5139000.0,
        "Cost Of Revenue": 582000.0,
        "Total Revenue": 5721000.0,
        "Operating Revenue": 5721000.0
    },
    "2023-09-30": {
        "Tax Effect Of Unusual Items": 0.0,
        "Tax Rate For Calcs": 0.0,
        "Normalized EBITDA": -18357000.0,
        "Total Unusual Items": 17092000.0,
        "Total Unusual Items Excluding Goodwill": 17092000.0,
        "Net Income From Continuing Operation Net Minority Interest": -1425000.0,
        "Reconciled Depreciation": 156000.0,
        "Reconciled Cost Of Revenue": 589000.0,
        "EBITDA": -1265000.0,
        "EBIT": -1421000.0,
        "Net Interest Income": 112000.0,
        "Interest Expense": 4000.0,
        "Interest Income": 116000.0,
        "Normalized Income": -18517000.0,
        "Net Income From Continuing And Discontinued Operation": -1425000.0,
        "Total Expenses": 23809000.0,
        "Total Operating Income As Reported": -18616000.0,
        "Diluted Average Shares": 13173422.0,
        "Basic Average Shares": 13173422.0,
        "Diluted EPS": -0.14,
        "Basic EPS": -0.14,
        "Diluted NI Availto Com Stockholders": -1883000.0,
        "Net Income Common Stockholders": -1883000.0,
        "Preferred Stock Dividends": 458000.0,
        "Net Income": -1425000.0,
        "Net Income Including Noncontrolling Interests": -1425000.0,
        "Net Income Continuous Operations": -1425000.0,
        "Tax Provision": 0.0,
        "Pretax Income": -1425000.0,
        "Other Income Expense": 17079000.0,
        "Other Non Operating Income Expenses": -13000.0,
        "Special Income Charges": 19923000.0,
        "Other Special Charges": -19000.0,
        "Restructuring And Mergern Acquisition": -19904000.0,
        "Gain On Sale Of Security": -2831000.0,
        "Net Non Operating Interest Income Expense": 112000.0,
        "Interest Expense Non Operating": 4000.0,
        "Interest Income Non Operating": 116000.0,
        "Operating Income": -18616000.0,
        "Operating Expense": 23220000.0,
        "Research And Development": 9506000.0,
        "Selling General And Administration": 13714000.0,
        "Selling And Marketing Expense": 4689000.0,
        "General And Administrative Expense": 9025000.0,
        "Other Gand A": 9025000.0,
        "Gross Profit": 4604000.0,
        "Cost Of Revenue": 589000.0,
        "Total Revenue": 5193000.0,
        "Operating Revenue": 5193000.0
    },
    "2023-06-30": {
        "Tax Effect Of Unusual Items": NaN,
        "Tax Rate For Calcs": NaN,
        "Normalized EBITDA": NaN,
        "Total Unusual Items": NaN,
        "Total Unusual Items Excluding Goodwill": NaN,
        "Net Income From Continuing Operation Net Minority Interest": NaN,
        "Reconciled Depreciation": NaN,
        "Reconciled Cost Of Revenue": NaN,
        "EBITDA": NaN,
        "EBIT": NaN,
        "Net Interest Income": NaN,
        "Interest Expense": NaN,
        "Interest Income": NaN,
        "Normalized Income": NaN,
        "Net Income From Continuing And Discontinued Operation": NaN,
        "Total Expenses": NaN,
        "Total Operating Income As Reported": NaN,
        "Diluted Average Shares": NaN,
        "Basic Average Shares": NaN,
        "Diluted EPS": NaN,
        "Basic EPS": NaN,
        "Diluted NI Availto Com Stockholders": NaN,
        "Net Income Common Stockholders": NaN,
        "Preferred Stock Dividends": NaN,
        "Net Income": NaN,
        "Net Income Including Noncontrolling Interests": NaN,
        "Net Income Continuous Operations": NaN,
        "Tax Provision": NaN,
        "Pretax Income": NaN,
        "Other Income Expense": NaN,
        "Other Non Operating Income Expenses": NaN,
        "Special Income Charges": NaN,
        "Other Special Charges": -621000.0,
        "Restructuring And Mergern Acquisition": NaN,
        "Gain On Sale Of Security": NaN,
        "Net Non Operating Interest Income Expense": NaN,
        "Interest Expense Non Operating": NaN,
        "Interest Income Non Operating": NaN,
        "Operating Income": NaN,
        "Operating Expense": NaN,
        "Research And Development": NaN,
        "Selling General And Administration": NaN,
        "Selling And Marketing Expense": NaN,
        "General And Administrative Expense": NaN,
        "Other Gand A": NaN,
        "Gross Profit": NaN,
        "Cost Of Revenue": NaN,
        "Total Revenue": NaN,
        "Operating Revenue": NaN
    },
    "2023-03-31": {
        "Tax Effect Of Unusual Items": NaN,
        "Tax Rate For Calcs": NaN,
        "Normalized EBITDA": NaN,
        "Total Unusual Items": NaN,
        "Total Unusual Items Excluding Goodwill": NaN,
        "Net Income From Continuing Operation Net Minority Interest": NaN,
        "Reconciled Depreciation": NaN,
        "Reconciled Cost Of Revenue": NaN,
        "EBITDA": NaN,
        "EBIT": NaN,
        "Net Interest Income": NaN,
        "Interest Expense": NaN,
        "Interest Income": NaN,
        "Normalized Income": NaN,
        "Net Income From Continuing And Discontinued Operation": NaN,
        "Total Expenses": NaN,
        "Total Operating Income As Reported": NaN,
        "Diluted Average Shares": NaN,
        "Basic Average Shares": NaN,
        "Diluted EPS": NaN,
        "Basic EPS": NaN,
        "Diluted NI Availto Com Stockholders": NaN,
        "Net Income Common Stockholders": NaN,
        "Preferred Stock Dividends": NaN,
        "Net Income": NaN,
        "Net Income Including Noncontrolling Interests": NaN,
        "Net Income Continuous Operations": NaN,
        "Tax Provision": NaN,
        "Pretax Income": NaN,
        "Other Income Expense": NaN,
        "Other Non Operating Income Expenses": NaN,
        "Special Income Charges": NaN,
        "Other Special Charges": -881000.0,
        "Restructuring And Mergern Acquisition": NaN,
        "Gain On Sale Of Security": NaN,
        "Net Non Operating Interest Income Expense": NaN,
        "Interest Expense Non Operating": NaN,
        "Interest Income Non Operating": NaN,
        "Operating Income": NaN,
        "Operating Expense": NaN,
        "Research And Development": NaN,
        "Selling General And Administration": NaN,
        "Selling And Marketing Expense": NaN,
        "General And Administrative Expense": NaN,
        "Other Gand A": NaN,
        "Gross Profit": NaN,
        "Cost Of Revenue": NaN,
        "Total Revenue": NaN,
        "Operating Revenue": NaN
    },
    "2022-12-31": {
        "Tax Effect Of Unusual Items": -463470.0,
        "Tax Rate For Calcs": 0.21,
        "Normalized EBITDA": -20328000.0,
        "Total Unusual Items": -2207000.0,
        "Total Unusual Items Excluding Goodwill": -2207000.0,
        "Net Income From Continuing Operation Net Minority Interest": -22542000.0,
        "Reconciled Depreciation": -54000.0,
        "Reconciled Cost Of Revenue": 816000.0,
        "EBITDA": -22535000.0,
        "EBIT": -22535000.0,
        "Net Interest Income": 104000.0,
        "Interest Expense": 1000.0,
        "Interest Income": 105000.0,
        "Normalized Income": -20798470.0,
        "Net Income From Continuing And Discontinued Operation": -22542000.0,
        "Total Expenses": 14998000.0,
        "Total Operating Income As Reported": -11772000.0,
        "Diluted Average Shares": NaN,
        "Basic Average Shares": NaN,
        "Diluted EPS": NaN,
        "Basic EPS": NaN,
        "Diluted NI Availto Com Stockholders": -25371000.0,
        "Net Income Common Stockholders": -25371000.0,
        "Preferred Stock Dividends": NaN,
        "Net Income": -22542000.0,
        "Net Income Including Noncontrolling Interests": -22542000.0,
        "Net Income Continuous Operations": -22542000.0,
        "Tax Provision": 6000.0,
        "Pretax Income": -22536000.0,
        "Other Income Expense": -10868000.0,
        "Other Non Operating Income Expenses": -8661000.0,
        "Special Income Charges": 0.0,
        "Other Special Charges": NaN,
        "Restructuring And Mergern Acquisition": NaN,
        "Gain On Sale Of Security": -2207000.0,
        "Net Non Operating Interest Income Expense": 104000.0,
        "Interest Expense Non Operating": 1000.0,
        "Interest Income Non Operating": 105000.0,
        "Operating Income": -11772000.0,
        "Operating Expense": 14182000.0,
        "Research And Development": 6267000.0,
        "Selling General And Administration": 7915000.0,
        "Selling And Marketing Expense": 3857000.0,
        "General And Administrative Expense": 4058000.0,
        "Other Gand A": 4058000.0,
        "Gross Profit": 2410000.0,
        "Cost Of Revenue": 816000.0,
        "Total Revenue": 3226000.0,
        "Operating Revenue": 3226000.0
    },
    "2024-06-30": {
        "Tax Effect Of Unusual Items": 981330.0,
        "Tax Rate For Calcs": 0.21,
        "Normalized EBITDA": -7927000.0,
        "Total Unusual Items": 4673000.0,
        "Total Unusual Items Excluding Goodwill": 4673000.0,
        "Net Income From Continuing Operation Net Minority Interest": -4332000.0,
        "Reconciled Depreciation": 194000.0,
        "Reconciled Cost Of Revenue": 912000.0,
        "EBITDA": -3254000.0,
        "EBIT": -3448000.0,
        "Net Interest Income": -780000.0,
        "Interest Expense": 877000.0,
        "Interest Income": 97000.0,
        "Normalized Income": -8023670.0,
        "Net Income From Continuing And Discontinued Operation": -4332000.0,
        "Total Expenses": 15538000.0,
        "Total Operating Income As Reported": -8174000.0,
        "Diluted Average Shares": 23903659.0,
        "Basic Average Shares": 23903659.0,
        "Diluted EPS": -0.21,
        "Basic EPS": -0.21,
        "Diluted NI Availto Com Stockholders": -5133000.0,
        "Net Income Common Stockholders": -5133000.0,
        "Preferred Stock Dividends": 801000.0,
        "Net Income": -4332000.0,
        "Net Income Including Noncontrolling Interests": -4332000.0,
        "Net Income Continuous Operations": -4332000.0,
        "Tax Provision": 7000.0,
        "Pretax Income": -4325000.0,
        "Other Income Expense": 4629000.0,
        "Other Non Operating Income Expenses": -44000.0,
        "Special Income Charges": 13689000.0,
        "Other Special Charges": NaN,
        "Restructuring And Mergern Acquisition": -13689000.0,
        "Gain On Sale Of Security": -9016000.0,
        "Net Non Operating Interest Income Expense": -780000.0,
        "Interest Expense Non Operating": 877000.0,
        "Interest Income Non Operating": 97000.0,
        "Operating Income": -8174000.0,
        "Operating Expense": 14626000.0,
        "Research And Development": 4666000.0,
        "Selling General And Administration": 9960000.0,
        "Selling And Marketing Expense": 6004000.0,
        "General And Administrative Expense": 3956000.0,
        "Other Gand A": 3956000.0,
        "Gross Profit": 6452000.0,
        "Cost Of Revenue": 912000.0,
        "Total Revenue": 7364000.0,
        "Operating Revenue": 7364000.0
    },
    "2024-09-30": {
        "Tax Effect Of Unusual Items": 9159.866778,
        "Tax Rate For Calcs": 0.001249,
        "Normalized EBITDA": -8425000.0,
        "Total Unusual Items": 7334000.0,
        "Total Unusual Items Excluding Goodwill": 7334000.0,
        "Net Income From Continuing Operation Net Minority Interest": -2399000.0,
        "Reconciled Depreciation": 169000.0,
        "Reconciled Cost Of Revenue": 1004000.0,
        "EBITDA": -1091000.0,
        "EBIT": -1260000.0,
        "Net Interest Income": -984000.0,
        "Interest Expense": 1142000.0,
        "Interest Income": 158000.0,
        "Normalized Income": -9723840.133222,
        "Net Income From Continuing And Discontinued Operation": -2399000.0,
        "Total Expenses": 16088000.0,
        "Total Operating Income As Reported": -8739000.0,
        "Diluted Average Shares": 26501597.0,
        "Basic Average Shares": 26501597.0,
        "Diluted EPS": -0.12,
        "Basic EPS": -0.12,
        "Diluted NI Availto Com Stockholders": -3202000.0,
        "Net Income Common Stockholders": -3202000.0,
        "Preferred Stock Dividends": 803000.0,
        "Net Income": -2399000.0,
        "Net Income Including Noncontrolling Interests": -2399000.0,
        "Net Income Continuous Operations": -2399000.0,
        "Tax Provision": -3000.0,
        "Pretax Income": -2402000.0,
        "Other Income Expense": 7321000.0,
        "Other Non Operating Income Expenses": -13000.0,
        "Special Income Charges": 2360000.0,
        "Other Special Charges": NaN,
        "Restructuring And Mergern Acquisition": -2360000.0,
        "Gain On Sale Of Security": 4974000.0,
        "Net Non Operating Interest Income Expense": -984000.0,
        "Interest Expense Non Operating": 1142000.0,
        "Interest Income Non Operating": 158000.0,
        "Operating Income": -8739000.0,
        "Operating Expense": 15084000.0,
        "Research And Development": 4219000.0,
        "Selling General And Administration": 10865000.0,
        "Selling And Marketing Expense": 6138000.0,
        "General And Administrative Expense": 4727000.0,
        "Other Gand A": 4727000.0,
        "Gross Profit": 6345000.0,
        "Cost Of Revenue": 1004000.0,
        "Total Revenue": 7349000.0,
        "Operating Revenue": 7349000.0
    }
}