{
    "2023-03-31": {
        "Tax Effect Of Unusual Items": NaN,
        "Tax Rate For Calcs": NaN,
        "Normalized EBITDA": NaN,
        "Total Unusual Items": NaN,
        "Total Unusual Items Excluding Goodwill": NaN,
        "Net Income From Continuing Operation Net Minority Interest": NaN,
        "Reconciled Depreciation": NaN,
        "EBITDA": NaN,
        "EBIT": NaN,
        "Net Interest Income": NaN,
        "Interest Expense": NaN,
        "Interest Income": NaN,
        "Normalized Income": NaN,
        "Net Income From Continuing And Discontinued Operation": NaN,
        "Total Expenses": NaN,
        "Total Operating Income As Reported": NaN,
        "Diluted Average Shares": 272029603.0,
        "Basic Average Shares": 272029603.0,
        "Diluted EPS": -0.05,
        "Basic EPS": -0.05,
        "Diluted NI Availto Com Stockholders": NaN,
        "Net Income Common Stockholders": NaN,
        "Net Income": NaN,
        "Net Income Including Noncontrolling Interests": NaN,
        "Net Income Continuous Operations": NaN,
        "Pretax Income": NaN,
        "Other Income Expense": NaN,
        "Special Income Charges": 13750000.0,
        "Gain On Sale Of Ppe": 13750000.0,
        "Earnings From Equity Interest": NaN,
        "Gain On Sale Of Security": NaN,
        "Net Non Operating Interest Income Expense": NaN,
        "Interest Expense Non Operating": NaN,
        "Interest Income Non Operating": NaN,
        "Operating Income": NaN,
        "Operating Expense": NaN,
        "Other Operating Expenses": NaN,
        "Selling General And Administration": NaN,
        "General And Administrative Expense": NaN,
        "Other Gand A": NaN,
        "Total Revenue": NaN,
        "Operating Revenue": NaN
    },
    "2022-12-31": {
        "Tax Effect Of Unusual Items": NaN,
        "Tax Rate For Calcs": NaN,
        "Normalized EBITDA": NaN,
        "Total Unusual Items": NaN,
        "Total Unusual Items Excluding Goodwill": NaN,
        "Net Income From Continuing Operation Net Minority Interest": NaN,
        "Reconciled Depreciation": NaN,
        "EBITDA": NaN,
        "EBIT": NaN,
        "Net Interest Income": NaN,
        "Interest Expense": NaN,
        "Interest Income": NaN,
        "Normalized Income": NaN,
        "Net Income From Continuing And Discontinued Operation": NaN,
        "Total Expenses": NaN,
        "Total Operating Income As Reported": NaN,
        "Diluted Average Shares": NaN,
        "Basic Average Shares": NaN,
        "Diluted EPS": NaN,
        "Basic EPS": NaN,
        "Diluted NI Availto Com Stockholders": NaN,
        "Net Income Common Stockholders": NaN,
        "Net Income": NaN,
        "Net Income Including Noncontrolling Interests": NaN,
        "Net Income Continuous Operations": NaN,
        "Pretax Income": NaN,
        "Other Income Expense": NaN,
        "Special Income Charges": NaN,
        "Gain On Sale Of Ppe": NaN,
        "Earnings From Equity Interest": NaN,
        "Gain On Sale Of Security": NaN,
        "Net Non Operating Interest Income Expense": NaN,
        "Total Other Finance Cost": -567000.0,
        "Interest Expense Non Operating": NaN,
        "Interest Income Non Operating": NaN,
        "Operating Income": NaN,
        "Operating Expense": NaN,
        "Other Operating Expenses": NaN,
        "Selling General And Administration": NaN,
        "General And Administrative Expense": NaN,
        "Other Gand A": NaN,
        "Total Revenue": NaN,
        "Operating Revenue": NaN
    },
    "2022-09-30": {
        "Tax Effect Of Unusual Items": NaN,
        "Tax Rate For Calcs": NaN,
        "Normalized EBITDA": NaN,
        "Total Unusual Items": NaN,
        "Total Unusual Items Excluding Goodwill": NaN,
        "Net Income From Continuing Operation Net Minority Interest": NaN,
        "Reconciled Depreciation": NaN,
        "EBITDA": NaN,
        "EBIT": NaN,
        "Net Interest Income": NaN,
        "Interest Expense": NaN,
        "Interest Income": NaN,
        "Normalized Income": NaN,
        "Net Income From Continuing And Discontinued Operation": NaN,
        "Total Expenses": NaN,
        "Total Operating Income As Reported": NaN,
        "Diluted Average Shares": 239740984.0,
        "Basic Average Shares": 239740984.0,
        "Diluted EPS": -0.12,
        "Basic EPS": -0.12,
        "Diluted NI Availto Com Stockholders": NaN,
        "Net Income Common Stockholders": NaN,
        "Net Income": NaN,
        "Net Income Including Noncontrolling Interests": NaN,
        "Net Income Continuous Operations": NaN,
        "Pretax Income": NaN,
        "Other Income Expense": NaN,
        "Special Income Charges": 0.0,
        "Gain On Sale Of Ppe": 0.0,
        "Earnings From Equity Interest": NaN,
        "Gain On Sale Of Security": NaN,
        "Net Non Operating Interest Income Expense": NaN,
        "Total Other Finance Cost": -352000.0,
        "Interest Expense Non Operating": NaN,
        "Interest Income Non Operating": NaN,
        "Operating Income": NaN,
        "Operating Expense": NaN,
        "Other Operating Expenses": NaN,
        "Selling General And Administration": NaN,
        "General And Administrative Expense": NaN,
        "Other Gand A": NaN,
        "Total Revenue": NaN,
        "Operating Revenue": NaN
    },
    "2022-06-30": {
        "Tax Effect Of Unusual Items": 0.0,
        "Tax Rate For Calcs": 0.0,
        "Normalized EBITDA": -23986000.0,
        "Total Unusual Items": 5752000.0,
        "Total Unusual Items Excluding Goodwill": 5752000.0,
        "Net Income From Continuing Operation Net Minority Interest": -12384000.0,
        "Reconciled Depreciation": 94000.0,
        "EBITDA": -18234000.0,
        "EBIT": -18328000.0,
        "Net Interest Income": 192000.0,
        "Interest Expense": NaN,
        "Interest Income": NaN,
        "Normalized Income": -18136000.0,
        "Net Income From Continuing And Discontinued Operation": -12384000.0,
        "Total Expenses": 18328000.0,
        "Total Operating Income As Reported": -18328000.0,
        "Diluted Average Shares": 227119216.0,
        "Basic Average Shares": 227119216.0,
        "Diluted EPS": -0.05,
        "Basic EPS": -0.05,
        "Diluted NI Availto Com Stockholders": -12384000.0,
        "Net Income Common Stockholders": -12384000.0,
        "Net Income": -12384000.0,
        "Net Income Including Noncontrolling Interests": -12384000.0,
        "Net Income Continuous Operations": -12384000.0,
        "Pretax Income": -12384000.0,
        "Other Income Expense": 5752000.0,
        "Special Income Charges": NaN,
        "Gain On Sale Of Ppe": NaN,
        "Earnings From Equity Interest": NaN,
        "Gain On Sale Of Security": 5752000.0,
        "Net Non Operating Interest Income Expense": 192000.0,
        "Total Other Finance Cost": -192000.0,
        "Interest Expense Non Operating": NaN,
        "Interest Income Non Operating": NaN,
        "Operating Income": -18328000.0,
        "Operating Expense": 18328000.0,
        "Other Operating Expenses": 9985000.0,
        "Selling General And Administration": 8343000.0,
        "General And Administrative Expense": 8343000.0,
        "Other Gand A": 8343000.0,
        "Total Revenue": 0.0,
        "Operating Revenue": 0.0
    },
    "2022-03-31": {
        "Diluted EPS": -0.09,
        "Total Revenue": NaN,
        "Gross Profit": NaN,
        "Operating Income": -16,
        "EBIT": -16,
        "Net Income": -21
    },
    "2021-12-31": {
        "Diluted EPS": -0.07,
        "Total Revenue": NaN,
        "Gross Profit": NaN,
        "Operating Income": -28,
        "EBIT": -28,
        "Net Income": -20
    },
    "2021-09-30": {
        "Diluted EPS": -0.18,
        "Total Revenue": NaN,
        "Gross Profit": NaN,
        "Operating Income": -37,
        "EBIT": -37,
        "Net Income": -37
    },
    "2021-06-30": {
        "Diluted EPS": -0.15,
        "Total Revenue": NaN,
        "Gross Profit": NaN,
        "Operating Income": -29,
        "EBIT": -29,
        "Net Income": -29
    },
    "2021-03-31": {
        "Diluted EPS": -0.29,
        "Total Revenue": NaN,
        "Gross Profit": NaN,
        "Operating Income": -55,
        "EBIT": -55,
        "Net Income": -56
    },
    "2020-12-31": {
        "Diluted EPS": -0.27,
        "Total Revenue": NaN,
        "Gross Profit": NaN,
        "Operating Income": -49,
        "EBIT": -49,
        "Net Income": -50
    },
    "2020-09-30": {
        "Diluted EPS": -0.04,
        "Total Revenue": NaN,
        "Gross Profit": NaN,
        "Operating Income": -7,
        "EBIT": -7,
        "Net Income": -7
    },
    "2020-06-30": {
        "Diluted EPS": 0.0,
        "Total Revenue": NaN,
        "Gross Profit": NaN,
        "Operating Income": 0,
        "EBIT": 0,
        "Net Income": 0
    },
    "2020-03-31": {
        "Diluted EPS": -0.01,
        "Total Revenue": NaN,
        "Gross Profit": NaN,
        "Operating Income": 0,
        "EBIT": 0,
        "Net Income": 0
    },
    "2019-12-31": {
        "Diluted EPS": 0.0,
        "Total Revenue": NaN,
        "Gross Profit": NaN,
        "Operating Income": NaN,
        "EBIT": NaN,
        "Net Income": NaN
    },
    "2019-09-30": {
        "Diluted EPS": -0.19,
        "Total Revenue": NaN,
        "Gross Profit": NaN,
        "Operating Income": -2,
        "EBIT": -2,
        "Net Income": -2
    },
    "2023-06-30": {
        "Tax Effect Of Unusual Items": 0.0,
        "Tax Rate For Calcs": 0.0,
        "Normalized EBITDA": -12960000.0,
        "Total Unusual Items": -810000.0,
        "Total Unusual Items Excluding Goodwill": -810000.0,
        "Net Income From Continuing Operation Net Minority Interest": -14107000.0,
        "Reconciled Depreciation": 87000.0,
        "EBITDA": -13770000.0,
        "EBIT": -13857000.0,
        "Net Interest Income": 69000.0,
        "Interest Expense": 250000.0,
        "Interest Income": 319000.0,
        "Normalized Income": -13297000.0,
        "Net Income From Continuing And Discontinued Operation": -14107000.0,
        "Total Expenses": 13229000.0,
        "Total Operating Income As Reported": -13229000.0,
        "Diluted Average Shares": 281323151.0,
        "Basic Average Shares": 281323151.0,
        "Diluted EPS": -0.05,
        "Basic EPS": -0.05,
        "Diluted NI Availto Com Stockholders": -14107000.0,
        "Net Income Common Stockholders": -14107000.0,
        "Net Income": -14107000.0,
        "Net Income Including Noncontrolling Interests": -14107000.0,
        "Net Income Continuous Operations": -14107000.0,
        "Pretax Income": -14107000.0,
        "Other Income Expense": -947000.0,
        "Special Income Charges": 0.0,
        "Gain On Sale Of Ppe": 0.0,
        "Earnings From Equity Interest": -137000.0,
        "Gain On Sale Of Security": -810000.0,
        "Net Non Operating Interest Income Expense": 69000.0,
        "Interest Expense Non Operating": 250000.0,
        "Interest Income Non Operating": 319000.0,
        "Operating Income": -13229000.0,
        "Operating Expense": 13229000.0,
        "Other Operating Expenses": 8098000.0,
        "Selling General And Administration": 5131000.0,
        "General And Administrative Expense": 5131000.0,
        "Other Gand A": 5131000.0,
        "Total Revenue": 0.0,
        "Operating Revenue": 0.0
    },
    "2023-09-30": {
        "Tax Effect Of Unusual Items": 0.0,
        "Tax Rate For Calcs": 0.0,
        "Normalized EBITDA": -12231000.0,
        "Total Unusual Items": 103000.0,
        "Total Unusual Items Excluding Goodwill": 103000.0,
        "Net Income From Continuing Operation Net Minority Interest": -12467000.0,
        "Reconciled Depreciation": 87000.0,
        "EBITDA": -12128000.0,
        "EBIT": -12215000.0,
        "Net Interest Income": 67000.0,
        "Interest Expense": 252000.0,
        "Interest Income": 319000.0,
        "Normalized Income": -12570000.0,
        "Net Income From Continuing And Discontinued Operation": -12467000.0,
        "Total Expenses": 12518000.0,
        "Total Operating Income As Reported": -12518000.0,
        "Diluted Average Shares": 294636496.0,
        "Basic Average Shares": 294636496.0,
        "Diluted EPS": -0.04,
        "Basic EPS": -0.04,
        "Diluted NI Availto Com Stockholders": -12467000.0,
        "Net Income Common Stockholders": -12467000.0,
        "Net Income": -12467000.0,
        "Net Income Including Noncontrolling Interests": -12467000.0,
        "Net Income Continuous Operations": -12467000.0,
        "Pretax Income": -12467000.0,
        "Other Income Expense": -16000.0,
        "Special Income Charges": 0.0,
        "Gain On Sale Of Ppe": 0.0,
        "Earnings From Equity Interest": -119000.0,
        "Gain On Sale Of Security": 103000.0,
        "Net Non Operating Interest Income Expense": 67000.0,
        "Interest Expense Non Operating": 252000.0,
        "Interest Income Non Operating": 319000.0,
        "Operating Income": -12518000.0,
        "Operating Expense": 12518000.0,
        "Other Operating Expenses": 7905000.0,
        "Selling General And Administration": 4613000.0,
        "General And Administrative Expense": 4613000.0,
        "Other Gand A": 4613000.0,
        "Total Revenue": 0.0,
        "Operating Revenue": 0.0
    },
    "2023-12-31": {
        "Tax Effect Of Unusual Items": 0.0,
        "Tax Rate For Calcs": 0.0,
        "Normalized EBITDA": -33052000.0,
        "Total Unusual Items": -13766000.0,
        "Total Unusual Items Excluding Goodwill": -13766000.0,
        "Net Income From Continuing Operation Net Minority Interest": -47209000.0,
        "Reconciled Depreciation": 98000.0,
        "EBITDA": -46818000.0,
        "EBIT": -46916000.0,
        "Net Interest Income": -47000.0,
        "Interest Expense": 252000.0,
        "Interest Income": 205000.0,
        "Normalized Income": -33443000.0,
        "Net Income From Continuing And Discontinued Operation": -47209000.0,
        "Total Expenses": 33259000.0,
        "Total Operating Income As Reported": -33259000.0,
        "Diluted Average Shares": NaN,
        "Basic Average Shares": NaN,
        "Diluted EPS": NaN,
        "Basic EPS": NaN,
        "Diluted NI Availto Com Stockholders": -47209000.0,
        "Net Income Common Stockholders": -47209000.0,
        "Net Income": -47209000.0,
        "Net Income Including Noncontrolling Interests": -47209000.0,
        "Net Income Continuous Operations": -47209000.0,
        "Pretax Income": -47168000.0,
        "Other Income Expense": -13862000.0,
        "Special Income Charges": NaN,
        "Gain On Sale Of Ppe": NaN,
        "Earnings From Equity Interest": -96000.0,
        "Gain On Sale Of Security": -16000.0,
        "Net Non Operating Interest Income Expense": -47000.0,
        "Interest Expense Non Operating": 252000.0,
        "Interest Income Non Operating": 205000.0,
        "Operating Income": -33259000.0,
        "Operating Expense": 33259000.0,
        "Other Operating Expenses": 26677000.0,
        "Selling General And Administration": 6582000.0,
        "General And Administrative Expense": 6582000.0,
        "Other Gand A": -3309000.0,
        "Total Revenue": 0.0,
        "Operating Revenue": 0.0
    },
    "2024-03-31": {
        "Tax Effect Of Unusual Items": 0.0,
        "Tax Rate For Calcs": 0.0,
        "Normalized EBITDA": -24573000.0,
        "Total Unusual Items": -265000.0,
        "Total Unusual Items Excluding Goodwill": -265000.0,
        "Net Income From Continuing Operation Net Minority Interest": -25194000.0,
        "Reconciled Depreciation": 85000.0,
        "EBITDA": -24838000.0,
        "EBIT": -24923000.0,
        "Net Interest Income": -169000.0,
        "Interest Expense": 271000.0,
        "Interest Income": 102000.0,
        "Normalized Income": -24929000.0,
        "Net Income From Continuing And Discontinued Operation": -25194000.0,
        "Total Expenses": 24682000.0,
        "Total Operating Income As Reported": -24682000.0,
        "Diluted Average Shares": 311521854.0,
        "Basic Average Shares": 311521854.0,
        "Diluted EPS": -0.08,
        "Basic EPS": -0.08,
        "Diluted NI Availto Com Stockholders": -25194000.0,
        "Net Income Common Stockholders": -25194000.0,
        "Net Income": -25194000.0,
        "Net Income Including Noncontrolling Interests": -25194000.0,
        "Net Income Continuous Operations": -25194000.0,
        "Pretax Income": -25194000.0,
        "Other Income Expense": -343000.0,
        "Special Income Charges": NaN,
        "Gain On Sale Of Ppe": NaN,
        "Earnings From Equity Interest": -78000.0,
        "Gain On Sale Of Security": -265000.0,
        "Net Non Operating Interest Income Expense": -169000.0,
        "Interest Expense Non Operating": 271000.0,
        "Interest Income Non Operating": 102000.0,
        "Operating Income": -24682000.0,
        "Operating Expense": 24682000.0,
        "Other Operating Expenses": 18123000.0,
        "Selling General And Administration": 6559000.0,
        "General And Administrative Expense": 6559000.0,
        "Other Gand A": 6559000.0,
        "Total Revenue": 0.0,
        "Operating Revenue": 0.0
    },
    "2024-06-30": {
        "Tax Effect Of Unusual Items": 0.0,
        "Tax Rate For Calcs": 0.0,
        "Normalized EBITDA": -20228000.0,
        "Total Unusual Items": 664000.0,
        "Total Unusual Items Excluding Goodwill": 664000.0,
        "Net Income From Continuing Operation Net Minority Interest": -20168000.0,
        "Reconciled Depreciation": 112000.0,
        "EBITDA": -19564000.0,
        "EBIT": -19676000.0,
        "Net Interest Income": -476000.0,
        "Interest Expense": 492000.0,
        "Interest Income": 16000.0,
        "Normalized Income": -20832000.0,
        "Net Income From Continuing And Discontinued Operation": -20168000.0,
        "Total Expenses": 20295000.0,
        "Total Operating Income As Reported": -20295000.0,
        "Diluted Average Shares": 320891977.0,
        "Basic Average Shares": 320891977.0,
        "Diluted EPS": -0.06,
        "Basic EPS": -0.06,
        "Diluted NI Availto Com Stockholders": -20168000.0,
        "Net Income Common Stockholders": -20168000.0,
        "Net Income": -20168000.0,
        "Net Income Including Noncontrolling Interests": -20168000.0,
        "Net Income Continuous Operations": -20168000.0,
        "Pretax Income": -20168000.0,
        "Other Income Expense": 603000.0,
        "Special Income Charges": NaN,
        "Gain On Sale Of Ppe": NaN,
        "Earnings From Equity Interest": -61000.0,
        "Gain On Sale Of Security": 664000.0,
        "Net Non Operating Interest Income Expense": -476000.0,
        "Interest Expense Non Operating": 492000.0,
        "Interest Income Non Operating": 16000.0,
        "Operating Income": -20295000.0,
        "Operating Expense": 20295000.0,
        "Other Operating Expenses": 12403000.0,
        "Selling General And Administration": 7892000.0,
        "General And Administrative Expense": 7892000.0,
        "Other Gand A": 7892000.0,
        "Total Revenue": 0.0,
        "Operating Revenue": 0.0
    }
}