{
    "2023-03-31": {
        "Tax Effect Of Unusual Items": NaN,
        "Tax Rate For Calcs": NaN,
        "Normalized EBITDA": NaN,
        "Total Unusual Items": NaN,
        "Total Unusual Items Excluding Goodwill": NaN,
        "Net Income From Continuing Operation Net Minority Interest": NaN,
        "Reconciled Depreciation": NaN,
        "Reconciled Cost Of Revenue": NaN,
        "EBITDA": NaN,
        "EBIT": NaN,
        "Net Interest Income": NaN,
        "Interest Expense": NaN,
        "Interest Income": NaN,
        "Normalized Income": NaN,
        "Net Income From Continuing And Discontinued Operation": NaN,
        "Total Expenses": NaN,
        "Total Operating Income As Reported": NaN,
        "Diluted Average Shares": NaN,
        "Basic Average Shares": NaN,
        "Diluted EPS": NaN,
        "Basic EPS": NaN,
        "Diluted NI Availto Com Stockholders": NaN,
        "Net Income Common Stockholders": NaN,
        "Net Income": NaN,
        "Net Income Including Noncontrolling Interests": NaN,
        "Net Income Continuous Operations": NaN,
        "Tax Provision": NaN,
        "Pretax Income": NaN,
        "Other Income Expense": NaN,
        "Other Non Operating Income Expenses": 555000.0,
        "Special Income Charges": NaN,
        "Other Special Charges": NaN,
        "Gain On Sale Of Security": NaN,
        "Net Non Operating Interest Income Expense": NaN,
        "Interest Expense Non Operating": NaN,
        "Interest Income Non Operating": NaN,
        "Operating Income": NaN,
        "Operating Expense": NaN,
        "Research And Development": NaN,
        "Selling General And Administration": NaN,
        "Selling And Marketing Expense": NaN,
        "General And Administrative Expense": NaN,
        "Other Gand A": NaN,
        "Salaries And Wages": NaN,
        "Gross Profit": NaN,
        "Cost Of Revenue": NaN,
        "Total Revenue": NaN,
        "Operating Revenue": NaN
    },
    "2022-12-31": {
        "Tax Effect Of Unusual Items": 0.0,
        "Tax Rate For Calcs": 0.21,
        "Normalized EBITDA": -4409000.0,
        "Net Income From Continuing Operation Net Minority Interest": -6720000.0,
        "Reconciled Depreciation": 1285000.0,
        "Reconciled Cost Of Revenue": 10672000.0,
        "EBITDA": -4409000.0,
        "EBIT": -5694000.0,
        "Net Interest Income": -1007000.0,
        "Interest Expense": 1007000.0,
        "Normalized Income": -6720000.0,
        "Net Income From Continuing And Discontinued Operation": -6720000.0,
        "Total Expenses": 38154000.0,
        "Total Operating Income As Reported": -6779000.0,
        "Diluted Average Shares": 32010621.0,
        "Basic Average Shares": 32010621.0,
        "Diluted EPS": -0.21,
        "Basic EPS": -0.21,
        "Diluted NI Availto Com Stockholders": -6720000.0,
        "Net Income Common Stockholders": -6720000.0,
        "Net Income": -6720000.0,
        "Net Income Including Noncontrolling Interests": -6720000.0,
        "Net Income Continuous Operations": -6720000.0,
        "Tax Provision": 19000.0,
        "Pretax Income": -6701000.0,
        "Other Income Expense": 1085000.0,
        "Other Non Operating Income Expenses": 1085000.0,
        "Net Non Operating Interest Income Expense": -1007000.0,
        "Interest Expense Non Operating": 1007000.0,
        "Operating Income": -6779000.0,
        "Operating Expense": 27482000.0,
        "Research And Development": 5756000.0,
        "Selling General And Administration": 21726000.0,
        "Selling And Marketing Expense": NaN,
        "General And Administrative Expense": 3517000.0,
        "Other Gand A": -8276000.0,
        "Salaries And Wages": 11793000.0,
        "Gross Profit": 20703000.0,
        "Cost Of Revenue": 10672000.0,
        "Total Revenue": 31375000.0,
        "Operating Revenue": 31375000.0
    },
    "2022-09-30": {
        "Tax Effect Of Unusual Items": 0.0,
        "Tax Rate For Calcs": 0.4,
        "Normalized EBITDA": -5729000.0,
        "Net Income From Continuing Operation Net Minority Interest": -7426000.0,
        "Reconciled Depreciation": 891000.0,
        "Reconciled Cost Of Revenue": 7568000.0,
        "EBITDA": -5729000.0,
        "EBIT": -6620000.0,
        "Net Interest Income": -787000.0,
        "Interest Expense": 787000.0,
        "Normalized Income": -7426000.0,
        "Net Income From Continuing And Discontinued Operation": -7426000.0,
        "Total Expenses": 31227000.0,
        "Total Operating Income As Reported": -5544000.0,
        "Diluted Average Shares": 30229936.0,
        "Basic Average Shares": 30229936.0,
        "Diluted EPS": -0.25,
        "Basic EPS": -0.25,
        "Diluted NI Availto Com Stockholders": -7426000.0,
        "Net Income Common Stockholders": -7426000.0,
        "Net Income": -7426000.0,
        "Net Income Including Noncontrolling Interests": -7426000.0,
        "Net Income Continuous Operations": -7426000.0,
        "Tax Provision": 19000.0,
        "Pretax Income": -7407000.0,
        "Other Income Expense": -1076000.0,
        "Other Non Operating Income Expenses": -1076000.0,
        "Net Non Operating Interest Income Expense": -787000.0,
        "Interest Expense Non Operating": 787000.0,
        "Operating Income": -5544000.0,
        "Operating Expense": 23659000.0,
        "Research And Development": 6808000.0,
        "Selling General And Administration": 16851000.0,
        "Selling And Marketing Expense": NaN,
        "General And Administrative Expense": 16851000.0,
        "Other Gand A": 6890000.0,
        "Salaries And Wages": 9961000.0,
        "Gross Profit": 18115000.0,
        "Cost Of Revenue": 7568000.0,
        "Total Revenue": 25683000.0,
        "Operating Revenue": 24303000.0
    },
    "2022-06-30": {
        "Tax Effect Of Unusual Items": 0.0,
        "Tax Rate For Calcs": 0.4,
        "Normalized EBITDA": -10529000.0,
        "Net Income From Continuing Operation Net Minority Interest": -11523000.0,
        "Reconciled Depreciation": 795000.0,
        "Reconciled Cost Of Revenue": 6171000.0,
        "EBITDA": -10529000.0,
        "EBIT": -10529000.0,
        "Net Interest Income": -972000.0,
        "Interest Expense": 972000.0,
        "Normalized Income": -11523000.0,
        "Net Income From Continuing And Discontinued Operation": -11523000.0,
        "Total Expenses": 30266000.0,
        "Total Operating Income As Reported": -9745000.0,
        "Diluted Average Shares": 27983629.0,
        "Basic Average Shares": 27983629.0,
        "Diluted EPS": -0.41,
        "Basic EPS": -0.41,
        "Diluted NI Availto Com Stockholders": -11523000.0,
        "Net Income Common Stockholders": -11523000.0,
        "Net Income": -11523000.0,
        "Net Income Including Noncontrolling Interests": -11523000.0,
        "Net Income Continuous Operations": -11523000.0,
        "Tax Provision": 22000.0,
        "Pretax Income": -11501000.0,
        "Other Income Expense": -784000.0,
        "Other Non Operating Income Expenses": -784000.0,
        "Net Non Operating Interest Income Expense": -972000.0,
        "Interest Expense Non Operating": 972000.0,
        "Operating Income": -9745000.0,
        "Operating Expense": 24095000.0,
        "Research And Development": 6714000.0,
        "Selling General And Administration": 17381000.0,
        "Selling And Marketing Expense": NaN,
        "General And Administrative Expense": 17381000.0,
        "Other Gand A": 8172000.0,
        "Salaries And Wages": 9209000.0,
        "Gross Profit": 14350000.0,
        "Cost Of Revenue": 6171000.0,
        "Total Revenue": 20521000.0,
        "Operating Revenue": 20521000.0
    },
    "2023-06-30": {
        "Tax Effect Of Unusual Items": NaN,
        "Tax Rate For Calcs": NaN,
        "Normalized EBITDA": NaN,
        "Total Unusual Items": NaN,
        "Total Unusual Items Excluding Goodwill": NaN,
        "Net Income From Continuing Operation Net Minority Interest": NaN,
        "Reconciled Depreciation": NaN,
        "Reconciled Cost Of Revenue": NaN,
        "EBITDA": NaN,
        "EBIT": NaN,
        "Net Interest Income": NaN,
        "Interest Expense": NaN,
        "Interest Income": NaN,
        "Normalized Income": NaN,
        "Net Income From Continuing And Discontinued Operation": NaN,
        "Total Expenses": NaN,
        "Total Operating Income As Reported": NaN,
        "Diluted Average Shares": NaN,
        "Basic Average Shares": NaN,
        "Diluted EPS": NaN,
        "Basic EPS": NaN,
        "Diluted NI Availto Com Stockholders": NaN,
        "Net Income Common Stockholders": NaN,
        "Net Income": NaN,
        "Net Income Including Noncontrolling Interests": NaN,
        "Net Income Continuous Operations": NaN,
        "Tax Provision": NaN,
        "Pretax Income": NaN,
        "Other Income Expense": NaN,
        "Other Non Operating Income Expenses": 2431000.0,
        "Special Income Charges": NaN,
        "Other Special Charges": NaN,
        "Gain On Sale Of Security": NaN,
        "Net Non Operating Interest Income Expense": NaN,
        "Interest Expense Non Operating": NaN,
        "Interest Income Non Operating": NaN,
        "Operating Income": NaN,
        "Operating Expense": NaN,
        "Research And Development": NaN,
        "Selling General And Administration": NaN,
        "Selling And Marketing Expense": 1418000.0,
        "General And Administrative Expense": NaN,
        "Other Gand A": NaN,
        "Salaries And Wages": NaN,
        "Gross Profit": NaN,
        "Cost Of Revenue": NaN,
        "Total Revenue": NaN,
        "Operating Revenue": NaN
    },
    "2022-03-31": {
        "Diluted EPS": -0.38,
        "Total Revenue": 16,
        "Gross Profit": 12,
        "Operating Income": -9,
        "EBIT": -9,
        "Net Income": -11
    },
    "2021-12-31": {
        "Diluted EPS": -0.45,
        "Total Revenue": 10,
        "Gross Profit": 7,
        "Operating Income": -11,
        "EBIT": -11,
        "Net Income": -13
    },
    "2021-09-30": {
        "Diluted EPS": -0.47,
        "Total Revenue": 5,
        "Gross Profit": 4,
        "Operating Income": -12,
        "EBIT": -11,
        "Net Income": -13
    },
    "2021-06-30": {
        "Diluted EPS": -0.39,
        "Total Revenue": 8,
        "Gross Profit": 6,
        "Operating Income": -10,
        "EBIT": -9,
        "Net Income": -11
    },
    "2021-03-31": {
        "Diluted EPS": -0.29,
        "Total Revenue": 7,
        "Gross Profit": 5,
        "Operating Income": -7,
        "EBIT": -6,
        "Net Income": -8
    },
    "2020-12-31": {
        "Diluted EPS": -0.19,
        "Total Revenue": 8,
        "Gross Profit": 5,
        "Operating Income": -6,
        "EBIT": -5,
        "Net Income": -6
    },
    "2020-09-30": {
        "Diluted EPS": -0.19,
        "Total Revenue": 7,
        "Gross Profit": 5,
        "Operating Income": -5,
        "EBIT": -4,
        "Net Income": -5
    },
    "2020-06-30": {
        "Diluted EPS": -0.36,
        "Total Revenue": 3,
        "Gross Profit": 2,
        "Operating Income": -8,
        "EBIT": -7,
        "Net Income": -8
    },
    "2020-03-31": {
        "Diluted EPS": -0.42,
        "Total Revenue": 8,
        "Gross Profit": 5,
        "Operating Income": -8,
        "EBIT": -8,
        "Net Income": -9
    },
    "2019-12-31": {
        "Diluted EPS": 3.59,
        "Total Revenue": 6,
        "Gross Profit": 4,
        "Operating Income": -9,
        "EBIT": -8,
        "Net Income": -9
    },
    "2019-09-30": {
        "Diluted EPS": -0.39,
        "Total Revenue": 7,
        "Gross Profit": 4,
        "Operating Income": -7,
        "EBIT": -7,
        "Net Income": -8
    },
    "2019-06-30": {
        "Diluted EPS": -0.7,
        "Total Revenue": 6,
        "Gross Profit": 3,
        "Operating Income": -8,
        "EBIT": -7,
        "Net Income": -9
    },
    "2019-03-31": {
        "Diluted EPS": -4.86,
        "Total Revenue": 5,
        "Gross Profit": 3,
        "Operating Income": -6,
        "EBIT": -6,
        "Net Income": -7
    },
    "2018-12-31": {
        "Diluted EPS": -8.84,
        "Total Revenue": 4,
        "Gross Profit": 1,
        "Operating Income": -6,
        "EBIT": -6,
        "Net Income": -8
    },
    "2018-09-30": {
        "Diluted EPS": -3.73,
        "Total Revenue": 4,
        "Gross Profit": 2,
        "Operating Income": -4,
        "EBIT": -4,
        "Net Income": -5
    },
    "2018-06-30": {
        "Diluted EPS": -1.3,
        "Total Revenue": 3,
        "Gross Profit": 1,
        "Operating Income": -5,
        "EBIT": -5,
        "Net Income": -6
    },
    "2018-03-31": {
        "Diluted EPS": -3.61,
        "Total Revenue": 3,
        "Gross Profit": 1,
        "Operating Income": -5,
        "EBIT": -5,
        "Net Income": -5
    },
    "2023-09-30": {
        "Tax Effect Of Unusual Items": -11192.394816,
        "Tax Rate For Calcs": 0.055962,
        "Normalized EBITDA": -21246000.0,
        "Total Unusual Items": -200000.0,
        "Total Unusual Items Excluding Goodwill": -200000.0,
        "Net Income From Continuing Operation Net Minority Interest": -25422000.0,
        "Reconciled Depreciation": 1893000.0,
        "Reconciled Cost Of Revenue": 25768000.0,
        "EBITDA": -21446000.0,
        "EBIT": -23339000.0,
        "Net Interest Income": 1610000.0,
        "Interest Expense": 3590000.0,
        "Interest Income": 5200000.0,
        "Normalized Income": -25233192.394816,
        "Net Income From Continuing And Discontinued Operation": -25422000.0,
        "Total Expenses": 94765000.0,
        "Total Operating Income As Reported": -28335000.0,
        "Diluted Average Shares": 32614059.0,
        "Basic Average Shares": 32614059.0,
        "Diluted EPS": -0.78,
        "Basic EPS": -0.78,
        "Diluted NI Availto Com Stockholders": -25422000.0,
        "Net Income Common Stockholders": -25422000.0,
        "Net Income": -25422000.0,
        "Net Income Including Noncontrolling Interests": -25422000.0,
        "Net Income Continuous Operations": -25422000.0,
        "Tax Provision": -1507000.0,
        "Pretax Income": -26929000.0,
        "Other Income Expense": -200000.0,
        "Other Non Operating Income Expenses": 4996000.0,
        "Special Income Charges": -27212000.0,
        "Other Special Charges": 27212000.0,
        "Gain On Sale Of Security": -200000.0,
        "Net Non Operating Interest Income Expense": 1610000.0,
        "Interest Expense Non Operating": 3590000.0,
        "Interest Income Non Operating": 5200000.0,
        "Operating Income": -28335000.0,
        "Operating Expense": 68997000.0,
        "Research And Development": 38344000.0,
        "Selling General And Administration": 30653000.0,
        "Selling And Marketing Expense": NaN,
        "General And Administrative Expense": 30653000.0,
        "Other Gand A": 11515000.0,
        "Salaries And Wages": 19138000.0,
        "Gross Profit": 40662000.0,
        "Cost Of Revenue": 25768000.0,
        "Total Revenue": 66430000.0,
        "Operating Revenue": 66430000.0
    },
    "2023-12-31": {
        "Tax Effect Of Unusual Items": 0.0,
        "Tax Rate For Calcs": 0.21,
        "Normalized EBITDA": 11073000.0,
        "Total Unusual Items": 300000.0,
        "Total Unusual Items Excluding Goodwill": 300000.0,
        "Net Income From Continuing Operation Net Minority Interest": 4031000.0,
        "Reconciled Depreciation": 3605000.0,
        "Reconciled Cost Of Revenue": 33250000.0,
        "EBITDA": 11073000.0,
        "EBIT": 7468000.0,
        "Net Interest Income": 913000.0,
        "Interest Expense": 3605000.0,
        "Interest Income": 4518000.0,
        "Normalized Income": 4031000.0,
        "Net Income From Continuing And Discontinued Operation": 4031000.0,
        "Total Expenses": 78571000.0,
        "Total Operating Income As Reported": 2603000.0,
        "Diluted Average Shares": 34179059.0,
        "Basic Average Shares": 32644525.0,
        "Diluted EPS": 0.12,
        "Basic EPS": 0.12,
        "Diluted NI Availto Com Stockholders": 4031000.0,
        "Net Income Common Stockholders": 4031000.0,
        "Net Income": 4031000.0,
        "Net Income Including Noncontrolling Interests": 4031000.0,
        "Net Income Continuous Operations": 4031000.0,
        "Tax Provision": -168000.0,
        "Pretax Income": 3863000.0,
        "Other Income Expense": 347000.0,
        "Other Non Operating Income Expenses": -7935000.0,
        "Special Income Charges": 0.0,
        "Other Special Charges": 0.0,
        "Gain On Sale Of Security": NaN,
        "Net Non Operating Interest Income Expense": 913000.0,
        "Interest Expense Non Operating": 3605000.0,
        "Interest Income Non Operating": 4518000.0,
        "Operating Income": 2603000.0,
        "Operating Expense": 45321000.0,
        "Research And Development": 10761000.0,
        "Selling General And Administration": 34560000.0,
        "Selling And Marketing Expense": NaN,
        "General And Administrative Expense": 34560000.0,
        "Other Gand A": 10262000.0,
        "Salaries And Wages": 24298000.0,
        "Gross Profit": 47924000.0,
        "Cost Of Revenue": 33250000.0,
        "Total Revenue": 81174000.0,
        "Operating Revenue": 81152000.0
    },
    "2024-03-31": {
        "Tax Effect Of Unusual Items": 0.0,
        "Tax Rate For Calcs": 0.015815,
        "Normalized EBITDA": 20293000.0,
        "Total Unusual Items": NaN,
        "Total Unusual Items Excluding Goodwill": NaN,
        "Net Income From Continuing Operation Net Minority Interest": 12197000.0,
        "Reconciled Depreciation": 4302000.0,
        "Reconciled Cost Of Revenue": 36888000.0,
        "EBITDA": 20293000.0,
        "EBIT": 15991000.0,
        "Net Interest Income": -28000.0,
        "Interest Expense": 3598000.0,
        "Interest Income": 3570000.0,
        "Normalized Income": 12197000.0,
        "Net Income From Continuing And Discontinued Operation": 12197000.0,
        "Total Expenses": 84429000.0,
        "Total Operating Income As Reported": 12421000.0,
        "Diluted Average Shares": 34678895.0,
        "Basic Average Shares": 32760190.0,
        "Diluted EPS": 0.35,
        "Basic EPS": 0.37,
        "Diluted NI Availto Com Stockholders": 12197000.0,
        "Net Income Common Stockholders": 12197000.0,
        "Net Income": 12197000.0,
        "Net Income Including Noncontrolling Interests": 12197000.0,
        "Net Income Continuous Operations": 12197000.0,
        "Tax Provision": 196000.0,
        "Pretax Income": 12393000.0,
        "Other Income Expense": 3570000.0,
        "Other Non Operating Income Expenses": 3570000.0,
        "Special Income Charges": NaN,
        "Other Special Charges": NaN,
        "Gain On Sale Of Security": NaN,
        "Net Non Operating Interest Income Expense": -28000.0,
        "Interest Expense Non Operating": 3598000.0,
        "Interest Income Non Operating": 3570000.0,
        "Operating Income": 12421000.0,
        "Operating Expense": 47541000.0,
        "Research And Development": 11380000.0,
        "Selling General And Administration": 36161000.0,
        "Selling And Marketing Expense": NaN,
        "General And Administrative Expense": 36161000.0,
        "Other Gand A": 11774000.0,
        "Salaries And Wages": 24387000.0,
        "Gross Profit": 59962000.0,
        "Cost Of Revenue": 36888000.0,
        "Total Revenue": 96850000.0,
        "Operating Revenue": 96850000.0
    },
    "2024-06-30": {
        "Tax Effect Of Unusual Items": -42000.0,
        "Tax Rate For Calcs": 0.21,
        "Normalized EBITDA": 20575000.0,
        "Total Unusual Items": -200000.0,
        "Total Unusual Items Excluding Goodwill": -200000.0,
        "Net Income From Continuing Operation Net Minority Interest": 12194000.0,
        "Reconciled Depreciation": 4599000.0,
        "Reconciled Cost Of Revenue": 45044000.0,
        "EBITDA": 20375000.0,
        "EBIT": 15776000.0,
        "Net Interest Income": -223000.0,
        "Interest Expense": 3623000.0,
        "Interest Income": 3400000.0,
        "Normalized Income": 12352000.0,
        "Net Income From Continuing And Discontinued Operation": 12194000.0,
        "Total Expenses": 101797000.0,
        "Total Operating Income As Reported": 12508000.0,
        "Diluted Average Shares": 35288308.0,
        "Basic Average Shares": 33119514.0,
        "Diluted EPS": 0.35,
        "Basic EPS": 0.37,
        "Diluted NI Availto Com Stockholders": 12194000.0,
        "Net Income Common Stockholders": 12194000.0,
        "Net Income": 12194000.0,
        "Net Income Including Noncontrolling Interests": 12194000.0,
        "Net Income Continuous Operations": 12194000.0,
        "Tax Provision": -41000.0,
        "Pretax Income": 12153000.0,
        "Other Income Expense": -200000.0,
        "Other Non Operating Income Expenses": NaN,
        "Special Income Charges": NaN,
        "Other Special Charges": NaN,
        "Gain On Sale Of Security": -200000.0,
        "Net Non Operating Interest Income Expense": -223000.0,
        "Interest Expense Non Operating": 3623000.0,
        "Interest Income Non Operating": 3400000.0,
        "Operating Income": 12508000.0,
        "Operating Expense": 56753000.0,
        "Research And Development": 13858000.0,
        "Selling General And Administration": 42895000.0,
        "Selling And Marketing Expense": NaN,
        "General And Administrative Expense": 42895000.0,
        "Other Gand A": 15903000.0,
        "Salaries And Wages": 26992000.0,
        "Gross Profit": 69261000.0,
        "Cost Of Revenue": 45044000.0,
        "Total Revenue": 114305000.0,
        "Operating Revenue": 114305000.0
    },
    "2024-09-30": {
        "Tax Effect Of Unusual Items": 4782.096584,
        "Tax Rate For Calcs": 0.006832,
        "Normalized EBITDA": 12339000.0,
        "Total Unusual Items": 700000.0,
        "Total Unusual Items Excluding Goodwill": 700000.0,
        "Net Income From Continuing Operation Net Minority Interest": 4216000.0,
        "Reconciled Depreciation": 5177000.0,
        "Reconciled Cost Of Revenue": 47916000.0,
        "EBITDA": 13039000.0,
        "EBIT": 7862000.0,
        "Net Interest Income": -317000.0,
        "Interest Expense": 3617000.0,
        "Interest Income": 3300000.0,
        "Normalized Income": 3520782.096584,
        "Net Income From Continuing And Discontinued Operation": 4216000.0,
        "Total Expenses": 104838000.0,
        "Total Operating Income As Reported": 3923000.0,
        "Diluted Average Shares": 35683952.0,
        "Basic Average Shares": 33441394.0,
        "Diluted EPS": 0.12,
        "Basic EPS": 0.13,
        "Diluted NI Availto Com Stockholders": 4216000.0,
        "Net Income Common Stockholders": 4216000.0,
        "Net Income": 4216000.0,
        "Net Income Including Noncontrolling Interests": 4216000.0,
        "Net Income Continuous Operations": 4216000.0,
        "Tax Provision": 29000.0,
        "Pretax Income": 4245000.0,
        "Other Income Expense": 700000.0,
        "Other Non Operating Income Expenses": NaN,
        "Special Income Charges": NaN,
        "Other Special Charges": NaN,
        "Gain On Sale Of Security": 700000.0,
        "Net Non Operating Interest Income Expense": -317000.0,
        "Interest Expense Non Operating": 3617000.0,
        "Interest Income Non Operating": 3300000.0,
        "Operating Income": 3923000.0,
        "Operating Expense": 56922000.0,
        "Research And Development": 14266000.0,
        "Selling General And Administration": 42656000.0,
        "Selling And Marketing Expense": NaN,
        "General And Administrative Expense": 42656000.0,
        "Other Gand A": 14468000.0,
        "Salaries And Wages": 28188000.0,
        "Gross Profit": 60845000.0,
        "Cost Of Revenue": 47916000.0,
        "Total Revenue": 108761000.0,
        "Operating Revenue": 108761000.0
    }
}