{
    "2023-06-30": {
        "Tax Effect Of Unusual Items": -6588000.0,
        "Tax Rate For Calcs": 0.036,
        "Normalized EBITDA": 2794000000.0,
        "Total Unusual Items": -183000000.0,
        "Total Unusual Items Excluding Goodwill": -183000000.0,
        "Net Income From Continuing Operation Net Minority Interest": 1361000000.0,
        "Reconciled Depreciation": 855000000.0,
        "Reconciled Cost Of Revenue": 6436000000.0,
        "EBITDA": 2611000000.0,
        "EBIT": 1756000000.0,
        "Net Interest Income": -148000000.0,
        "Interest Expense": 326000000.0,
        "Interest Income": 178000000.0,
        "Normalized Income": 1537412000.0,
        "Net Income From Continuing And Discontinued Operation": 1361000000.0,
        "Total Expenses": 8926000000.0,
        "Total Operating Income As Reported": 1578000000.0,
        "Diluted Average Shares": 388000000.0,
        "Basic Average Shares": 386000000.0,
        "Diluted EPS": 3.51,
        "Basic EPS": 3.53,
        "Diluted NI Availto Com Stockholders": 1361000000.0,
        "Net Income Common Stockholders": 1361000000.0,
        "Net Income": 1361000000.0,
        "Minority Interests": -1000000.0,
        "Net Income Including Noncontrolling Interests": 1362000000.0,
        "Net Income Continuous Operations": 1362000000.0,
        "Earnings From Equity Interest Net Of Tax": -16000000.0,
        "Tax Provision": 52000000.0,
        "Pretax Income": 1430000000.0,
        "Other Income Expense": -183000000.0,
        "Other Non Operating Income Expenses": NaN,
        "Special Income Charges": -183000000.0,
        "Restructuring And Mergern Acquisition": 183000000.0,
        "Net Non Operating Interest Income Expense": -148000000.0,
        "Interest Expense Non Operating": 326000000.0,
        "Interest Income Non Operating": 178000000.0,
        "Operating Income": 1761000000.0,
        "Operating Expense": 2490000000.0,
        "Research And Development": 345000000.0,
        "Selling General And Administration": 2145000000.0,
        "Gross Profit": 4251000000.0,
        "Cost Of Revenue": 6436000000.0,
        "Total Revenue": 10687000000.0,
        "Operating Revenue": 10687000000.0
    },
    "2023-03-31": {
        "Tax Effect Of Unusual Items": -12320000.0,
        "Tax Rate For Calcs": 0.11,
        "Normalized EBITDA": 2634000000.0,
        "Total Unusual Items": -112000000.0,
        "Total Unusual Items Excluding Goodwill": -112000000.0,
        "Net Income From Continuing Operation Net Minority Interest": 1289000000.0,
        "Reconciled Depreciation": 859000000.0,
        "Reconciled Cost Of Revenue": 6570000000.0,
        "EBITDA": 2522000000.0,
        "EBIT": 1663000000.0,
        "Net Interest Income": -154000000.0,
        "Interest Expense": 300000000.0,
        "Interest Income": 146000000.0,
        "Normalized Income": 1388680000.0,
        "Net Income From Continuing And Discontinued Operation": 1289000000.0,
        "Total Expenses": 9035000000.0,
        "Total Operating Income As Reported": 1563000000.0,
        "Diluted Average Shares": 388000000.0,
        "Basic Average Shares": 386000000.0,
        "Diluted EPS": 3.32,
        "Basic EPS": 3.34,
        "Diluted NI Availto Com Stockholders": 1289000000.0,
        "Net Income Common Stockholders": 1289000000.0,
        "Net Income": 1289000000.0,
        "Minority Interests": -3000000.0,
        "Net Income Including Noncontrolling Interests": 1292000000.0,
        "Net Income Continuous Operations": 1292000000.0,
        "Earnings From Equity Interest Net Of Tax": -25000000.0,
        "Tax Provision": 46000000.0,
        "Pretax Income": 1363000000.0,
        "Other Income Expense": -158000000.0,
        "Other Non Operating Income Expenses": -46000000.0,
        "Special Income Charges": -112000000.0,
        "Restructuring And Mergern Acquisition": 112000000.0,
        "Net Non Operating Interest Income Expense": -154000000.0,
        "Interest Expense Non Operating": 300000000.0,
        "Interest Income Non Operating": 146000000.0,
        "Operating Income": 1675000000.0,
        "Operating Expense": 2465000000.0,
        "Research And Development": 346000000.0,
        "Selling General And Administration": 2119000000.0,
        "Gross Profit": 4140000000.0,
        "Cost Of Revenue": 6570000000.0,
        "Total Revenue": 10710000000.0,
        "Operating Revenue": 10710000000.0
    },
    "2022-12-31": {
        "Tax Effect Of Unusual Items": NaN,
        "Tax Rate For Calcs": NaN,
        "Normalized EBITDA": NaN,
        "Total Unusual Items": NaN,
        "Total Unusual Items Excluding Goodwill": NaN,
        "Net Income From Continuing Operation Net Minority Interest": NaN,
        "Reconciled Depreciation": NaN,
        "Reconciled Cost Of Revenue": NaN,
        "EBITDA": NaN,
        "EBIT": NaN,
        "Net Interest Income": NaN,
        "Interest Expense": NaN,
        "Interest Income": NaN,
        "Normalized Income": NaN,
        "Net Income From Continuing And Discontinued Operation": NaN,
        "Total Expenses": NaN,
        "Total Operating Income As Reported": NaN,
        "Diluted Average Shares": NaN,
        "Basic Average Shares": NaN,
        "Diluted EPS": NaN,
        "Basic EPS": NaN,
        "Diluted NI Availto Com Stockholders": NaN,
        "Net Income Common Stockholders": NaN,
        "Net Income": NaN,
        "Minority Interests": NaN,
        "Net Income Including Noncontrolling Interests": NaN,
        "Net Income Continuous Operations": NaN,
        "Earnings From Equity Interest Net Of Tax": NaN,
        "Tax Provision": NaN,
        "Pretax Income": NaN,
        "Other Income Expense": NaN,
        "Other Non Operating Income Expenses": 35000000.0,
        "Special Income Charges": NaN,
        "Restructuring And Mergern Acquisition": NaN,
        "Net Non Operating Interest Income Expense": NaN,
        "Interest Expense Non Operating": NaN,
        "Interest Income Non Operating": NaN,
        "Operating Income": NaN,
        "Operating Expense": NaN,
        "Research And Development": NaN,
        "Selling General And Administration": NaN,
        "Gross Profit": NaN,
        "Cost Of Revenue": NaN,
        "Total Revenue": NaN,
        "Operating Revenue": NaN
    },
    "2022-09-30": {
        "Tax Effect Of Unusual Items": -638975.640225,
        "Tax Rate For Calcs": 0.019363,
        "Normalized EBITDA": 2645000000.0,
        "Total Unusual Items": -33000000.0,
        "Total Unusual Items Excluding Goodwill": -33000000.0,
        "Net Income From Continuing Operation Net Minority Interest": 1495000000.0,
        "Reconciled Depreciation": 838000000.0,
        "Reconciled Cost Of Revenue": 6002000000.0,
        "EBITDA": 2612000000.0,
        "EBIT": 1774000000.0,
        "Net Interest Income": -105000000.0,
        "Interest Expense": 173000000.0,
        "Interest Income": 68000000.0,
        "Normalized Income": 1527361024.359775,
        "Net Income From Continuing And Discontinued Operation": 1495000000.0,
        "Total Expenses": 8934000000.0,
        "Total Operating Income As Reported": 1710000000.0,
        "Diluted Average Shares": 395000000.0,
        "Basic Average Shares": 392000000.0,
        "Diluted EPS": 3.79,
        "Basic EPS": 3.82,
        "Diluted NI Availto Com Stockholders": 1495000000.0,
        "Net Income Common Stockholders": 1495000000.0,
        "Net Income": 1495000000.0,
        "Minority Interests": -3000000.0,
        "Net Income Including Noncontrolling Interests": 1498000000.0,
        "Net Income Continuous Operations": 1498000000.0,
        "Earnings From Equity Interest Net Of Tax": -72000000.0,
        "Tax Provision": 31000000.0,
        "Pretax Income": 1601000000.0,
        "Other Income Expense": -37000000.0,
        "Other Non Operating Income Expenses": -4000000.0,
        "Special Income Charges": -33000000.0,
        "Restructuring And Mergern Acquisition": 33000000.0,
        "Net Non Operating Interest Income Expense": -105000000.0,
        "Interest Expense Non Operating": 173000000.0,
        "Interest Income Non Operating": 68000000.0,
        "Operating Income": 1743000000.0,
        "Operating Expense": 2688000000.0,
        "Depreciation Amortization Depletion Income Statement": 594000000.0,
        "Depreciation And Amortization In Income Statement": 594000000.0,
        "Amortization": 594000000.0,
        "Amortization Of Intangibles Income Statement": 594000000.0,
        "Research And Development": 351000000.0,
        "Selling General And Administration": 1743000000.0,
        "Gross Profit": 4431000000.0,
        "Cost Of Revenue": 6246000000.0,
        "Total Revenue": 10677000000.0,
        "Operating Revenue": 10677000000.0
    },
    "2022-06-30": {
        "Tax Effect Of Unusual Items": -2478873.239437,
        "Tax Rate For Calcs": 0.103286,
        "Normalized EBITDA": 2925000000.0,
        "Total Unusual Items": -24000000.0,
        "Total Unusual Items Excluding Goodwill": -24000000.0,
        "Net Income From Continuing Operation Net Minority Interest": 1664000000.0,
        "Reconciled Depreciation": 836000000.0,
        "Reconciled Cost Of Revenue": 6004000000.0,
        "EBITDA": 2901000000.0,
        "EBIT": 2065000000.0,
        "Net Interest Income": -112000000.0,
        "Interest Expense": 148000000.0,
        "Interest Income": 36000000.0,
        "Normalized Income": 1685521126.760563,
        "Net Income From Continuing And Discontinued Operation": 1664000000.0,
        "Total Expenses": 8945000000.0,
        "Total Operating Income As Reported": 2001000000.0,
        "Diluted Average Shares": 394000000.0,
        "Basic Average Shares": 392000000.0,
        "Diluted EPS": 4.22,
        "Basic EPS": 4.25,
        "Diluted NI Availto Com Stockholders": 1664000000.0,
        "Net Income Common Stockholders": 1664000000.0,
        "Net Income": 1664000000.0,
        "Minority Interests": -4000000.0,
        "Net Income Including Noncontrolling Interests": 1668000000.0,
        "Net Income Continuous Operations": 1668000000.0,
        "Earnings From Equity Interest Net Of Tax": -51000000.0,
        "Tax Provision": 198000000.0,
        "Pretax Income": 1917000000.0,
        "Other Income Expense": 4000000.0,
        "Other Non Operating Income Expenses": 28000000.0,
        "Special Income Charges": -24000000.0,
        "Restructuring And Mergern Acquisition": 24000000.0,
        "Net Non Operating Interest Income Expense": -112000000.0,
        "Interest Expense Non Operating": 148000000.0,
        "Interest Income Non Operating": 36000000.0,
        "Operating Income": 2025000000.0,
        "Operating Expense": 2705000000.0,
        "Depreciation Amortization Depletion Income Statement": 600000000.0,
        "Depreciation And Amortization In Income Statement": 600000000.0,
        "Amortization": 600000000.0,
        "Amortization Of Intangibles Income Statement": 600000000.0,
        "Research And Development": 365000000.0,
        "Selling General And Administration": 1740000000.0,
        "Gross Profit": 4730000000.0,
        "Cost Of Revenue": 6240000000.0,
        "Total Revenue": 10970000000.0,
        "Operating Revenue": 10970000000.0
    },
    "2022-03-31": {
        "Diluted EPS": 5.61,
        "Total Revenue": NaN,
        "Gross Profit": NaN,
        "Operating Income": NaN,
        "EBIT": NaN,
        "Net Income": NaN
    },
    "2021-12-31": {
        "Diluted EPS": 4.18,
        "Total Revenue": NaN,
        "Gross Profit": NaN,
        "Operating Income": NaN,
        "EBIT": NaN,
        "Net Income": NaN
    },
    "2021-09-30": {
        "Diluted EPS": 4.79,
        "Total Revenue": NaN,
        "Gross Profit": NaN,
        "Operating Income": NaN,
        "EBIT": NaN,
        "Net Income": NaN
    },
    "2021-06-30": {
        "Diluted EPS": 4.61,
        "Total Revenue": NaN,
        "Gross Profit": NaN,
        "Operating Income": NaN,
        "EBIT": NaN,
        "Net Income": NaN
    },
    "2021-03-31": {
        "Diluted EPS": 5.88,
        "Total Revenue": NaN,
        "Gross Profit": NaN,
        "Operating Income": NaN,
        "EBIT": NaN,
        "Net Income": NaN
    },
    "2020-12-31": {
        "Diluted EPS": 6.25,
        "Total Revenue": NaN,
        "Gross Profit": NaN,
        "Operating Income": NaN,
        "EBIT": NaN,
        "Net Income": NaN
    },
    "2020-09-30": {
        "Diluted EPS": 4.84,
        "Total Revenue": NaN,
        "Gross Profit": NaN,
        "Operating Income": NaN,
        "EBIT": NaN,
        "Net Income": NaN
    },
    "2020-06-30": {
        "Diluted EPS": 2.9,
        "Total Revenue": NaN,
        "Gross Profit": NaN,
        "Operating Income": NaN,
        "EBIT": NaN,
        "Net Income": NaN
    },
    "2020-03-31": {
        "Diluted EPS": 1.97,
        "Total Revenue": NaN,
        "Gross Profit": NaN,
        "Operating Income": 906,
        "EBIT": NaN,
        "Net Income": 788
    },
    "2019-12-31": {
        "Diluted EPS": 2.5,
        "Total Revenue": NaN,
        "Gross Profit": NaN,
        "Operating Income": NaN,
        "EBIT": NaN,
        "Net Income": NaN
    },
    "2019-09-30": {
        "Diluted EPS": 1.88,
        "Total Revenue": NaN,
        "Gross Profit": NaN,
        "Operating Income": 946,
        "EBIT": NaN,
        "Net Income": 760
    },
    "2019-06-30": {
        "Diluted EPS": 2.77,
        "Total Revenue": NaN,
        "Gross Profit": NaN,
        "Operating Income": NaN,
        "EBIT": NaN,
        "Net Income": NaN
    },
    "2019-03-31": {
        "Diluted EPS": 2.02,
        "Total Revenue": NaN,
        "Gross Profit": NaN,
        "Operating Income": 920,
        "EBIT": NaN,
        "Net Income": 815
    },
    "2018-12-31": {
        "Diluted EPS": 2.21,
        "Total Revenue": NaN,
        "Gross Profit": NaN,
        "Operating Income": NaN,
        "EBIT": NaN,
        "Net Income": 898
    },
    "2018-09-30": {
        "Diluted EPS": 1.75,
        "Total Revenue": NaN,
        "Gross Profit": NaN,
        "Operating Income": 912,
        "EBIT": NaN,
        "Net Income": 709
    },
    "2018-06-30": {
        "Diluted EPS": 1.85,
        "Total Revenue": NaN,
        "Gross Profit": NaN,
        "Operating Income": 937,
        "EBIT": NaN,
        "Net Income": 752
    },
    "2018-03-31": {
        "Diluted EPS": 1.43,
        "Total Revenue": NaN,
        "Gross Profit": NaN,
        "Operating Income": 786,
        "EBIT": NaN,
        "Net Income": 579
    },
    "2017-12-31": {
        "Diluted EPS": 1.29,
        "Total Revenue": NaN,
        "Gross Profit": NaN,
        "Operating Income": 957,
        "EBIT": NaN,
        "Net Income": 528
    },
    "2017-09-30": {
        "Diluted EPS": 1.34,
        "Total Revenue": NaN,
        "Gross Profit": NaN,
        "Operating Income": 634,
        "EBIT": NaN,
        "Net Income": 534
    },
    "2017-06-30": {
        "Diluted EPS": 1.56,
        "Total Revenue": NaN,
        "Gross Profit": NaN,
        "Operating Income": 749,
        "EBIT": NaN,
        "Net Income": 612
    },
    "2017-03-31": {
        "Diluted EPS": 1.4,
        "Total Revenue": NaN,
        "Gross Profit": NaN,
        "Operating Income": 620,
        "EBIT": NaN,
        "Net Income": 551
    },
    "2016-12-31": {
        "Diluted EPS": 1.59,
        "Total Revenue": NaN,
        "Gross Profit": NaN,
        "Operating Income": 761,
        "EBIT": NaN,
        "Net Income": 630
    },
    "2016-09-30": {
        "Diluted EPS": 1.19,
        "Total Revenue": NaN,
        "Gross Profit": NaN,
        "Operating Income": 541,
        "EBIT": 974,
        "Net Income": 474
    },
    "2016-06-30": {
        "Diluted EPS": 1.3,
        "Total Revenue": NaN,
        "Gross Profit": NaN,
        "Operating Income": 638,
        "EBIT": NaN,
        "Net Income": 517
    },
    "2016-03-31": {
        "Diluted EPS": 1.01,
        "Total Revenue": NaN,
        "Gross Profit": NaN,
        "Operating Income": 518,
        "EBIT": 934,
        "Net Income": 402
    },
    "2015-12-31": {
        "Diluted EPS": 1.51,
        "Total Revenue": NaN,
        "Gross Profit": NaN,
        "Operating Income": 690,
        "EBIT": NaN,
        "Net Income": 602
    },
    "2015-09-30": {
        "Diluted EPS": 1.18,
        "Total Revenue": NaN,
        "Gross Profit": NaN,
        "Operating Income": 563,
        "EBIT": 991,
        "Net Income": 476
    },
    "2015-06-30": {
        "Diluted EPS": 1.27,
        "Total Revenue": NaN,
        "Gross Profit": NaN,
        "Operating Income": 596,
        "EBIT": NaN,
        "Net Income": 512
    },
    "2015-03-31": {
        "Diluted EPS": 0.96,
        "Total Revenue": NaN,
        "Gross Profit": NaN,
        "Operating Income": 487,
        "EBIT": 904,
        "Net Income": 385
    },
    "2014-12-31": {
        "Diluted EPS": 1.49,
        "Total Revenue": NaN,
        "Gross Profit": NaN,
        "Operating Income": 639,
        "EBIT": NaN,
        "Net Income": 601
    },
    "2014-09-30": {
        "Diluted EPS": 1.17,
        "Total Revenue": NaN,
        "Gross Profit": NaN,
        "Operating Income": 640,
        "EBIT": NaN,
        "Net Income": 472
    },
    "2014-06-30": {
        "Diluted EPS": 0.69,
        "Total Revenue": NaN,
        "Gross Profit": NaN,
        "Operating Income": 348,
        "EBIT": 783,
        "Net Income": 279
    },
    "2014-03-31": {
        "Diluted EPS": 1.36,
        "Total Revenue": NaN,
        "Gross Profit": NaN,
        "Operating Income": 876,
        "EBIT": NaN,
        "Net Income": 543
    },
    "2013-12-31": {
        "Diluted EPS": 0.93,
        "Total Revenue": NaN,
        "Gross Profit": NaN,
        "Operating Income": 455,
        "EBIT": 704,
        "Net Income": 342
    },
    "2013-09-30": {
        "Diluted EPS": 0.86,
        "Total Revenue": NaN,
        "Gross Profit": NaN,
        "Operating Income": 392,
        "EBIT": 643,
        "Net Income": 318
    },
    "2013-06-30": {
        "Diluted EPS": 0.76,
        "Total Revenue": NaN,
        "Gross Profit": NaN,
        "Operating Income": 375,
        "EBIT": 625,
        "Net Income": 277
    },
    "2013-03-31": {
        "Diluted EPS": 0.93,
        "Total Revenue": NaN,
        "Gross Profit": NaN,
        "Operating Income": 387,
        "EBIT": 638,
        "Net Income": 336
    },
    "2012-12-31": {
        "Diluted EPS": 1.04,
        "Total Revenue": NaN,
        "Gross Profit": NaN,
        "Operating Income": 401,
        "EBIT": 655,
        "Net Income": 376
    },
    "2012-09-30": {
        "Diluted EPS": 0.79,
        "Total Revenue": NaN,
        "Gross Profit": NaN,
        "Operating Income": 352,
        "EBIT": 597,
        "Net Income": 290
    },
    "2012-06-30": {
        "Diluted EPS": 0.63,
        "Total Revenue": NaN,
        "Gross Profit": NaN,
        "Operating Income": 368,
        "EBIT": 609,
        "Net Income": 234
    },
    "2012-03-31": {
        "Diluted EPS": 0.75,
        "Total Revenue": NaN,
        "Gross Profit": NaN,
        "Operating Income": 362,
        "EBIT": 604,
        "Net Income": 277
    },
    "2011-12-31": {
        "Diluted EPS": 0.77,
        "Total Revenue": NaN,
        "Gross Profit": NaN,
        "Operating Income": 348,
        "EBIT": 594,
        "Net Income": 289
    },
    "2011-09-30": {
        "Diluted EPS": 0.69,
        "Total Revenue": NaN,
        "Gross Profit": NaN,
        "Operating Income": 316,
        "EBIT": 545,
        "Net Income": 265
    },
    "2011-06-30": {
        "Diluted EPS": 1.36,
        "Total Revenue": NaN,
        "Gross Profit": NaN,
        "Operating Income": 265,
        "EBIT": 466,
        "Net Income": 523
    },
    "2011-03-31": {
        "Diluted EPS": 0.64,
        "Total Revenue": NaN,
        "Gross Profit": NaN,
        "Operating Income": 322,
        "EBIT": 506,
        "Net Income": 252
    },
    "2010-12-31": {
        "Diluted EPS": 0.75,
        "Total Revenue": NaN,
        "Gross Profit": NaN,
        "Operating Income": 303,
        "EBIT": 481,
        "Net Income": 297
    },
    "2010-09-30": {
        "Diluted EPS": 0.66,
        "Total Revenue": NaN,
        "Gross Profit": NaN,
        "Operating Income": 303,
        "EBIT": 485,
        "Net Income": 269
    },
    "2010-06-30": {
        "Diluted EPS": 0.57,
        "Total Revenue": NaN,
        "Gross Profit": NaN,
        "Operating Income": 298,
        "EBIT": 483,
        "Net Income": 237
    },
    "2010-03-31": {
        "Diluted EPS": 0.55,
        "Total Revenue": NaN,
        "Gross Profit": NaN,
        "Operating Income": 285,
        "EBIT": 478,
        "Net Income": 232
    },
    "2009-12-31": {
        "Diluted EPS": 0.64,
        "Total Revenue": NaN,
        "Gross Profit": NaN,
        "Operating Income": 278,
        "EBIT": 460,
        "Net Income": 273
    },
    "2009-09-30": {
        "Diluted EPS": 0.53,
        "Total Revenue": NaN,
        "Gross Profit": NaN,
        "Operating Income": 276,
        "EBIT": 471,
        "Net Income": 221
    },
    "2009-06-30": {
        "Diluted EPS": 0.49,
        "Total Revenue": NaN,
        "Gross Profit": 988,
        "Operating Income": 259,
        "EBIT": 453,
        "Net Income": 207
    },
    "2009-03-31": {
        "Diluted EPS": 0.35,
        "Total Revenue": NaN,
        "Gross Profit": 887,
        "Operating Income": 190,
        "EBIT": 380,
        "Net Income": 149
    },
    "2023-09-30": {
        "Tax Effect Of Unusual Items": -2520000.0,
        "Tax Rate For Calcs": 0.03,
        "Normalized EBITDA": 3061000000.0,
        "Total Unusual Items": -84000000.0,
        "Total Unusual Items Excluding Goodwill": -84000000.0,
        "Net Income From Continuing Operation Net Minority Interest": 1715000000.0,
        "Reconciled Depreciation": 853000000.0,
        "Reconciled Cost Of Revenue": 6258000000.0,
        "EBITDA": 2977000000.0,
        "EBIT": 2124000000.0,
        "Net Interest Income": -113000000.0,
        "Interest Expense": 359000000.0,
        "Interest Income": 246000000.0,
        "Normalized Income": 1796480000.0,
        "Net Income From Continuing And Discontinued Operation": 1715000000.0,
        "Total Expenses": 8626000000.0,
        "Total Operating Income As Reported": 1864000000.0,
        "Diluted Average Shares": 388000000.0,
        "Basic Average Shares": 386000000.0,
        "Diluted EPS": 4.42,
        "Basic EPS": 4.44,
        "Diluted NI Availto Com Stockholders": 1715000000.0,
        "Net Income Common Stockholders": 1715000000.0,
        "Net Income": 1715000000.0,
        "Minority Interests": 20000000.0,
        "Net Income Including Noncontrolling Interests": 1695000000.0,
        "Net Income Continuous Operations": 1695000000.0,
        "Earnings From Equity Interest Net Of Tax": -17000000.0,
        "Tax Provision": 53000000.0,
        "Pretax Income": 1765000000.0,
        "Other Income Expense": -70000000.0,
        "Other Non Operating Income Expenses": 14000000.0,
        "Special Income Charges": -84000000.0,
        "Restructuring And Mergern Acquisition": 84000000.0,
        "Net Non Operating Interest Income Expense": -113000000.0,
        "Interest Expense Non Operating": 359000000.0,
        "Interest Income Non Operating": 246000000.0,
        "Operating Income": 1948000000.0,
        "Operating Expense": 2368000000.0,
        "Research And Development": 319000000.0,
        "Selling General And Administration": 2049000000.0,
        "Gross Profit": 4316000000.0,
        "Cost Of Revenue": 6258000000.0,
        "Total Revenue": 10574000000.0,
        "Operating Revenue": 10574000000.0
    },
    "2023-12-31": {
        "Tax Effect Of Unusual Items": -6114942.528736,
        "Tax Rate For Calcs": 0.076437,
        "Normalized EBITDA": 3049000000.0,
        "Total Unusual Items": -80000000.0,
        "Total Unusual Items Excluding Goodwill": -80000000.0,
        "Net Income From Continuing Operation Net Minority Interest": 1630000000.0,
        "Reconciled Depreciation": 839000000.0,
        "Reconciled Cost Of Revenue": 6493000000.0,
        "EBITDA": 2969000000.0,
        "EBIT": 2130000000.0,
        "Net Interest Income": -81000000.0,
        "Interest Expense": 390000000.0,
        "Interest Income": 309000000.0,
        "Normalized Income": 1703885057.471264,
        "Net Income From Continuing And Discontinued Operation": 1630000000.0,
        "Total Expenses": 8952000000.0,
        "Total Operating Income As Reported": 1854000000.0,
        "Diluted Average Shares": 388000000.0,
        "Basic Average Shares": 387000000.0,
        "Diluted EPS": 4.2,
        "Basic EPS": 4.22,
        "Diluted NI Availto Com Stockholders": 1630000000.0,
        "Net Income Common Stockholders": 1630000000.0,
        "Net Income": 1630000000.0,
        "Minority Interests": 24000000.0,
        "Net Income Including Noncontrolling Interests": 1606000000.0,
        "Net Income Continuous Operations": 1606000000.0,
        "Earnings From Equity Interest Net Of Tax": -1000000.0,
        "Tax Provision": 133000000.0,
        "Pretax Income": 1740000000.0,
        "Other Income Expense": -113000000.0,
        "Other Non Operating Income Expenses": -33000000.0,
        "Special Income Charges": -80000000.0,
        "Restructuring And Mergern Acquisition": 80000000.0,
        "Net Non Operating Interest Income Expense": -81000000.0,
        "Interest Expense Non Operating": 390000000.0,
        "Interest Income Non Operating": 309000000.0,
        "Operating Income": 1934000000.0,
        "Operating Expense": 2459000000.0,
        "Research And Development": 327000000.0,
        "Selling General And Administration": 2132000000.0,
        "Gross Profit": 4393000000.0,
        "Cost Of Revenue": 6493000000.0,
        "Total Revenue": 10886000000.0,
        "Operating Revenue": 10886000000.0
    },
    "2024-03-31": {
        "Tax Effect Of Unusual Items": -2610000.0,
        "Tax Rate For Calcs": 0.09,
        "Normalized EBITDA": 2817000000.0,
        "Total Unusual Items": -29000000.0,
        "Total Unusual Items Excluding Goodwill": -29000000.0,
        "Net Income From Continuing Operation Net Minority Interest": 1328000000.0,
        "Reconciled Depreciation": 836000000.0,
        "Reconciled Cost Of Revenue": 6140000000.0,
        "EBITDA": 2788000000.0,
        "EBIT": 1952000000.0,
        "Net Interest Income": -84000000.0,
        "Interest Expense": 363000000.0,
        "Interest Income": 279000000.0,
        "Normalized Income": 1354390000.0,
        "Net Income From Continuing And Discontinued Operation": 1328000000.0,
        "Total Expenses": 8654000000.0,
        "Total Operating Income As Reported": 1663000000.0,
        "Diluted Average Shares": 384000000.0,
        "Basic Average Shares": 382000000.0,
        "Diluted EPS": 3.46,
        "Basic EPS": 3.47,
        "Diluted NI Availto Com Stockholders": 1328000000.0,
        "Net Income Common Stockholders": 1328000000.0,
        "Net Income": 1328000000.0,
        "Minority Interests": -4000000.0,
        "Net Income Including Noncontrolling Interests": 1331000000.0,
        "Net Income Continuous Operations": 1331000000.0,
        "Earnings From Equity Interest Net Of Tax": 23000000.0,
        "Tax Provision": 281000000.0,
        "Pretax Income": 1589000000.0,
        "Other Income Expense": -19000000.0,
        "Other Non Operating Income Expenses": 10000000.0,
        "Special Income Charges": -29000000.0,
        "Restructuring And Mergern Acquisition": 29000000.0,
        "Net Non Operating Interest Income Expense": -84000000.0,
        "Interest Expense Non Operating": 363000000.0,
        "Interest Income Non Operating": 279000000.0,
        "Operating Income": 1691000000.0,
        "Operating Expense": 2514000000.0,
        "Research And Development": 331000000.0,
        "Selling General And Administration": 2183000000.0,
        "Gross Profit": 4205000000.0,
        "Cost Of Revenue": 6140000000.0,
        "Total Revenue": 10345000000.0,
        "Operating Revenue": 10345000000.0
    }
}