{
    "2023-06-30": {
        "Tax Effect Of Unusual Items": NaN,
        "Tax Rate For Calcs": NaN,
        "Normalized EBITDA": NaN,
        "Total Unusual Items": NaN,
        "Total Unusual Items Excluding Goodwill": NaN,
        "Net Income From Continuing Operation Net Minority Interest": NaN,
        "Reconciled Depreciation": NaN,
        "Reconciled Cost Of Revenue": NaN,
        "EBITDA": NaN,
        "EBIT": NaN,
        "Net Interest Income": NaN,
        "Interest Expense": NaN,
        "Normalized Income": NaN,
        "Net Income From Continuing And Discontinued Operation": NaN,
        "Total Expenses": NaN,
        "Total Operating Income As Reported": NaN,
        "Diluted Average Shares": NaN,
        "Basic Average Shares": NaN,
        "Diluted EPS": NaN,
        "Basic EPS": NaN,
        "Diluted NI Availto Com Stockholders": NaN,
        "Net Income Common Stockholders": NaN,
        "Net Income": NaN,
        "Net Income Including Noncontrolling Interests": NaN,
        "Net Income Continuous Operations": NaN,
        "Tax Provision": NaN,
        "Pretax Income": NaN,
        "Other Income Expense": NaN,
        "Other Non Operating Income Expenses": NaN,
        "Special Income Charges": NaN,
        "Gain On Sale Of Business": NaN,
        "Write Off": 0.0,
        "Impairment Of Capital Assets": 0.0,
        "Net Non Operating Interest Income Expense": NaN,
        "Interest Expense Non Operating": NaN,
        "Operating Income": NaN,
        "Operating Expense": NaN,
        "Depreciation Amortization Depletion Income Statement": NaN,
        "Depreciation And Amortization In Income Statement": NaN,
        "Selling General And Administration": NaN,
        "Gross Profit": NaN,
        "Cost Of Revenue": NaN,
        "Total Revenue": NaN,
        "Operating Revenue": NaN
    },
    "2023-03-31": {
        "Tax Effect Of Unusual Items": NaN,
        "Tax Rate For Calcs": NaN,
        "Normalized EBITDA": NaN,
        "Total Unusual Items": NaN,
        "Total Unusual Items Excluding Goodwill": NaN,
        "Net Income From Continuing Operation Net Minority Interest": NaN,
        "Reconciled Depreciation": NaN,
        "Reconciled Cost Of Revenue": NaN,
        "EBITDA": NaN,
        "EBIT": NaN,
        "Net Interest Income": NaN,
        "Interest Expense": NaN,
        "Normalized Income": NaN,
        "Net Income From Continuing And Discontinued Operation": NaN,
        "Total Expenses": NaN,
        "Total Operating Income As Reported": NaN,
        "Diluted Average Shares": NaN,
        "Basic Average Shares": NaN,
        "Diluted EPS": NaN,
        "Basic EPS": NaN,
        "Diluted NI Availto Com Stockholders": NaN,
        "Net Income Common Stockholders": NaN,
        "Net Income": NaN,
        "Net Income Including Noncontrolling Interests": NaN,
        "Net Income Continuous Operations": NaN,
        "Tax Provision": NaN,
        "Pretax Income": NaN,
        "Other Income Expense": NaN,
        "Other Non Operating Income Expenses": NaN,
        "Special Income Charges": NaN,
        "Gain On Sale Of Ppe": 42000000.0,
        "Gain On Sale Of Business": NaN,
        "Write Off": NaN,
        "Impairment Of Capital Assets": NaN,
        "Net Non Operating Interest Income Expense": NaN,
        "Interest Expense Non Operating": NaN,
        "Operating Income": NaN,
        "Operating Expense": NaN,
        "Depreciation Amortization Depletion Income Statement": NaN,
        "Depreciation And Amortization In Income Statement": NaN,
        "Selling General And Administration": NaN,
        "Gross Profit": NaN,
        "Cost Of Revenue": NaN,
        "Total Revenue": NaN,
        "Operating Revenue": NaN
    },
    "2022-12-31": {
        "Tax Effect Of Unusual Items": NaN,
        "Tax Rate For Calcs": NaN,
        "Normalized EBITDA": NaN,
        "Total Unusual Items": NaN,
        "Total Unusual Items Excluding Goodwill": NaN,
        "Net Income From Continuing Operation Net Minority Interest": NaN,
        "Reconciled Depreciation": NaN,
        "Reconciled Cost Of Revenue": NaN,
        "EBITDA": NaN,
        "EBIT": NaN,
        "Net Interest Income": NaN,
        "Interest Expense": NaN,
        "Normalized Income": NaN,
        "Net Income From Continuing And Discontinued Operation": NaN,
        "Total Expenses": NaN,
        "Total Operating Income As Reported": NaN,
        "Diluted Average Shares": NaN,
        "Basic Average Shares": NaN,
        "Diluted EPS": NaN,
        "Basic EPS": NaN,
        "Diluted NI Availto Com Stockholders": NaN,
        "Net Income Common Stockholders": NaN,
        "Net Income": NaN,
        "Net Income Including Noncontrolling Interests": NaN,
        "Net Income Continuous Operations": NaN,
        "Tax Provision": NaN,
        "Pretax Income": NaN,
        "Other Income Expense": NaN,
        "Other Non Operating Income Expenses": NaN,
        "Special Income Charges": NaN,
        "Gain On Sale Of Ppe": NaN,
        "Gain On Sale Of Business": NaN,
        "Write Off": 0.0,
        "Impairment Of Capital Assets": 0.0,
        "Net Non Operating Interest Income Expense": NaN,
        "Interest Expense Non Operating": NaN,
        "Operating Income": NaN,
        "Operating Expense": NaN,
        "Depreciation Amortization Depletion Income Statement": NaN,
        "Depreciation And Amortization In Income Statement": NaN,
        "Selling General And Administration": NaN,
        "Gross Profit": NaN,
        "Cost Of Revenue": NaN,
        "Total Revenue": NaN,
        "Operating Revenue": NaN
    },
    "2022-09-30": {
        "Tax Effect Of Unusual Items": NaN,
        "Tax Rate For Calcs": NaN,
        "Normalized EBITDA": NaN,
        "Total Unusual Items": NaN,
        "Total Unusual Items Excluding Goodwill": NaN,
        "Net Income From Continuing Operation Net Minority Interest": NaN,
        "Reconciled Depreciation": NaN,
        "Reconciled Cost Of Revenue": NaN,
        "EBITDA": NaN,
        "EBIT": NaN,
        "Net Interest Income": NaN,
        "Interest Expense": NaN,
        "Normalized Income": NaN,
        "Net Income From Continuing And Discontinued Operation": NaN,
        "Total Expenses": NaN,
        "Total Operating Income As Reported": NaN,
        "Diluted Average Shares": NaN,
        "Basic Average Shares": NaN,
        "Diluted EPS": NaN,
        "Basic EPS": NaN,
        "Diluted NI Availto Com Stockholders": NaN,
        "Net Income Common Stockholders": NaN,
        "Net Income": NaN,
        "Net Income Including Noncontrolling Interests": NaN,
        "Net Income Continuous Operations": NaN,
        "Tax Provision": NaN,
        "Pretax Income": NaN,
        "Other Income Expense": NaN,
        "Other Non Operating Income Expenses": NaN,
        "Special Income Charges": NaN,
        "Gain On Sale Of Ppe": -1071000000.0,
        "Gain On Sale Of Business": NaN,
        "Write Off": 0.0,
        "Impairment Of Capital Assets": 0.0,
        "Net Non Operating Interest Income Expense": NaN,
        "Interest Expense Non Operating": NaN,
        "Operating Income": NaN,
        "Operating Expense": NaN,
        "Depreciation Amortization Depletion Income Statement": NaN,
        "Depreciation And Amortization In Income Statement": NaN,
        "Selling General And Administration": NaN,
        "Gross Profit": NaN,
        "Cost Of Revenue": NaN,
        "Total Revenue": NaN,
        "Operating Revenue": NaN
    },
    "2022-06-30": {
        "Tax Effect Of Unusual Items": -160950920.245399,
        "Tax Rate For Calcs": 0.337423,
        "Normalized EBITDA": 4656000000.0,
        "Total Unusual Items": -477000000.0,
        "Total Unusual Items Excluding Goodwill": -477000000.0,
        "Net Income From Continuing Operation Net Minority Interest": -108000000.0,
        "Reconciled Depreciation": 3491000000.0,
        "Reconciled Cost Of Revenue": 9168000000.0,
        "EBITDA": 4179000000.0,
        "EBIT": 688000000.0,
        "Net Interest Income": -851000000.0,
        "Interest Expense": 851000000.0,
        "Normalized Income": 208049079.754601,
        "Net Income From Continuing And Discontinued Operation": -108000000.0,
        "Total Expenses": 18515000000.0,
        "Total Operating Income As Reported": 709000000.0,
        "Diluted Average Shares": 1253932986.0,
        "Basic Average Shares": 1253932986.0,
        "Diluted EPS": -0.09,
        "Basic EPS": -0.09,
        "Diluted NI Availto Com Stockholders": -108000000.0,
        "Net Income Common Stockholders": -108000000.0,
        "Net Income": -108000000.0,
        "Net Income Including Noncontrolling Interests": -108000000.0,
        "Net Income Continuous Operations": -108000000.0,
        "Tax Provision": -55000000.0,
        "Pretax Income": -163000000.0,
        "Other Income Expense": -498000000.0,
        "Other Non Operating Income Expenses": -21000000.0,
        "Special Income Charges": -477000000.0,
        "Gain On Sale Of Ppe": NaN,
        "Gain On Sale Of Business": NaN,
        "Write Off": 477000000.0,
        "Impairment Of Capital Assets": 477000000.0,
        "Net Non Operating Interest Income Expense": -851000000.0,
        "Interest Expense Non Operating": 851000000.0,
        "Operating Income": 1186000000.0,
        "Operating Expense": 9347000000.0,
        "Depreciation Amortization Depletion Income Statement": 3491000000.0,
        "Depreciation And Amortization In Income Statement": 3491000000.0,
        "Selling General And Administration": 5856000000.0,
        "Gross Profit": 10533000000.0,
        "Cost Of Revenue": 9168000000.0,
        "Total Revenue": 19701000000.0,
        "Operating Revenue": 19446000000.0
    },
    "2022-03-31": {
        "Diluted EPS": 0.57,
        "Total Revenue": NaN,
        "Gross Profit": NaN,
        "Operating Income": NaN,
        "EBIT": NaN,
        "Net Income": 713
    },
    "2021-12-31": {
        "Diluted EPS": 0.34,
        "Total Revenue": NaN,
        "Gross Profit": NaN,
        "Operating Income": NaN,
        "EBIT": NaN,
        "Net Income": 422
    },
    "2021-09-30": {
        "Diluted EPS": 0.55,
        "Total Revenue": NaN,
        "Gross Profit": NaN,
        "Operating Income": NaN,
        "EBIT": NaN,
        "Net Income": 691
    },
    "2021-06-30": {
        "Diluted EPS": 0.78,
        "Total Revenue": NaN,
        "Gross Profit": NaN,
        "Operating Income": NaN,
        "EBIT": NaN,
        "Net Income": 978
    },
    "2021-03-31": {
        "Diluted EPS": 0.74,
        "Total Revenue": NaN,
        "Gross Profit": NaN,
        "Operating Income": NaN,
        "EBIT": NaN,
        "Net Income": 933
    },
    "2020-12-31": {
        "Diluted EPS": 0.46,
        "Total Revenue": NaN,
        "Gross Profit": NaN,
        "Operating Income": NaN,
        "EBIT": NaN,
        "Net Income": 750
    },
    "2020-09-30": {
        "Diluted EPS": 1.0,
        "Total Revenue": NaN,
        "Gross Profit": NaN,
        "Operating Income": NaN,
        "EBIT": NaN,
        "Net Income": NaN
    },
    "2020-06-30": {
        "Diluted EPS": 0.09,
        "Total Revenue": NaN,
        "Gross Profit": NaN,
        "Operating Income": 820,
        "EBIT": NaN,
        "Net Income": 110
    },
    "2020-03-31": {
        "Diluted EPS": 1.1,
        "Total Revenue": NaN,
        "Gross Profit": NaN,
        "Operating Income": NaN,
        "EBIT": NaN,
        "Net Income": 951
    },
    "2019-12-31": {
        "Diluted EPS": 0.86,
        "Total Revenue": NaN,
        "Gross Profit": NaN,
        "Operating Income": NaN,
        "EBIT": NaN,
        "Net Income": 751
    },
    "2019-09-30": {
        "Diluted EPS": 1.01,
        "Total Revenue": NaN,
        "Gross Profit": NaN,
        "Operating Income": NaN,
        "EBIT": NaN,
        "Net Income": 870
    },
    "2019-06-30": {
        "Diluted EPS": 1.09,
        "Total Revenue": NaN,
        "Gross Profit": NaN,
        "Operating Income": NaN,
        "EBIT": NaN,
        "Net Income": 939
    },
    "2019-03-31": {
        "Diluted EPS": 1.06,
        "Total Revenue": NaN,
        "Gross Profit": NaN,
        "Operating Income": NaN,
        "EBIT": NaN,
        "Net Income": 908
    },
    "2018-12-31": {
        "Diluted EPS": 0.73,
        "Total Revenue": NaN,
        "Gross Profit": NaN,
        "Operating Income": NaN,
        "EBIT": NaN,
        "Net Income": 640
    },
    "2018-09-30": {
        "Diluted EPS": 0.93,
        "Total Revenue": NaN,
        "Gross Profit": NaN,
        "Operating Income": NaN,
        "EBIT": NaN,
        "Net Income": 795
    },
    "2018-06-30": {
        "Diluted EPS": 0.92,
        "Total Revenue": NaN,
        "Gross Profit": NaN,
        "Operating Income": NaN,
        "EBIT": NaN,
        "Net Income": 782
    },
    "2018-03-31": {
        "Diluted EPS": 0.78,
        "Total Revenue": NaN,
        "Gross Profit": NaN,
        "Operating Income": NaN,
        "EBIT": NaN,
        "Net Income": 671
    },
    "2017-12-31": {
        "Diluted EPS": 3.1,
        "Total Revenue": NaN,
        "Gross Profit": NaN,
        "Operating Income": NaN,
        "EBIT": NaN,
        "Net Income": NaN
    },
    "2017-09-30": {
        "Diluted EPS": 0.63,
        "Total Revenue": NaN,
        "Gross Profit": NaN,
        "Operating Income": NaN,
        "EBIT": NaN,
        "Net Income": 537
    },
    "2017-06-30": {
        "Diluted EPS": 0.67,
        "Total Revenue": NaN,
        "Gross Profit": NaN,
        "Operating Income": NaN,
        "EBIT": NaN,
        "Net Income": 567
    },
    "2017-03-31": {
        "Diluted EPS": 0.8,
        "Total Revenue": NaN,
        "Gross Profit": NaN,
        "Operating Income": NaN,
        "EBIT": NaN,
        "Net Income": 684
    },
    "2016-12-31": {
        "Diluted EPS": 0.46,
        "Total Revenue": NaN,
        "Gross Profit": NaN,
        "Operating Income": NaN,
        "EBIT": NaN,
        "Net Income": 376
    },
    "2016-09-30": {
        "Diluted EPS": 0.42,
        "Total Revenue": NaN,
        "Gross Profit": NaN,
        "Operating Income": NaN,
        "EBIT": NaN,
        "Net Income": 353
    },
    "2016-06-30": {
        "Diluted EPS": 0.25,
        "Total Revenue": NaN,
        "Gross Profit": NaN,
        "Operating Income": 833,
        "EBIT": NaN,
        "Net Income": 211
    },
    "2016-03-31": {
        "Diluted EPS": 0.56,
        "Total Revenue": NaN,
        "Gross Profit": NaN,
        "Operating Income": NaN,
        "EBIT": NaN,
        "Net Income": 465
    },
    "2015-12-31": {
        "Diluted EPS": 0.34,
        "Total Revenue": NaN,
        "Gross Profit": NaN,
        "Operating Income": NaN,
        "EBIT": NaN,
        "Net Income": 283
    },
    "2015-09-30": {
        "Diluted EPS": 0.15,
        "Total Revenue": NaN,
        "Gross Profit": NaN,
        "Operating Income": 513,
        "EBIT": NaN,
        "Net Income": 125
    },
    "2015-06-30": {
        "Diluted EPS": 0.42,
        "Total Revenue": NaN,
        "Gross Profit": NaN,
        "Operating Income": 597,
        "EBIT": NaN,
        "Net Income": 347
    },
    "2015-03-31": {
        "Diluted EPS": -0.09,
        "Total Revenue": NaN,
        "Gross Profit": NaN,
        "Operating Income": 117,
        "EBIT": NaN,
        "Net Income": -77
    },
    "2014-12-31": {
        "Diluted EPS": 0.13,
        "Total Revenue": NaN,
        "Gross Profit": NaN,
        "Operating Income": 433,
        "EBIT": 433,
        "Net Income": 101
    },
    "2014-09-30": {
        "Diluted EPS": -0.12,
        "Total Revenue": NaN,
        "Gross Profit": NaN,
        "Operating Income": 49,
        "EBIT": 49,
        "Net Income": -94
    },
    "2014-06-30": {
        "Diluted EPS": 0.48,
        "Total Revenue": NaN,
        "Gross Profit": NaN,
        "Operating Income": 962,
        "EBIT": 962,
        "Net Income": 391
    },
    "2014-03-31": {
        "Diluted EPS": -0.19,
        "Total Revenue": NaN,
        "Gross Profit": NaN,
        "Operating Income": -28,
        "EBIT": -28,
        "Net Income": -151
    },
    "2013-12-31": {
        "Diluted EPS": -0.08,
        "Total Revenue": NaN,
        "Gross Profit": NaN,
        "Operating Income": 139,
        "EBIT": 139,
        "Net Income": -20
    },
    "2013-09-30": {
        "Diluted EPS": -0.05,
        "Total Revenue": NaN,
        "Gross Profit": NaN,
        "Operating Income": 297,
        "EBIT": 297,
        "Net Income": -36
    },
    "2013-06-30": {
        "Diluted EPS": -0.02,
        "Total Revenue": NaN,
        "Gross Profit": NaN,
        "Operating Income": 181,
        "EBIT": 181,
        "Net Income": -16
    },
    "2013-03-31": {
        "Diluted EPS": 0.2,
        "Total Revenue": NaN,
        "Gross Profit": NaN,
        "Operating Income": 379,
        "EBIT": 379,
        "Net Income": 107
    },
    "2012-12-31": {
        "Diluted EPS": -0.01,
        "Total Revenue": NaN,
        "Gross Profit": NaN,
        "Operating Income": 247,
        "EBIT": 247,
        "Net Income": -8
    },
    "2012-09-30": {
        "Diluted EPS": -14.45,
        "Total Revenue": NaN,
        "Gross Profit": NaN,
        "Operating Income": NaN,
        "EBIT": NaN,
        "Net Income": NaN
    },
    "2012-06-30": {
        "Diluted EPS": 0.39,
        "Total Revenue": NaN,
        "Gross Profit": NaN,
        "Operating Income": 452,
        "EBIT": 452,
        "Net Income": 207
    },
    "2012-03-31": {
        "Diluted EPS": 0.12,
        "Total Revenue": NaN,
        "Gross Profit": 429,
        "Operating Income": 98,
        "EBIT": 251,
        "Net Income": 21
    },
    "2011-12-31": {
        "Diluted EPS": 0.5,
        "Total Revenue": NaN,
        "Gross Profit": 509,
        "Operating Income": 215,
        "EBIT": NaN,
        "Net Income": 91
    },
    "2011-09-30": {
        "Diluted EPS": 0.38,
        "Total Revenue": NaN,
        "Gross Profit": 480,
        "Operating Income": 177,
        "EBIT": 316,
        "Net Income": 69
    },
    "2011-06-30": {
        "Diluted EPS": 0.46,
        "Total Revenue": NaN,
        "Gross Profit": 501,
        "Operating Income": 210,
        "EBIT": 345,
        "Net Income": 84
    },
    "2011-03-31": {
        "Diluted EPS": 0.3,
        "Total Revenue": NaN,
        "Gross Profit": 444,
        "Operating Income": 145,
        "EBIT": 274,
        "Net Income": 56
    },
    "2010-12-31": {
        "Diluted EPS": 0.08,
        "Total Revenue": NaN,
        "Gross Profit": 460,
        "Operating Income": 207,
        "EBIT": 326,
        "Net Income": 14
    },
    "2010-09-30": {
        "Diluted EPS": 0.44,
        "Total Revenue": NaN,
        "Gross Profit": 451,
        "Operating Income": 208,
        "EBIT": 322,
        "Net Income": 77
    },
    "2010-06-30": {
        "Diluted EPS": 0.44,
        "Total Revenue": NaN,
        "Gross Profit": 469,
        "Operating Income": 198,
        "EBIT": 308,
        "Net Income": 80
    },
    "2010-03-31": {
        "Diluted EPS": 0.12,
        "Total Revenue": 971,
        "Gross Profit": 372,
        "Operating Income": 105,
        "EBIT": 213,
        "Net Income": 23
    },
    "2009-12-31": {
        "Diluted EPS": 0.18,
        "Total Revenue": 930,
        "Gross Profit": 390,
        "Operating Income": 130,
        "EBIT": 236,
        "Net Income": 33
    },
    "2009-09-30": {
        "Diluted EPS": 0.42,
        "Total Revenue": 896,
        "Gross Profit": 398,
        "Operating Income": 158,
        "EBIT": 257,
        "Net Income": 74
    },
    "2009-06-30": {
        "Diluted EPS": 0.14,
        "Total Revenue": 860,
        "Gross Profit": 363,
        "Operating Income": 116,
        "EBIT": 207,
        "Net Income": 26
    },
    "2009-03-31": {
        "Diluted EPS": 0.24,
        "Total Revenue": 795,
        "Gross Profit": 325,
        "Operating Income": 131,
        "EBIT": 213,
        "Net Income": 44
    },
    "2023-09-30": {
        "Tax Effect Of Unusual Items": NaN,
        "Tax Rate For Calcs": NaN,
        "Normalized EBITDA": NaN,
        "Total Unusual Items": NaN,
        "Total Unusual Items Excluding Goodwill": NaN,
        "Net Income From Continuing Operation Net Minority Interest": NaN,
        "Reconciled Depreciation": NaN,
        "Reconciled Cost Of Revenue": NaN,
        "EBITDA": NaN,
        "EBIT": NaN,
        "Net Interest Income": NaN,
        "Interest Expense": NaN,
        "Normalized Income": NaN,
        "Net Income From Continuing And Discontinued Operation": NaN,
        "Total Expenses": NaN,
        "Total Operating Income As Reported": NaN,
        "Diluted Average Shares": 1174390472.0,
        "Basic Average Shares": 1171336373.0,
        "Diluted EPS": 1.82,
        "Basic EPS": 1.83,
        "Diluted NI Availto Com Stockholders": NaN,
        "Net Income Common Stockholders": NaN,
        "Net Income": NaN,
        "Net Income Including Noncontrolling Interests": NaN,
        "Net Income Continuous Operations": NaN,
        "Tax Provision": NaN,
        "Pretax Income": NaN,
        "Other Income Expense": NaN,
        "Other Non Operating Income Expenses": NaN,
        "Special Income Charges": NaN,
        "Gain On Sale Of Business": NaN,
        "Write Off": 0.0,
        "Impairment Of Capital Assets": 0.0,
        "Net Non Operating Interest Income Expense": NaN,
        "Interest Expense Non Operating": NaN,
        "Operating Income": NaN,
        "Operating Expense": NaN,
        "Depreciation Amortization Depletion Income Statement": NaN,
        "Depreciation And Amortization In Income Statement": NaN,
        "Selling General And Administration": NaN,
        "Gross Profit": NaN,
        "Cost Of Revenue": NaN,
        "Total Revenue": NaN,
        "Operating Revenue": NaN
    },
    "2023-12-31": {
        "Tax Effect Of Unusual Items": 0.0,
        "Tax Rate For Calcs": 0.237987,
        "Normalized EBITDA": 6810000000.0,
        "Total Unusual Items": 0.0,
        "Total Unusual Items Excluding Goodwill": 0.0,
        "Net Income From Continuing Operation Net Minority Interest": 2014000000.0,
        "Reconciled Depreciation": 3318000000.0,
        "Reconciled Cost Of Revenue": 8400000000.0,
        "EBITDA": 6810000000.0,
        "EBIT": 3492000000.0,
        "Net Interest Income": -849000000.0,
        "Interest Expense": 849000000.0,
        "Normalized Income": 2014000000.0,
        "Net Income From Continuing And Discontinued Operation": 2014000000.0,
        "Total Expenses": 16998000000.0,
        "Total Operating Income As Reported": 3480000000.0,
        "Diluted Average Shares": 1205014105.0,
        "Basic Average Shares": 1157313367.0,
        "Diluted EPS": 1.67,
        "Basic EPS": 1.74,
        "Diluted NI Availto Com Stockholders": 2014000000.0,
        "Net Income Common Stockholders": 2014000000.0,
        "Net Income": 2014000000.0,
        "Net Income Including Noncontrolling Interests": 2014000000.0,
        "Net Income Continuous Operations": 2014000000.0,
        "Tax Provision": 629000000.0,
        "Pretax Income": 2643000000.0,
        "Other Income Expense": 12000000.0,
        "Other Non Operating Income Expenses": 12000000.0,
        "Special Income Charges": 0.0,
        "Gain On Sale Of Business": 0.0,
        "Write Off": NaN,
        "Impairment Of Capital Assets": 0.0,
        "Net Non Operating Interest Income Expense": -849000000.0,
        "Interest Expense Non Operating": 849000000.0,
        "Operating Income": 3480000000.0,
        "Operating Expense": 8598000000.0,
        "Depreciation Amortization Depletion Income Statement": 3318000000.0,
        "Depreciation And Amortization In Income Statement": 3318000000.0,
        "Selling General And Administration": 5280000000.0,
        "Gross Profit": 12078000000.0,
        "Cost Of Revenue": 8400000000.0,
        "Total Revenue": 20478000000.0,
        "Operating Revenue": 20217000000.0
    },
    "2024-03-31": {
        "Tax Effect Of Unusual Items": 0.0,
        "Tax Rate For Calcs": 0.244,
        "Normalized EBITDA": 7389000000.0,
        "Total Unusual Items": 0.0,
        "Total Unusual Items Excluding Goodwill": 0.0,
        "Net Income From Continuing Operation Net Minority Interest": 2374000000.0,
        "Reconciled Depreciation": 3371000000.0,
        "Reconciled Cost Of Revenue": 7087000000.0,
        "EBITDA": 7389000000.0,
        "EBIT": 4018000000.0,
        "Net Interest Income": -880000000.0,
        "Interest Expense": 880000000.0,
        "Normalized Income": 2374000000.0,
        "Net Income From Continuing And Discontinued Operation": 2374000000.0,
        "Total Expenses": 15596000000.0,
        "Total Operating Income As Reported": 3998000000.0,
        "Diluted Average Shares": 1189092019.0,
        "Basic Average Shares": 1185298497.0,
        "Diluted EPS": 2.0,
        "Basic EPS": 2.0,
        "Diluted NI Availto Com Stockholders": 2374000000.0,
        "Net Income Common Stockholders": 2374000000.0,
        "Net Income": 2374000000.0,
        "Net Income Including Noncontrolling Interests": 2374000000.0,
        "Net Income Continuous Operations": 2374000000.0,
        "Tax Provision": 764000000.0,
        "Pretax Income": 3138000000.0,
        "Other Income Expense": 20000000.0,
        "Other Non Operating Income Expenses": 20000000.0,
        "Special Income Charges": 0.0,
        "Gain On Sale Of Business": 0.0,
        "Write Off": NaN,
        "Impairment Of Capital Assets": NaN,
        "Net Non Operating Interest Income Expense": -880000000.0,
        "Interest Expense Non Operating": 880000000.0,
        "Operating Income": 3998000000.0,
        "Operating Expense": 8509000000.0,
        "Depreciation Amortization Depletion Income Statement": 3371000000.0,
        "Depreciation And Amortization In Income Statement": 3371000000.0,
        "Selling General And Administration": 5138000000.0,
        "Gross Profit": 12507000000.0,
        "Cost Of Revenue": 7087000000.0,
        "Total Revenue": 19594000000.0,
        "Operating Revenue": 19347000000.0
    },
    "2024-06-30": {
        "Tax Effect Of Unusual Items": 0.0,
        "Tax Rate For Calcs": 0.224,
        "Normalized EBITDA": 7870000000.0,
        "Total Unusual Items": 0.0,
        "Total Unusual Items Excluding Goodwill": 0.0,
        "Net Income From Continuing Operation Net Minority Interest": 2925000000.0,
        "Reconciled Depreciation": 3248000000.0,
        "Reconciled Cost Of Revenue": 6752000000.0,
        "EBITDA": 7870000000.0,
        "EBIT": 4622000000.0,
        "Net Interest Income": -854000000.0,
        "Interest Expense": 854000000.0,
        "Normalized Income": 2925000000.0,
        "Net Income From Continuing And Discontinued Operation": 2925000000.0,
        "Total Expenses": 15142000000.0,
        "Total Operating Income As Reported": 4630000000.0,
        "Diluted Average Shares": 1172447353.0,
        "Basic Average Shares": 1170025862.0,
        "Diluted EPS": 2.49,
        "Basic EPS": 2.5,
        "Diluted NI Availto Com Stockholders": 2925000000.0,
        "Net Income Common Stockholders": 2925000000.0,
        "Net Income": 2925000000.0,
        "Net Income Including Noncontrolling Interests": 2925000000.0,
        "Net Income Continuous Operations": 2925000000.0,
        "Tax Provision": 843000000.0,
        "Pretax Income": 3768000000.0,
        "Other Income Expense": -8000000.0,
        "Other Non Operating Income Expenses": -8000000.0,
        "Special Income Charges": 0.0,
        "Gain On Sale Of Business": 0.0,
        "Write Off": NaN,
        "Impairment Of Capital Assets": NaN,
        "Net Non Operating Interest Income Expense": -854000000.0,
        "Interest Expense Non Operating": 854000000.0,
        "Operating Income": 4630000000.0,
        "Operating Expense": 8390000000.0,
        "Depreciation Amortization Depletion Income Statement": 3248000000.0,
        "Depreciation And Amortization In Income Statement": 3248000000.0,
        "Selling General And Administration": 5142000000.0,
        "Gross Profit": 13020000000.0,
        "Cost Of Revenue": 6752000000.0,
        "Total Revenue": 19772000000.0,
        "Operating Revenue": 19535000000.0
    },
    "2024-09-30": {
        "Tax Effect Of Unusual Items": 0.0,
        "Tax Rate For Calcs": 0.229,
        "Normalized EBITDA": 7954000000.0,
        "Total Unusual Items": 0.0,
        "Total Unusual Items Excluding Goodwill": 0.0,
        "Net Income From Continuing Operation Net Minority Interest": 3059000000.0,
        "Reconciled Depreciation": 3151000000.0,
        "Reconciled Cost Of Revenue": 7029000000.0,
        "EBITDA": 7954000000.0,
        "EBIT": 4803000000.0,
        "Net Interest Income": -836000000.0,
        "Interest Expense": 836000000.0,
        "Normalized Income": 3059000000.0,
        "Net Income From Continuing And Discontinued Operation": 3059000000.0,
        "Total Expenses": 15366000000.0,
        "Total Operating Income As Reported": 4796000000.0,
        "Diluted Average Shares": 1170649561.0,
        "Basic Average Shares": 1166961755.0,
        "Diluted EPS": 2.61,
        "Basic EPS": 2.62,
        "Diluted NI Availto Com Stockholders": 3059000000.0,
        "Net Income Common Stockholders": 3059000000.0,
        "Net Income": 3059000000.0,
        "Net Income Including Noncontrolling Interests": 3059000000.0,
        "Net Income Continuous Operations": 3059000000.0,
        "Tax Provision": 908000000.0,
        "Pretax Income": 3967000000.0,
        "Other Income Expense": 7000000.0,
        "Other Non Operating Income Expenses": 7000000.0,
        "Special Income Charges": 0.0,
        "Gain On Sale Of Business": 0.0,
        "Write Off": NaN,
        "Impairment Of Capital Assets": NaN,
        "Net Non Operating Interest Income Expense": -836000000.0,
        "Interest Expense Non Operating": 836000000.0,
        "Operating Income": 4796000000.0,
        "Operating Expense": 8337000000.0,
        "Depreciation Amortization Depletion Income Statement": 3151000000.0,
        "Depreciation And Amortization In Income Statement": 3151000000.0,
        "Selling General And Administration": 5186000000.0,
        "Gross Profit": 13133000000.0,
        "Cost Of Revenue": 7029000000.0,
        "Total Revenue": 20162000000.0,
        "Operating Revenue": 19932000000.0
    },
    "2024-12-31": {
        "Tax Effect Of Unusual Items": 0.0,
        "Tax Rate For Calcs": 0.223496,
        "Normalized EBITDA": 7829000000.0,
        "Total Unusual Items": 0.0,
        "Total Unusual Items Excluding Goodwill": 0.0,
        "Net Income From Continuing Operation Net Minority Interest": 2981000000.0,
        "Reconciled Depreciation": 3149000000.0,
        "Reconciled Cost Of Revenue": 8785000000.0,
        "EBITDA": 7829000000.0,
        "EBIT": 4680000000.0,
        "Net Interest Income": -841000000.0,
        "Interest Expense": 841000000.0,
        "Normalized Income": 2981000000.0,
        "Net Income From Continuing And Discontinued Operation": 2981000000.0,
        "Total Expenses": 17286000000.0,
        "Total Operating Income As Reported": 4586000000.0,
        "Diluted Average Shares": NaN,
        "Basic Average Shares": NaN,
        "Diluted EPS": NaN,
        "Basic EPS": NaN,
        "Diluted NI Availto Com Stockholders": 2981000000.0,
        "Net Income Common Stockholders": 2981000000.0,
        "Net Income": 2981000000.0,
        "Net Income Including Noncontrolling Interests": 2981000000.0,
        "Net Income Continuous Operations": 2981000000.0,
        "Tax Provision": 858000000.0,
        "Pretax Income": 3839000000.0,
        "Other Income Expense": 94000000.0,
        "Other Non Operating Income Expenses": 94000000.0,
        "Special Income Charges": 0.0,
        "Gain On Sale Of Business": 0.0,
        "Write Off": NaN,
        "Impairment Of Capital Assets": NaN,
        "Net Non Operating Interest Income Expense": -841000000.0,
        "Interest Expense Non Operating": 841000000.0,
        "Operating Income": 4586000000.0,
        "Operating Expense": 8501000000.0,
        "Depreciation Amortization Depletion Income Statement": 3149000000.0,
        "Depreciation And Amortization In Income Statement": 3149000000.0,
        "Selling General And Administration": 5352000000.0,
        "Gross Profit": 13087000000.0,
        "Cost Of Revenue": 8785000000.0,
        "Total Revenue": 21872000000.0,
        "Operating Revenue": 21627000000.0
    }
}