{
    "2024-03-31": {
        "Tax Effect Of Unusual Items": 0.0,
        "Tax Rate For Calcs": 0.0,
        "Normalized EBITDA": 4249101.0,
        "Total Unusual Items": -7033724.0,
        "Total Unusual Items Excluding Goodwill": -7033724.0,
        "Net Income From Continuing Operation Net Minority Interest": -9800041.0,
        "Reconciled Cost Of Revenue": 0.0,
        "EBITDA": -2784623.0,
        "EBIT": -2784623.0,
        "Net Interest Income": 18306.0,
        "Interest Income": 18306.0,
        "Normalized Income": -2766317.0,
        "Net Income From Continuing And Discontinued Operation": -9800041.0,
        "Total Expenses": 2784623.0,
        "Total Operating Income As Reported": -2784623.0,
        "Diluted Average Shares": 2141131.0,
        "Basic Average Shares": 2141131.0,
        "Diluted EPS": -5.14,
        "Basic EPS": -5.14,
        "Diluted NI Availto Com Stockholders": -11001908.0,
        "Net Income Common Stockholders": -11001908.0,
        "Preferred Stock Dividends": 1201867.0,
        "Net Income": -9800041.0,
        "Net Income Including Noncontrolling Interests": -9800041.0,
        "Net Income Continuous Operations": -9800041.0,
        "Tax Provision": 0.0,
        "Pretax Income": -9800041.0,
        "Other Income Expense": -7033724.0,
        "Other Non Operating Income Expenses": NaN,
        "Special Income Charges": 0.0,
        "Other Special Charges": NaN,
        "Earnings From Equity Interest": NaN,
        "Gain On Sale Of Security": -7033724.0,
        "Net Non Operating Interest Income Expense": 18306.0,
        "Interest Income Non Operating": 18306.0,
        "Operating Income": -2784623.0,
        "Operating Expense": 2784623.0,
        "Research And Development": 1198938.0,
        "Selling General And Administration": 1585685.0,
        "General And Administrative Expense": 1585685.0,
        "Other Gand A": 878249.0,
        "Salaries And Wages": 707436.0,
        "Gross Profit": 0.0,
        "Cost Of Revenue": 0.0,
        "Total Revenue": 0.0,
        "Operating Revenue": 0.0
    },
    "2023-12-31": {
        "Tax Effect Of Unusual Items": 0.0,
        "Tax Rate For Calcs": 0.0,
        "Normalized EBITDA": -7336914.0,
        "Total Unusual Items": 2428401.0,
        "Total Unusual Items Excluding Goodwill": 2428401.0,
        "Net Income From Continuing Operation Net Minority Interest": -2363559.0,
        "Reconciled Cost Of Revenue": 0.0,
        "EBITDA": -4908513.0,
        "EBIT": -4908513.0,
        "Net Interest Income": 115839.0,
        "Interest Income": 115839.0,
        "Normalized Income": -4791960.0,
        "Net Income From Continuing And Discontinued Operation": -2363559.0,
        "Total Expenses": 4908513.0,
        "Total Operating Income As Reported": -4908513.0,
        "Diluted Average Shares": NaN,
        "Basic Average Shares": NaN,
        "Diluted EPS": NaN,
        "Basic EPS": NaN,
        "Diluted NI Availto Com Stockholders": -4891592.0,
        "Net Income Common Stockholders": -4891592.0,
        "Preferred Stock Dividends": 2528033.0,
        "Net Income": -2363559.0,
        "Net Income Including Noncontrolling Interests": -2363559.0,
        "Net Income Continuous Operations": -2363559.0,
        "Tax Provision": 0.0,
        "Pretax Income": -2363559.0,
        "Other Income Expense": 2429115.0,
        "Other Non Operating Income Expenses": NaN,
        "Special Income Charges": 0.0,
        "Other Special Charges": 0.0,
        "Earnings From Equity Interest": NaN,
        "Gain On Sale Of Security": 2428401.0,
        "Net Non Operating Interest Income Expense": 115839.0,
        "Interest Income Non Operating": 115839.0,
        "Operating Income": -4908513.0,
        "Operating Expense": 4908513.0,
        "Research And Development": 2960599.0,
        "Selling General And Administration": 1947914.0,
        "General And Administrative Expense": 1947914.0,
        "Other Gand A": 851864.0,
        "Salaries And Wages": 1096050.0,
        "Gross Profit": 0.0,
        "Cost Of Revenue": 0.0,
        "Total Revenue": 0.0,
        "Operating Revenue": 0.0
    },
    "2023-09-30": {
        "Tax Effect Of Unusual Items": 0.0,
        "Tax Rate For Calcs": 0.0,
        "Normalized EBITDA": -11589614.0,
        "Total Unusual Items": 7747026.0,
        "Total Unusual Items Excluding Goodwill": 7747026.0,
        "Net Income From Continuing Operation Net Minority Interest": 4042994.0,
        "Reconciled Cost Of Revenue": 0.0,
        "EBITDA": -3842588.0,
        "EBIT": -3842588.0,
        "Net Interest Income": 139056.0,
        "Interest Income": 139056.0,
        "Normalized Income": -3704032.0,
        "Net Income From Continuing And Discontinued Operation": 4042994.0,
        "Total Expenses": 3842588.0,
        "Total Operating Income As Reported": -3842588.0,
        "Diluted Average Shares": 7818886.0,
        "Basic Average Shares": 1564275.0,
        "Diluted EPS": 0.37,
        "Basic EPS": 1.84,
        "Diluted NI Availto Com Stockholders": 2884943.0,
        "Net Income Common Stockholders": 2884943.0,
        "Preferred Stock Dividends": 1158051.0,
        "Net Income": 4042994.0,
        "Net Income Including Noncontrolling Interests": 4042994.0,
        "Net Income Continuous Operations": 4042994.0,
        "Tax Provision": 0.0,
        "Pretax Income": 4042994.0,
        "Other Income Expense": 7746526.0,
        "Other Non Operating Income Expenses": NaN,
        "Special Income Charges": -178198.0,
        "Other Special Charges": 178198.0,
        "Earnings From Equity Interest": -500.0,
        "Gain On Sale Of Security": 7925224.0,
        "Net Non Operating Interest Income Expense": 139056.0,
        "Interest Income Non Operating": 139056.0,
        "Operating Income": -3842588.0,
        "Operating Expense": 3842588.0,
        "Research And Development": 1912322.0,
        "Selling General And Administration": 1930266.0,
        "General And Administrative Expense": 1930266.0,
        "Other Gand A": 996742.0,
        "Salaries And Wages": 933524.0,
        "Gross Profit": 0.0,
        "Cost Of Revenue": 0.0,
        "Total Revenue": 0.0,
        "Operating Revenue": 0.0
    },
    "2023-06-30": {
        "Tax Effect Of Unusual Items": NaN,
        "Tax Rate For Calcs": NaN,
        "Normalized EBITDA": NaN,
        "Total Unusual Items": NaN,
        "Total Unusual Items Excluding Goodwill": NaN,
        "Net Income From Continuing Operation Net Minority Interest": NaN,
        "Reconciled Cost Of Revenue": NaN,
        "EBITDA": NaN,
        "EBIT": NaN,
        "Net Interest Income": NaN,
        "Interest Income": NaN,
        "Normalized Income": NaN,
        "Net Income From Continuing And Discontinued Operation": NaN,
        "Total Expenses": NaN,
        "Total Operating Income As Reported": NaN,
        "Diluted Average Shares": 1411029.0,
        "Basic Average Shares": 1411029.0,
        "Diluted EPS": -3.22,
        "Basic EPS": -3.22,
        "Diluted NI Availto Com Stockholders": NaN,
        "Net Income Common Stockholders": NaN,
        "Preferred Stock Dividends": NaN,
        "Net Income": NaN,
        "Net Income Including Noncontrolling Interests": NaN,
        "Net Income Continuous Operations": NaN,
        "Tax Provision": NaN,
        "Pretax Income": NaN,
        "Other Income Expense": NaN,
        "Other Non Operating Income Expenses": NaN,
        "Special Income Charges": 0.0,
        "Other Special Charges": NaN,
        "Earnings From Equity Interest": NaN,
        "Gain On Sale Of Security": NaN,
        "Net Non Operating Interest Income Expense": NaN,
        "Interest Income Non Operating": NaN,
        "Operating Income": NaN,
        "Operating Expense": NaN,
        "Research And Development": NaN,
        "Selling General And Administration": NaN,
        "General And Administrative Expense": NaN,
        "Other Gand A": NaN,
        "Salaries And Wages": NaN,
        "Gross Profit": NaN,
        "Cost Of Revenue": NaN,
        "Total Revenue": NaN,
        "Operating Revenue": NaN
    },
    "2023-03-31": {
        "Tax Effect Of Unusual Items": NaN,
        "Tax Rate For Calcs": NaN,
        "Normalized EBITDA": NaN,
        "Total Unusual Items": NaN,
        "Total Unusual Items Excluding Goodwill": NaN,
        "Net Income From Continuing Operation Net Minority Interest": NaN,
        "Reconciled Cost Of Revenue": NaN,
        "EBITDA": NaN,
        "EBIT": NaN,
        "Net Interest Income": NaN,
        "Interest Income": NaN,
        "Normalized Income": NaN,
        "Net Income From Continuing And Discontinued Operation": NaN,
        "Total Expenses": NaN,
        "Total Operating Income As Reported": NaN,
        "Diluted Average Shares": NaN,
        "Basic Average Shares": NaN,
        "Diluted EPS": NaN,
        "Basic EPS": NaN,
        "Diluted NI Availto Com Stockholders": NaN,
        "Net Income Common Stockholders": NaN,
        "Preferred Stock Dividends": NaN,
        "Net Income": NaN,
        "Net Income Including Noncontrolling Interests": NaN,
        "Net Income Continuous Operations": NaN,
        "Tax Provision": NaN,
        "Pretax Income": NaN,
        "Other Income Expense": NaN,
        "Other Non Operating Income Expenses": NaN,
        "Special Income Charges": NaN,
        "Other Special Charges": 762834.0,
        "Earnings From Equity Interest": NaN,
        "Gain On Sale Of Security": NaN,
        "Net Non Operating Interest Income Expense": NaN,
        "Interest Income Non Operating": NaN,
        "Operating Income": NaN,
        "Operating Expense": NaN,
        "Other Operating Expenses": 762834.0,
        "Research And Development": NaN,
        "Selling General And Administration": NaN,
        "General And Administrative Expense": NaN,
        "Other Gand A": NaN,
        "Salaries And Wages": NaN,
        "Gross Profit": NaN,
        "Cost Of Revenue": NaN,
        "Total Revenue": NaN,
        "Operating Revenue": NaN
    },
    "2022-12-31": {
        "Tax Effect Of Unusual Items": NaN,
        "Tax Rate For Calcs": NaN,
        "Normalized EBITDA": NaN,
        "Total Unusual Items": NaN,
        "Total Unusual Items Excluding Goodwill": NaN,
        "Net Income From Continuing Operation Net Minority Interest": NaN,
        "Reconciled Cost Of Revenue": NaN,
        "EBITDA": NaN,
        "EBIT": NaN,
        "Net Interest Income": NaN,
        "Interest Expense": 0.0,
        "Interest Income": NaN,
        "Normalized Income": NaN,
        "Net Income From Continuing And Discontinued Operation": NaN,
        "Total Expenses": NaN,
        "Total Operating Income As Reported": NaN,
        "Diluted Average Shares": NaN,
        "Basic Average Shares": NaN,
        "Diluted EPS": NaN,
        "Basic EPS": NaN,
        "Diluted NI Availto Com Stockholders": NaN,
        "Net Income Common Stockholders": NaN,
        "Preferred Stock Dividends": NaN,
        "Net Income": NaN,
        "Net Income Including Noncontrolling Interests": NaN,
        "Net Income Continuous Operations": NaN,
        "Tax Provision": NaN,
        "Pretax Income": NaN,
        "Other Income Expense": NaN,
        "Other Non Operating Income Expenses": NaN,
        "Special Income Charges": NaN,
        "Other Special Charges": 0.0,
        "Earnings From Equity Interest": NaN,
        "Gain On Sale Of Security": NaN,
        "Net Non Operating Interest Income Expense": NaN,
        "Interest Expense Non Operating": 0.0,
        "Interest Income Non Operating": NaN,
        "Operating Income": NaN,
        "Operating Expense": NaN,
        "Other Operating Expenses": NaN,
        "Research And Development": NaN,
        "Selling General And Administration": NaN,
        "General And Administrative Expense": NaN,
        "Other Gand A": NaN,
        "Salaries And Wages": NaN,
        "Gross Profit": NaN,
        "Cost Of Revenue": NaN,
        "Total Revenue": NaN,
        "Operating Revenue": NaN
    },
    "2024-06-30": {
        "Tax Effect Of Unusual Items": 0.0,
        "Tax Rate For Calcs": 0.0,
        "Normalized EBITDA": -2981290.0,
        "Total Unusual Items": 1120247.0,
        "Total Unusual Items Excluding Goodwill": 1120247.0,
        "Net Income From Continuing Operation Net Minority Interest": -9565648.0,
        "Reconciled Cost Of Revenue": 0.0,
        "EBITDA": -1861043.0,
        "EBIT": -1861043.0,
        "Net Interest Income": 21148.0,
        "Interest Income": 21148.0,
        "Normalized Income": -10685895.0,
        "Net Income From Continuing And Discontinued Operation": -9565648.0,
        "Total Expenses": 1861043.0,
        "Total Operating Income As Reported": -3369645.0,
        "Diluted Average Shares": 2275699.0,
        "Basic Average Shares": 2275699.0,
        "Diluted EPS": -4.54,
        "Basic EPS": -4.54,
        "Diluted NI Availto Com Stockholders": -10342988.0,
        "Net Income Common Stockholders": -10342988.0,
        "Preferred Stock Dividends": 777340.0,
        "Net Income": -9565648.0,
        "Net Income Including Noncontrolling Interests": -9565648.0,
        "Net Income Continuous Operations": -9565648.0,
        "Tax Provision": 0.0,
        "Pretax Income": -9565648.0,
        "Other Income Expense": -7725753.0,
        "Other Non Operating Income Expenses": -8846000.0,
        "Special Income Charges": NaN,
        "Other Special Charges": NaN,
        "Earnings From Equity Interest": NaN,
        "Gain On Sale Of Security": 1120247.0,
        "Net Non Operating Interest Income Expense": 21148.0,
        "Interest Income Non Operating": 21148.0,
        "Operating Income": -1861043.0,
        "Operating Expense": 1861043.0,
        "Research And Development": 401104.0,
        "Selling General And Administration": 1459939.0,
        "General And Administrative Expense": 1459939.0,
        "Other Gand A": 813115.0,
        "Salaries And Wages": 646824.0,
        "Gross Profit": 0.0,
        "Cost Of Revenue": 0.0,
        "Total Revenue": 0.0,
        "Operating Revenue": 0.0
    },
    "2024-09-30": {
        "Tax Effect Of Unusual Items": 0.0,
        "Tax Rate For Calcs": 0.0,
        "Normalized EBITDA": -1557385.0,
        "Total Unusual Items": -268254.0,
        "Total Unusual Items Excluding Goodwill": -268254.0,
        "Net Income From Continuing Operation Net Minority Interest": -1929391.0,
        "Reconciled Cost Of Revenue": 0.0,
        "EBITDA": -1825639.0,
        "EBIT": -1825639.0,
        "Net Interest Income": 163951.0,
        "Interest Income": 163951.0,
        "Normalized Income": -1661137.0,
        "Net Income From Continuing And Discontinued Operation": -1929391.0,
        "Total Expenses": 1825639.0,
        "Total Operating Income As Reported": -1825639.0,
        "Diluted Average Shares": 2415089.0,
        "Basic Average Shares": 2415089.0,
        "Diluted EPS": -1.11,
        "Basic EPS": -1.11,
        "Diluted NI Availto Com Stockholders": -2680443.0,
        "Net Income Common Stockholders": -2680443.0,
        "Preferred Stock Dividends": 751052.0,
        "Net Income": -1929391.0,
        "Net Income Including Noncontrolling Interests": -1929391.0,
        "Net Income Continuous Operations": -1929391.0,
        "Tax Provision": 0.0,
        "Pretax Income": -1929391.0,
        "Other Income Expense": -267703.0,
        "Other Non Operating Income Expenses": NaN,
        "Special Income Charges": 100000.0,
        "Other Special Charges": -100000.0,
        "Earnings From Equity Interest": 551.0,
        "Gain On Sale Of Security": -368254.0,
        "Net Non Operating Interest Income Expense": 163951.0,
        "Interest Income Non Operating": 163951.0,
        "Operating Income": -1825639.0,
        "Operating Expense": 1825639.0,
        "Research And Development": 707747.0,
        "Selling General And Administration": 1117892.0,
        "General And Administrative Expense": 1117892.0,
        "Other Gand A": 952545.0,
        "Salaries And Wages": 165347.0,
        "Gross Profit": 0.0,
        "Cost Of Revenue": 0.0,
        "Total Revenue": 0.0,
        "Operating Revenue": 0.0
    }
}