{
    "2023-03-31": {
        "Tax Effect Of Unusual Items": 0.0,
        "Tax Rate For Calcs": 0.0,
        "Normalized EBITDA": -4806000.0,
        "Total Unusual Items": 56000.0,
        "Total Unusual Items Excluding Goodwill": 56000.0,
        "Net Income From Continuing Operation Net Minority Interest": -4830000.0,
        "Reconciled Depreciation": 80000.0,
        "Reconciled Cost Of Revenue": 480000.0,
        "EBITDA": -4750000.0,
        "EBIT": -4830000.0,
        "Net Interest Income": 0.0,
        "Interest Expense": 0.0,
        "Normalized Income": -4886000.0,
        "Net Income From Continuing And Discontinued Operation": -4830000.0,
        "Total Expenses": 5319000.0,
        "Total Operating Income As Reported": -4886000.0,
        "Diluted Average Shares": 1124000.0,
        "Basic Average Shares": 1124000.0,
        "Diluted EPS": -4.3,
        "Basic EPS": -4.3,
        "Diluted NI Availto Com Stockholders": -4830000.0,
        "Net Income Common Stockholders": -4830000.0,
        "Net Income": -4830000.0,
        "Minority Interests": NaN,
        "Net Income Including Noncontrolling Interests": -4830000.0,
        "Net Income Continuous Operations": -4830000.0,
        "Pretax Income": -4830000.0,
        "Other Income Expense": 56000.0,
        "Other Non Operating Income Expenses": NaN,
        "Gain On Sale Of Security": 56000.0,
        "Net Non Operating Interest Income Expense": 0.0,
        "Interest Expense Non Operating": 0.0,
        "Operating Income": -4886000.0,
        "Operating Expense": 4839000.0,
        "Research And Development": 834000.0,
        "Selling General And Administration": 4005000.0,
        "Selling And Marketing Expense": 2026000.0,
        "General And Administrative Expense": 1979000.0,
        "Other Gand A": 1979000.0,
        "Gross Profit": -47000.0,
        "Cost Of Revenue": 480000.0,
        "Total Revenue": 433000.0,
        "Operating Revenue": 433000.0
    },
    "2022-12-31": {
        "Tax Effect Of Unusual Items": NaN,
        "Tax Rate For Calcs": NaN,
        "Normalized EBITDA": NaN,
        "Total Unusual Items": NaN,
        "Total Unusual Items Excluding Goodwill": NaN,
        "Net Income From Continuing Operation Net Minority Interest": NaN,
        "Reconciled Depreciation": NaN,
        "Reconciled Cost Of Revenue": NaN,
        "EBITDA": NaN,
        "EBIT": NaN,
        "Net Interest Income": NaN,
        "Interest Expense": NaN,
        "Normalized Income": NaN,
        "Net Income From Continuing And Discontinued Operation": NaN,
        "Total Expenses": NaN,
        "Total Operating Income As Reported": NaN,
        "Diluted Average Shares": NaN,
        "Basic Average Shares": NaN,
        "Diluted EPS": NaN,
        "Basic EPS": NaN,
        "Diluted NI Availto Com Stockholders": NaN,
        "Net Income Common Stockholders": NaN,
        "Net Income": NaN,
        "Minority Interests": 0.0,
        "Net Income Including Noncontrolling Interests": NaN,
        "Net Income Continuous Operations": NaN,
        "Pretax Income": NaN,
        "Other Income Expense": NaN,
        "Other Non Operating Income Expenses": -57000.0,
        "Gain On Sale Of Security": NaN,
        "Net Non Operating Interest Income Expense": NaN,
        "Interest Expense Non Operating": NaN,
        "Operating Income": NaN,
        "Operating Expense": NaN,
        "Research And Development": NaN,
        "Selling General And Administration": NaN,
        "Selling And Marketing Expense": NaN,
        "General And Administrative Expense": NaN,
        "Other Gand A": NaN,
        "Gross Profit": NaN,
        "Cost Of Revenue": NaN,
        "Total Revenue": NaN,
        "Operating Revenue": NaN
    },
    "2022-09-30": {
        "Tax Effect Of Unusual Items": NaN,
        "Tax Rate For Calcs": NaN,
        "Normalized EBITDA": NaN,
        "Total Unusual Items": NaN,
        "Total Unusual Items Excluding Goodwill": NaN,
        "Net Income From Continuing Operation Net Minority Interest": NaN,
        "Reconciled Depreciation": NaN,
        "Reconciled Cost Of Revenue": NaN,
        "EBITDA": NaN,
        "EBIT": NaN,
        "Net Interest Income": NaN,
        "Interest Expense": NaN,
        "Normalized Income": NaN,
        "Net Income From Continuing And Discontinued Operation": NaN,
        "Total Expenses": NaN,
        "Total Operating Income As Reported": NaN,
        "Diluted Average Shares": 1124000.0,
        "Basic Average Shares": 1124000.0,
        "Diluted EPS": -2.82,
        "Basic EPS": -2.82,
        "Diluted NI Availto Com Stockholders": NaN,
        "Net Income Common Stockholders": NaN,
        "Net Income": NaN,
        "Minority Interests": 0.0,
        "Net Income Including Noncontrolling Interests": NaN,
        "Net Income Continuous Operations": NaN,
        "Pretax Income": NaN,
        "Other Income Expense": NaN,
        "Other Non Operating Income Expenses": 19000.0,
        "Gain On Sale Of Security": NaN,
        "Net Non Operating Interest Income Expense": NaN,
        "Interest Expense Non Operating": NaN,
        "Operating Income": NaN,
        "Operating Expense": NaN,
        "Research And Development": NaN,
        "Selling General And Administration": NaN,
        "Selling And Marketing Expense": NaN,
        "General And Administrative Expense": NaN,
        "Other Gand A": NaN,
        "Gross Profit": NaN,
        "Cost Of Revenue": NaN,
        "Total Revenue": NaN,
        "Operating Revenue": NaN
    },
    "2022-06-30": {
        "Tax Effect Of Unusual Items": 0.0,
        "Tax Rate For Calcs": 0.0,
        "Normalized EBITDA": -5364000.0,
        "Total Unusual Items": 35000.0,
        "Total Unusual Items Excluding Goodwill": 35000.0,
        "Net Income From Continuing Operation Net Minority Interest": -5488000.0,
        "Reconciled Depreciation": 71000.0,
        "Reconciled Cost Of Revenue": 271000.0,
        "EBITDA": -5329000.0,
        "EBIT": -5400000.0,
        "Net Interest Income": -88000.0,
        "Interest Expense": 88000.0,
        "Normalized Income": -5523000.0,
        "Net Income From Continuing And Discontinued Operation": -5488000.0,
        "Total Expenses": 5591000.0,
        "Total Operating Income As Reported": -5456000.0,
        "Diluted Average Shares": 8422000.0,
        "Basic Average Shares": 8422000.0,
        "Diluted EPS": -0.65,
        "Basic EPS": -0.65,
        "Diluted NI Availto Com Stockholders": -5488000.0,
        "Net Income Common Stockholders": -5488000.0,
        "Net Income": -5488000.0,
        "Minority Interests": 0.0,
        "Net Income Including Noncontrolling Interests": -5488000.0,
        "Net Income Continuous Operations": -5488000.0,
        "Pretax Income": -5488000.0,
        "Other Income Expense": 56000.0,
        "Other Non Operating Income Expenses": 21000.0,
        "Gain On Sale Of Security": 35000.0,
        "Net Non Operating Interest Income Expense": -88000.0,
        "Interest Expense Non Operating": 88000.0,
        "Operating Income": -5456000.0,
        "Operating Expense": 5320000.0,
        "Research And Development": 657000.0,
        "Selling General And Administration": 4663000.0,
        "Selling And Marketing Expense": 1943000.0,
        "General And Administrative Expense": 2720000.0,
        "Other Gand A": 2720000.0,
        "Gross Profit": -136000.0,
        "Cost Of Revenue": 271000.0,
        "Total Revenue": 135000.0,
        "Operating Revenue": 135000.0
    },
    "2022-03-31": {
        "Diluted EPS": -2.38,
        "Total Revenue": 0,
        "Gross Profit": 0,
        "Operating Income": -2,
        "EBIT": -2,
        "Net Income": -2
    },
    "2021-12-31": {
        "Diluted EPS": -3.01,
        "Total Revenue": 0,
        "Gross Profit": 0,
        "Operating Income": -3,
        "EBIT": -3,
        "Net Income": -3
    },
    "2021-09-30": {
        "Diluted EPS": -2.55,
        "Total Revenue": 0,
        "Gross Profit": 0,
        "Operating Income": -2,
        "EBIT": -2,
        "Net Income": -2
    },
    "2021-06-30": {
        "Diluted EPS": -2.01,
        "Total Revenue": 0,
        "Gross Profit": 0,
        "Operating Income": -2,
        "EBIT": -2,
        "Net Income": -2
    },
    "2021-03-31": {
        "Diluted EPS": -0.24,
        "Total Revenue": 0,
        "Gross Profit": 0,
        "Operating Income": 0,
        "EBIT": 0,
        "Net Income": 0
    },
    "2020-12-31": {
        "Diluted EPS": 0.0,
        "Total Revenue": NaN,
        "Gross Profit": NaN,
        "Operating Income": NaN,
        "EBIT": NaN,
        "Net Income": NaN
    },
    "2023-06-30": {
        "Tax Effect Of Unusual Items": 0.0,
        "Tax Rate For Calcs": 0.0,
        "Normalized EBITDA": -4231000.0,
        "Total Unusual Items": 37000.0,
        "Total Unusual Items Excluding Goodwill": 37000.0,
        "Net Income From Continuing Operation Net Minority Interest": -4285000.0,
        "Reconciled Depreciation": 91000.0,
        "Reconciled Cost Of Revenue": 549000.0,
        "EBITDA": -4194000.0,
        "EBIT": -4285000.0,
        "Net Interest Income": 0.0,
        "Interest Expense": 0.0,
        "Normalized Income": -4322000.0,
        "Net Income From Continuing And Discontinued Operation": -4285000.0,
        "Total Expenses": 5065000.0,
        "Total Operating Income As Reported": -4322000.0,
        "Diluted Average Shares": 1305000.0,
        "Basic Average Shares": 1305000.0,
        "Diluted EPS": -3.28,
        "Basic EPS": -3.28,
        "Diluted NI Availto Com Stockholders": -4285000.0,
        "Net Income Common Stockholders": -4285000.0,
        "Net Income": -4285000.0,
        "Minority Interests": NaN,
        "Net Income Including Noncontrolling Interests": -4285000.0,
        "Net Income Continuous Operations": -4285000.0,
        "Pretax Income": -4285000.0,
        "Other Income Expense": 37000.0,
        "Other Non Operating Income Expenses": NaN,
        "Gain On Sale Of Security": 37000.0,
        "Net Non Operating Interest Income Expense": 0.0,
        "Interest Expense Non Operating": 0.0,
        "Operating Income": -4322000.0,
        "Operating Expense": 4516000.0,
        "Research And Development": 901000.0,
        "Selling General And Administration": 3615000.0,
        "Selling And Marketing Expense": 1883000.0,
        "General And Administrative Expense": 1732000.0,
        "Other Gand A": 1732000.0,
        "Gross Profit": 194000.0,
        "Cost Of Revenue": 549000.0,
        "Total Revenue": 743000.0,
        "Operating Revenue": 743000.0
    },
    "2023-09-30": {
        "Tax Effect Of Unusual Items": 0.0,
        "Tax Rate For Calcs": 0.0,
        "Normalized EBITDA": -3274000.0,
        "Total Unusual Items": 50000.0,
        "Total Unusual Items Excluding Goodwill": 50000.0,
        "Net Income From Continuing Operation Net Minority Interest": -3332000.0,
        "Reconciled Depreciation": 104000.0,
        "Reconciled Cost Of Revenue": 409000.0,
        "EBITDA": -3224000.0,
        "EBIT": -3328000.0,
        "Net Interest Income": -4000.0,
        "Interest Expense": 4000.0,
        "Normalized Income": -3382000.0,
        "Net Income From Continuing And Discontinued Operation": -3332000.0,
        "Total Expenses": 4322000.0,
        "Total Operating Income As Reported": -3378000.0,
        "Diluted Average Shares": 2276000.0,
        "Basic Average Shares": 2276000.0,
        "Diluted EPS": -1.46,
        "Basic EPS": -1.46,
        "Diluted NI Availto Com Stockholders": -3332000.0,
        "Net Income Common Stockholders": -3332000.0,
        "Net Income": -3332000.0,
        "Minority Interests": NaN,
        "Net Income Including Noncontrolling Interests": -3332000.0,
        "Net Income Continuous Operations": -3332000.0,
        "Pretax Income": -3332000.0,
        "Other Income Expense": 50000.0,
        "Other Non Operating Income Expenses": NaN,
        "Gain On Sale Of Security": 50000.0,
        "Net Non Operating Interest Income Expense": -4000.0,
        "Interest Expense Non Operating": 4000.0,
        "Operating Income": -3378000.0,
        "Operating Expense": 3913000.0,
        "Research And Development": 737000.0,
        "Selling General And Administration": 3176000.0,
        "Selling And Marketing Expense": 1527000.0,
        "General And Administrative Expense": 1649000.0,
        "Other Gand A": 1649000.0,
        "Gross Profit": 535000.0,
        "Cost Of Revenue": 409000.0,
        "Total Revenue": 944000.0,
        "Operating Revenue": 944000.0
    },
    "2024-03-31": {
        "Tax Effect Of Unusual Items": 0.0,
        "Tax Rate For Calcs": 0.0,
        "Normalized EBITDA": -3409000.0,
        "Total Unusual Items": 27000.0,
        "Total Unusual Items Excluding Goodwill": 27000.0,
        "Net Income From Continuing Operation Net Minority Interest": -3576000.0,
        "Reconciled Depreciation": 160000.0,
        "Reconciled Cost Of Revenue": 249000.0,
        "EBITDA": -3382000.0,
        "EBIT": -3542000.0,
        "Net Interest Income": -34000.0,
        "Interest Expense": 34000.0,
        "Normalized Income": -3603000.0,
        "Net Income From Continuing And Discontinued Operation": -3576000.0,
        "Total Expenses": 4225000.0,
        "Total Operating Income As Reported": -3506000.0,
        "Diluted Average Shares": 2853000.0,
        "Basic Average Shares": 2853000.0,
        "Diluted EPS": -1.25,
        "Basic EPS": -1.25,
        "Diluted NI Availto Com Stockholders": -3576000.0,
        "Net Income Common Stockholders": -3576000.0,
        "Net Income": -3576000.0,
        "Minority Interests": NaN,
        "Net Income Including Noncontrolling Interests": -3576000.0,
        "Net Income Continuous Operations": -3576000.0,
        "Pretax Income": -3576000.0,
        "Other Income Expense": -36000.0,
        "Other Non Operating Income Expenses": -63000.0,
        "Gain On Sale Of Security": 27000.0,
        "Net Non Operating Interest Income Expense": -34000.0,
        "Interest Expense Non Operating": 34000.0,
        "Operating Income": -3506000.0,
        "Operating Expense": 3976000.0,
        "Research And Development": 669000.0,
        "Selling General And Administration": 3307000.0,
        "Selling And Marketing Expense": 1381000.0,
        "General And Administrative Expense": 1926000.0,
        "Other Gand A": 1926000.0,
        "Gross Profit": 470000.0,
        "Cost Of Revenue": 249000.0,
        "Total Revenue": 719000.0,
        "Operating Revenue": 719000.0
    },
    "2024-06-30": {
        "Tax Effect Of Unusual Items": 0.0,
        "Tax Rate For Calcs": 0.0,
        "Normalized EBITDA": -3715000.0,
        "Total Unusual Items": 39000.0,
        "Total Unusual Items Excluding Goodwill": 39000.0,
        "Net Income From Continuing Operation Net Minority Interest": -3826000.0,
        "Reconciled Depreciation": 150000.0,
        "Reconciled Cost Of Revenue": 431000.0,
        "EBITDA": -3676000.0,
        "EBIT": -3826000.0,
        "Net Interest Income": 0.0,
        "Interest Expense": 0.0,
        "Normalized Income": -3865000.0,
        "Net Income From Continuing And Discontinued Operation": -3826000.0,
        "Total Expenses": 4773000.0,
        "Total Operating Income As Reported": -3872000.0,
        "Diluted Average Shares": 3749000.0,
        "Basic Average Shares": 3749000.0,
        "Diluted EPS": -1.02,
        "Basic EPS": -1.02,
        "Diluted NI Availto Com Stockholders": -3826000.0,
        "Net Income Common Stockholders": -3826000.0,
        "Net Income": -3826000.0,
        "Minority Interests": NaN,
        "Net Income Including Noncontrolling Interests": -3826000.0,
        "Net Income Continuous Operations": -3826000.0,
        "Pretax Income": -3826000.0,
        "Other Income Expense": 46000.0,
        "Other Non Operating Income Expenses": 7000.0,
        "Gain On Sale Of Security": 39000.0,
        "Net Non Operating Interest Income Expense": 0.0,
        "Interest Expense Non Operating": 0.0,
        "Operating Income": -3872000.0,
        "Operating Expense": 4342000.0,
        "Research And Development": 708000.0,
        "Selling General And Administration": 3634000.0,
        "Selling And Marketing Expense": 1448000.0,
        "General And Administrative Expense": 2186000.0,
        "Other Gand A": 2186000.0,
        "Gross Profit": 470000.0,
        "Cost Of Revenue": 431000.0,
        "Total Revenue": 901000.0,
        "Operating Revenue": 901000.0
    }
}