{
    "2023-12-31": {
        "Tax Effect Of Unusual Items": -195629.362653,
        "Tax Rate For Calcs": 0.012227,
        "Normalized EBITDA": -5533000.0,
        "Total Unusual Items": -16000000.0,
        "Total Unusual Items Excluding Goodwill": -16000000.0,
        "Net Income From Continuing Operation Net Minority Interest": -21635000.0,
        "Reconciled Depreciation": -4950000.0,
        "Reconciled Cost Of Revenue": 6098000.0,
        "EBITDA": -21533000.0,
        "EBIT": -21533000.0,
        "Net Interest Income": -327000.0,
        "Interest Expense": 386000.0,
        "Interest Income": 59000.0,
        "Normalized Income": -5830629.362653,
        "Net Income From Continuing And Discontinued Operation": -21635000.0,
        "Total Expenses": 15342000.0,
        "Total Operating Income As Reported": -29184000.0,
        "Diluted Average Shares": NaN,
        "Basic Average Shares": NaN,
        "Diluted EPS": NaN,
        "Basic EPS": NaN,
        "Diluted NI Availto Com Stockholders": -21635000.0,
        "Net Income Common Stockholders": -21635000.0,
        "Net Income": -21635000.0,
        "Minority Interests": 16000.0,
        "Net Income Including Noncontrolling Interests": -21651000.0,
        "Net Income Continuous Operations": -21651000.0,
        "Tax Provision": -268000.0,
        "Pretax Income": -21919000.0,
        "Other Income Expense": -15059000.0,
        "Other Non Operating Income Expenses": 941000.0,
        "Special Income Charges": -22677000.0,
        "Other Special Charges": 26000.0,
        "Impairment Of Capital Assets": 22651000.0,
        "Gain On Sale Of Security": 6677000.0,
        "Net Non Operating Interest Income Expense": -327000.0,
        "Interest Expense Non Operating": 386000.0,
        "Interest Income Non Operating": 59000.0,
        "Operating Income": -6533000.0,
        "Operating Expense": 9244000.0,
        "Selling General And Administration": 9244000.0,
        "Selling And Marketing Expense": 194000.0,
        "General And Administrative Expense": 9050000.0,
        "Other Gand A": 9050000.0,
        "Gross Profit": 2711000.0,
        "Cost Of Revenue": 6098000.0,
        "Total Revenue": 8809000.0,
        "Operating Revenue": 8809000.0
    },
    "2023-09-30": {
        "Tax Effect Of Unusual Items": 0.0,
        "Tax Rate For Calcs": 0.0,
        "Normalized EBITDA": -11048000.0,
        "Total Unusual Items": -2294000.0,
        "Total Unusual Items Excluding Goodwill": -2294000.0,
        "Net Income From Continuing Operation Net Minority Interest": -15476000.0,
        "Reconciled Depreciation": 1450000.0,
        "Reconciled Cost Of Revenue": 13475000.0,
        "EBITDA": -13342000.0,
        "EBIT": -14792000.0,
        "Net Interest Income": -625000.0,
        "Interest Expense": 720000.0,
        "Interest Income": 95000.0,
        "Normalized Income": -13182000.0,
        "Net Income From Continuing And Discontinued Operation": -15476000.0,
        "Total Expenses": 22676000.0,
        "Total Operating Income As Reported": -12604000.0,
        "Diluted Average Shares": 35088333.0,
        "Basic Average Shares": 35088333.0,
        "Diluted EPS": -0.44,
        "Basic EPS": -0.44,
        "Diluted NI Availto Com Stockholders": -15476000.0,
        "Net Income Common Stockholders": -15476000.0,
        "Net Income": -15476000.0,
        "Minority Interests": 36000.0,
        "Net Income Including Noncontrolling Interests": -15512000.0,
        "Net Income Continuous Operations": -15512000.0,
        "Tax Provision": 0.0,
        "Pretax Income": -15512000.0,
        "Other Income Expense": -2283000.0,
        "Other Non Operating Income Expenses": 11000.0,
        "Special Income Charges": -232000.0,
        "Other Special Charges": 232000.0,
        "Impairment Of Capital Assets": 0.0,
        "Gain On Sale Of Security": -2062000.0,
        "Net Non Operating Interest Income Expense": -625000.0,
        "Interest Expense Non Operating": 720000.0,
        "Interest Income Non Operating": 95000.0,
        "Operating Income": -12604000.0,
        "Operating Expense": 9201000.0,
        "Selling General And Administration": 9201000.0,
        "Selling And Marketing Expense": 522000.0,
        "General And Administrative Expense": 8679000.0,
        "Other Gand A": 8679000.0,
        "Gross Profit": -3403000.0,
        "Cost Of Revenue": 13475000.0,
        "Total Revenue": 10072000.0,
        "Operating Revenue": 10072000.0
    },
    "2023-06-30": {
        "Tax Effect Of Unusual Items": NaN,
        "Tax Rate For Calcs": NaN,
        "Normalized EBITDA": NaN,
        "Total Unusual Items": NaN,
        "Total Unusual Items Excluding Goodwill": NaN,
        "Net Income From Continuing Operation Net Minority Interest": NaN,
        "Reconciled Depreciation": NaN,
        "Reconciled Cost Of Revenue": NaN,
        "EBITDA": NaN,
        "EBIT": NaN,
        "Net Interest Income": NaN,
        "Interest Expense": NaN,
        "Interest Income": NaN,
        "Normalized Income": NaN,
        "Net Income From Continuing And Discontinued Operation": NaN,
        "Total Expenses": NaN,
        "Total Operating Income As Reported": NaN,
        "Diluted Average Shares": 32379852.0,
        "Basic Average Shares": 32379852.0,
        "Diluted EPS": -0.38,
        "Basic EPS": -0.38,
        "Diluted NI Availto Com Stockholders": NaN,
        "Net Income Common Stockholders": NaN,
        "Net Income": NaN,
        "Minority Interests": NaN,
        "Net Income Including Noncontrolling Interests": NaN,
        "Net Income Continuous Operations": NaN,
        "Tax Provision": NaN,
        "Pretax Income": NaN,
        "Other Income Expense": NaN,
        "Other Non Operating Income Expenses": NaN,
        "Special Income Charges": NaN,
        "Other Special Charges": NaN,
        "Impairment Of Capital Assets": NaN,
        "Gain On Sale Of Security": NaN,
        "Net Non Operating Interest Income Expense": NaN,
        "Interest Expense Non Operating": NaN,
        "Interest Income Non Operating": NaN,
        "Operating Income": NaN,
        "Operating Expense": NaN,
        "Selling General And Administration": NaN,
        "Selling And Marketing Expense": NaN,
        "General And Administrative Expense": NaN,
        "Other Gand A": NaN,
        "Gross Profit": NaN,
        "Cost Of Revenue": NaN,
        "Total Revenue": NaN,
        "Operating Revenue": NaN
    },
    "2023-03-31": {
        "Tax Effect Of Unusual Items": NaN,
        "Tax Rate For Calcs": NaN,
        "Normalized EBITDA": NaN,
        "Total Unusual Items": NaN,
        "Total Unusual Items Excluding Goodwill": NaN,
        "Net Income From Continuing Operation Net Minority Interest": NaN,
        "Reconciled Depreciation": NaN,
        "Reconciled Cost Of Revenue": NaN,
        "EBITDA": NaN,
        "EBIT": NaN,
        "Net Interest Income": NaN,
        "Interest Expense": NaN,
        "Interest Income": NaN,
        "Normalized Income": NaN,
        "Net Income From Continuing And Discontinued Operation": NaN,
        "Total Expenses": NaN,
        "Total Operating Income As Reported": NaN,
        "Diluted Average Shares": 31978335.0,
        "Basic Average Shares": 31978335.0,
        "Diluted EPS": -0.74,
        "Basic EPS": -0.74,
        "Diluted NI Availto Com Stockholders": NaN,
        "Net Income Common Stockholders": NaN,
        "Net Income": NaN,
        "Minority Interests": NaN,
        "Net Income Including Noncontrolling Interests": NaN,
        "Net Income Continuous Operations": NaN,
        "Tax Provision": NaN,
        "Pretax Income": NaN,
        "Other Income Expense": NaN,
        "Other Non Operating Income Expenses": NaN,
        "Special Income Charges": NaN,
        "Other Special Charges": NaN,
        "Impairment Of Capital Assets": NaN,
        "Gain On Sale Of Security": NaN,
        "Net Non Operating Interest Income Expense": NaN,
        "Interest Expense Non Operating": NaN,
        "Interest Income Non Operating": NaN,
        "Operating Income": NaN,
        "Operating Expense": NaN,
        "Selling General And Administration": NaN,
        "Selling And Marketing Expense": NaN,
        "General And Administrative Expense": NaN,
        "Other Gand A": NaN,
        "Gross Profit": NaN,
        "Cost Of Revenue": NaN,
        "Total Revenue": NaN,
        "Operating Revenue": NaN
    },
    "2024-03-31": {
        "Tax Effect Of Unusual Items": 0.0,
        "Tax Rate For Calcs": 0.0,
        "Normalized EBITDA": -4844000.0,
        "Total Unusual Items": -754000.0,
        "Total Unusual Items Excluding Goodwill": -754000.0,
        "Net Income From Continuing Operation Net Minority Interest": -7045000.0,
        "Reconciled Depreciation": 1233000.0,
        "Reconciled Cost Of Revenue": 4325000.0,
        "EBITDA": -5598000.0,
        "EBIT": -6831000.0,
        "Net Interest Income": -180000.0,
        "Interest Expense": 233000.0,
        "Interest Income": 53000.0,
        "Normalized Income": -6291000.0,
        "Net Income From Continuing And Discontinued Operation": -7045000.0,
        "Total Expenses": 12372000.0,
        "Total Operating Income As Reported": -6294000.0,
        "Diluted Average Shares": 35297746.0,
        "Basic Average Shares": 35297746.0,
        "Diluted EPS": -0.2,
        "Basic EPS": -0.2,
        "Diluted NI Availto Com Stockholders": -7045000.0,
        "Net Income Common Stockholders": -7045000.0,
        "Net Income": -7045000.0,
        "Minority Interests": 19000.0,
        "Net Income Including Noncontrolling Interests": -7064000.0,
        "Net Income Continuous Operations": -7064000.0,
        "Tax Provision": 0.0,
        "Pretax Income": -7064000.0,
        "Other Income Expense": -590000.0,
        "Other Non Operating Income Expenses": 164000.0,
        "Special Income Charges": 0.0,
        "Other Special Charges": NaN,
        "Impairment Of Capital Assets": 0.0,
        "Gain On Sale Of Security": -754000.0,
        "Net Non Operating Interest Income Expense": -180000.0,
        "Interest Expense Non Operating": 233000.0,
        "Interest Income Non Operating": 53000.0,
        "Operating Income": -6294000.0,
        "Operating Expense": 8047000.0,
        "Selling General And Administration": 8047000.0,
        "Selling And Marketing Expense": 444000.0,
        "General And Administrative Expense": 7603000.0,
        "Other Gand A": 7603000.0,
        "Gross Profit": 1753000.0,
        "Cost Of Revenue": 4325000.0,
        "Total Revenue": 6078000.0,
        "Operating Revenue": 6078000.0
    },
    "2022-12-31": {
        "Tax Effect Of Unusual Items": NaN,
        "Tax Rate For Calcs": NaN,
        "Normalized EBITDA": NaN,
        "Total Unusual Items": NaN,
        "Total Unusual Items Excluding Goodwill": NaN,
        "Net Income From Continuing Operation Net Minority Interest": NaN,
        "Reconciled Depreciation": NaN,
        "Reconciled Cost Of Revenue": NaN,
        "EBITDA": NaN,
        "EBIT": NaN,
        "Net Interest Income": NaN,
        "Interest Expense": NaN,
        "Interest Income": 256000.0,
        "Normalized Income": NaN,
        "Net Income From Continuing And Discontinued Operation": NaN,
        "Total Expenses": NaN,
        "Total Operating Income As Reported": NaN,
        "Diluted Average Shares": NaN,
        "Basic Average Shares": NaN,
        "Diluted EPS": NaN,
        "Basic EPS": NaN,
        "Diluted NI Availto Com Stockholders": NaN,
        "Net Income Common Stockholders": NaN,
        "Net Income": NaN,
        "Minority Interests": NaN,
        "Net Income Including Noncontrolling Interests": NaN,
        "Net Income Continuous Operations": NaN,
        "Tax Provision": NaN,
        "Pretax Income": NaN,
        "Other Income Expense": NaN,
        "Other Non Operating Income Expenses": NaN,
        "Special Income Charges": NaN,
        "Other Special Charges": NaN,
        "Impairment Of Capital Assets": NaN,
        "Gain On Sale Of Security": 2867000.0,
        "Net Non Operating Interest Income Expense": NaN,
        "Interest Expense Non Operating": NaN,
        "Interest Income Non Operating": 256000.0,
        "Operating Income": NaN,
        "Operating Expense": NaN,
        "Selling General And Administration": NaN,
        "Selling And Marketing Expense": NaN,
        "General And Administrative Expense": NaN,
        "Other Gand A": NaN,
        "Gross Profit": NaN,
        "Cost Of Revenue": NaN,
        "Total Revenue": NaN,
        "Operating Revenue": NaN
    },
    "2022-09-30": {
        "Tax Effect Of Unusual Items": NaN,
        "Tax Rate For Calcs": NaN,
        "Normalized EBITDA": NaN,
        "Total Unusual Items": NaN,
        "Total Unusual Items Excluding Goodwill": NaN,
        "Net Income From Continuing Operation Net Minority Interest": NaN,
        "Reconciled Depreciation": NaN,
        "Reconciled Cost Of Revenue": NaN,
        "EBITDA": NaN,
        "EBIT": NaN,
        "Net Interest Income": NaN,
        "Interest Expense": NaN,
        "Interest Income": NaN,
        "Normalized Income": NaN,
        "Net Income From Continuing And Discontinued Operation": NaN,
        "Total Expenses": NaN,
        "Total Operating Income As Reported": NaN,
        "Diluted Average Shares": 31728277.0,
        "Basic Average Shares": 31728277.0,
        "Diluted EPS": -0.35,
        "Basic EPS": -0.35,
        "Diluted NI Availto Com Stockholders": NaN,
        "Net Income Common Stockholders": NaN,
        "Net Income": NaN,
        "Minority Interests": NaN,
        "Net Income Including Noncontrolling Interests": NaN,
        "Net Income Continuous Operations": NaN,
        "Tax Provision": NaN,
        "Pretax Income": NaN,
        "Other Income Expense": NaN,
        "Other Non Operating Income Expenses": NaN,
        "Special Income Charges": NaN,
        "Other Special Charges": NaN,
        "Impairment Of Capital Assets": NaN,
        "Gain On Sale Of Security": NaN,
        "Net Non Operating Interest Income Expense": NaN,
        "Interest Expense Non Operating": NaN,
        "Interest Income Non Operating": NaN,
        "Operating Income": NaN,
        "Operating Expense": NaN,
        "Selling General And Administration": NaN,
        "Selling And Marketing Expense": NaN,
        "General And Administrative Expense": NaN,
        "Other Gand A": NaN,
        "Gross Profit": NaN,
        "Cost Of Revenue": NaN,
        "Total Revenue": NaN,
        "Operating Revenue": NaN
    },
    "2024-06-30": {
        "Tax Effect Of Unusual Items": 0.0,
        "Tax Rate For Calcs": 0.0,
        "Normalized EBITDA": -3166000.0,
        "Total Unusual Items": -1404000.0,
        "Total Unusual Items Excluding Goodwill": -1404000.0,
        "Net Income From Continuing Operation Net Minority Interest": -5873000.0,
        "Reconciled Depreciation": 1083000.0,
        "Reconciled Cost Of Revenue": 5845000.0,
        "EBITDA": -4570000.0,
        "EBIT": -5653000.0,
        "Net Interest Income": -228000.0,
        "Interest Expense": 270000.0,
        "Interest Income": 42000.0,
        "Normalized Income": -4469000.0,
        "Net Income From Continuing And Discontinued Operation": -5873000.0,
        "Total Expenses": 13045000.0,
        "Total Operating Income As Reported": -4661000.0,
        "Diluted Average Shares": 38386420.0,
        "Basic Average Shares": 38386420.0,
        "Diluted EPS": -0.15,
        "Basic EPS": -0.15,
        "Diluted NI Availto Com Stockholders": -5873000.0,
        "Net Income Common Stockholders": -5873000.0,
        "Net Income": -5873000.0,
        "Minority Interests": 50000.0,
        "Net Income Including Noncontrolling Interests": -5923000.0,
        "Net Income Continuous Operations": -5923000.0,
        "Tax Provision": 0.0,
        "Pretax Income": -5923000.0,
        "Other Income Expense": -1034000.0,
        "Other Non Operating Income Expenses": 370000.0,
        "Special Income Charges": 0.0,
        "Other Special Charges": NaN,
        "Impairment Of Capital Assets": 0.0,
        "Gain On Sale Of Security": -1404000.0,
        "Net Non Operating Interest Income Expense": -228000.0,
        "Interest Expense Non Operating": 270000.0,
        "Interest Income Non Operating": 42000.0,
        "Operating Income": -4661000.0,
        "Operating Expense": 7200000.0,
        "Selling General And Administration": 7200000.0,
        "Selling And Marketing Expense": 292000.0,
        "General And Administrative Expense": 6908000.0,
        "Other Gand A": 6908000.0,
        "Gross Profit": 2539000.0,
        "Cost Of Revenue": 5845000.0,
        "Total Revenue": 8384000.0,
        "Operating Revenue": 8384000.0
    },
    "2024-09-30": {
        "Tax Effect Of Unusual Items": 0.0,
        "Tax Rate For Calcs": 0.0,
        "Normalized EBITDA": -1267000.0,
        "Total Unusual Items": 393000.0,
        "Total Unusual Items Excluding Goodwill": 393000.0,
        "Net Income From Continuing Operation Net Minority Interest": -2057000.0,
        "Reconciled Depreciation": 1051000.0,
        "Reconciled Cost Of Revenue": 5766000.0,
        "EBITDA": -874000.0,
        "EBIT": -1925000.0,
        "Net Interest Income": -156000.0,
        "Interest Expense": 196000.0,
        "Interest Income": 40000.0,
        "Normalized Income": -2450000.0,
        "Net Income From Continuing And Discontinued Operation": -2057000.0,
        "Total Expenses": 11255000.0,
        "Total Operating Income As Reported": -2547000.0,
        "Diluted Average Shares": 39499680.0,
        "Basic Average Shares": 39499680.0,
        "Diluted EPS": -0.05,
        "Basic EPS": -0.05,
        "Diluted NI Availto Com Stockholders": -2057000.0,
        "Net Income Common Stockholders": -2057000.0,
        "Net Income": -2057000.0,
        "Minority Interests": 64000.0,
        "Net Income Including Noncontrolling Interests": -2121000.0,
        "Net Income Continuous Operations": -2121000.0,
        "Tax Provision": 0.0,
        "Pretax Income": -2121000.0,
        "Other Income Expense": 582000.0,
        "Other Non Operating Income Expenses": 189000.0,
        "Special Income Charges": 0.0,
        "Other Special Charges": NaN,
        "Impairment Of Capital Assets": 0.0,
        "Gain On Sale Of Security": 393000.0,
        "Net Non Operating Interest Income Expense": -156000.0,
        "Interest Expense Non Operating": 196000.0,
        "Interest Income Non Operating": 40000.0,
        "Operating Income": -2547000.0,
        "Operating Expense": 5489000.0,
        "Selling General And Administration": 5489000.0,
        "Selling And Marketing Expense": 290000.0,
        "General And Administrative Expense": 5199000.0,
        "Other Gand A": 5199000.0,
        "Gross Profit": 2942000.0,
        "Cost Of Revenue": 5766000.0,
        "Total Revenue": 8708000.0,
        "Operating Revenue": 8708000.0
    }
}