{
    "2023-03-31": {
        "Tax Effect Of Unusual Items": NaN,
        "Tax Rate For Calcs": NaN,
        "Normalized EBITDA": NaN,
        "Total Unusual Items": NaN,
        "Total Unusual Items Excluding Goodwill": NaN,
        "Net Income From Continuing Operation Net Minority Interest": NaN,
        "Reconciled Depreciation": NaN,
        "Reconciled Cost Of Revenue": NaN,
        "EBITDA": NaN,
        "EBIT": NaN,
        "Net Interest Income": NaN,
        "Interest Expense": NaN,
        "Interest Income": NaN,
        "Normalized Income": NaN,
        "Net Income From Continuing And Discontinued Operation": NaN,
        "Total Expenses": NaN,
        "Total Operating Income As Reported": NaN,
        "Diluted Average Shares": NaN,
        "Basic Average Shares": NaN,
        "Diluted EPS": NaN,
        "Basic EPS": NaN,
        "Diluted NI Availto Com Stockholders": NaN,
        "Average Dilution Earnings": 297477.0,
        "Net Income Common Stockholders": NaN,
        "Otherunder Preferred Stock Dividend": 0.0,
        "Preferred Stock Dividends": NaN,
        "Net Income": NaN,
        "Net Income Including Noncontrolling Interests": NaN,
        "Net Income Discontinuous Operations": NaN,
        "Net Income Continuous Operations": NaN,
        "Tax Provision": NaN,
        "Pretax Income": NaN,
        "Other Income Expense": NaN,
        "Other Non Operating Income Expenses": NaN,
        "Special Income Charges": NaN,
        "Gain On Sale Of Ppe": NaN,
        "Gain On Sale Of Security": NaN,
        "Net Non Operating Interest Income Expense": NaN,
        "Total Other Finance Cost": NaN,
        "Interest Expense Non Operating": NaN,
        "Interest Income Non Operating": NaN,
        "Operating Income": NaN,
        "Operating Expense": NaN,
        "Other Operating Expenses": 10000.0,
        "Provision For Doubtful Accounts": NaN,
        "Selling General And Administration": NaN,
        "General And Administrative Expense": NaN,
        "Other Gand A": NaN,
        "Gross Profit": NaN,
        "Cost Of Revenue": NaN,
        "Total Revenue": NaN,
        "Operating Revenue": NaN
    },
    "2022-12-31": {
        "Tax Effect Of Unusual Items": NaN,
        "Tax Rate For Calcs": NaN,
        "Normalized EBITDA": NaN,
        "Total Unusual Items": NaN,
        "Total Unusual Items Excluding Goodwill": NaN,
        "Net Income From Continuing Operation Net Minority Interest": NaN,
        "Reconciled Depreciation": NaN,
        "Reconciled Cost Of Revenue": NaN,
        "EBITDA": NaN,
        "EBIT": NaN,
        "Net Interest Income": NaN,
        "Interest Expense": 232369.0,
        "Interest Income": 176067.0,
        "Normalized Income": NaN,
        "Net Income From Continuing And Discontinued Operation": NaN,
        "Total Expenses": NaN,
        "Total Operating Income As Reported": NaN,
        "Diluted Average Shares": NaN,
        "Basic Average Shares": NaN,
        "Diluted EPS": NaN,
        "Basic EPS": NaN,
        "Diluted NI Availto Com Stockholders": NaN,
        "Average Dilution Earnings": NaN,
        "Net Income Common Stockholders": NaN,
        "Otherunder Preferred Stock Dividend": NaN,
        "Preferred Stock Dividends": NaN,
        "Net Income": NaN,
        "Net Income Including Noncontrolling Interests": NaN,
        "Net Income Continuous Operations": NaN,
        "Tax Provision": NaN,
        "Pretax Income": NaN,
        "Other Income Expense": NaN,
        "Special Income Charges": NaN,
        "Gain On Sale Of Ppe": NaN,
        "Gain On Sale Of Security": NaN,
        "Net Non Operating Interest Income Expense": NaN,
        "Total Other Finance Cost": NaN,
        "Interest Expense Non Operating": 232369.0,
        "Interest Income Non Operating": 176067.0,
        "Operating Income": NaN,
        "Operating Expense": NaN,
        "Other Operating Expenses": NaN,
        "Provision For Doubtful Accounts": NaN,
        "Selling General And Administration": NaN,
        "General And Administrative Expense": NaN,
        "Other Gand A": NaN,
        "Gross Profit": NaN,
        "Cost Of Revenue": NaN,
        "Total Revenue": NaN,
        "Operating Revenue": NaN
    },
    "2022-03-31": {
        "Diluted EPS": 0.02,
        "Total Revenue": 17,
        "Gross Profit": 4,
        "Operating Income": 2,
        "EBIT": 3,
        "Net Income": 1
    },
    "2023-06-30": {
        "Tax Effect Of Unusual Items": NaN,
        "Tax Rate For Calcs": NaN,
        "Normalized EBITDA": NaN,
        "Total Unusual Items": NaN,
        "Total Unusual Items Excluding Goodwill": NaN,
        "Net Income From Continuing Operation Net Minority Interest": NaN,
        "Reconciled Depreciation": NaN,
        "Reconciled Cost Of Revenue": NaN,
        "EBITDA": NaN,
        "EBIT": NaN,
        "Net Interest Income": NaN,
        "Interest Expense": NaN,
        "Interest Income": NaN,
        "Normalized Income": NaN,
        "Net Income From Continuing And Discontinued Operation": NaN,
        "Total Expenses": NaN,
        "Total Operating Income As Reported": NaN,
        "Diluted Average Shares": 59025087.0,
        "Basic Average Shares": 16279690.0,
        "Diluted EPS": 0.94,
        "Basic EPS": 3.34,
        "Diluted NI Availto Com Stockholders": NaN,
        "Average Dilution Earnings": NaN,
        "Net Income Common Stockholders": NaN,
        "Otherunder Preferred Stock Dividend": NaN,
        "Preferred Stock Dividends": NaN,
        "Net Income": NaN,
        "Net Income Including Noncontrolling Interests": NaN,
        "Net Income Discontinuous Operations": NaN,
        "Net Income Continuous Operations": NaN,
        "Tax Provision": NaN,
        "Pretax Income": NaN,
        "Other Income Expense": NaN,
        "Other Non Operating Income Expenses": NaN,
        "Special Income Charges": 40548776.0,
        "Gain On Sale Of Ppe": 40548776.0,
        "Gain On Sale Of Security": NaN,
        "Net Non Operating Interest Income Expense": NaN,
        "Total Other Finance Cost": 107054.0,
        "Interest Expense Non Operating": NaN,
        "Interest Income Non Operating": NaN,
        "Operating Income": NaN,
        "Operating Expense": NaN,
        "Other Operating Expenses": 11352.0,
        "Provision For Doubtful Accounts": NaN,
        "Selling General And Administration": NaN,
        "General And Administrative Expense": NaN,
        "Other Gand A": NaN,
        "Gross Profit": NaN,
        "Cost Of Revenue": NaN,
        "Total Revenue": NaN,
        "Operating Revenue": NaN
    },
    "2022-09-30": {
        "Tax Effect Of Unusual Items": NaN,
        "Tax Rate For Calcs": NaN,
        "Normalized EBITDA": NaN,
        "Total Unusual Items": NaN,
        "Total Unusual Items Excluding Goodwill": NaN,
        "Net Income From Continuing Operation Net Minority Interest": NaN,
        "Reconciled Depreciation": NaN,
        "Reconciled Cost Of Revenue": NaN,
        "EBITDA": NaN,
        "EBIT": NaN,
        "Net Interest Income": NaN,
        "Interest Expense": NaN,
        "Interest Income": NaN,
        "Normalized Income": NaN,
        "Net Income From Continuing And Discontinued Operation": NaN,
        "Total Expenses": NaN,
        "Total Operating Income As Reported": NaN,
        "Diluted Average Shares": NaN,
        "Basic Average Shares": NaN,
        "Diluted EPS": NaN,
        "Basic EPS": NaN,
        "Diluted NI Availto Com Stockholders": NaN,
        "Average Dilution Earnings": NaN,
        "Net Income Common Stockholders": NaN,
        "Otherunder Preferred Stock Dividend": NaN,
        "Preferred Stock Dividends": NaN,
        "Net Income": NaN,
        "Net Income Including Noncontrolling Interests": NaN,
        "Net Income Continuous Operations": NaN,
        "Tax Provision": NaN,
        "Pretax Income": NaN,
        "Other Income Expense": NaN,
        "Special Income Charges": NaN,
        "Gain On Sale Of Ppe": NaN,
        "Gain On Sale Of Security": NaN,
        "Net Non Operating Interest Income Expense": NaN,
        "Total Other Finance Cost": NaN,
        "Interest Expense Non Operating": NaN,
        "Interest Income Non Operating": NaN,
        "Operating Income": NaN,
        "Operating Expense": NaN,
        "Other Operating Expenses": -4478.0,
        "Provision For Doubtful Accounts": NaN,
        "Selling General And Administration": NaN,
        "General And Administrative Expense": NaN,
        "Other Gand A": NaN,
        "Gross Profit": NaN,
        "Cost Of Revenue": NaN,
        "Total Revenue": NaN,
        "Operating Revenue": NaN
    },
    "2022-06-30": {
        "Tax Effect Of Unusual Items": 0.0,
        "Tax Rate For Calcs": 0.001821,
        "Normalized EBITDA": 78535501.0,
        "Total Unusual Items": NaN,
        "Total Unusual Items Excluding Goodwill": NaN,
        "Net Income From Continuing Operation Net Minority Interest": 76107856.0,
        "Reconciled Depreciation": 1976687.0,
        "Reconciled Cost Of Revenue": 2900068.0,
        "EBITDA": 78535501.0,
        "EBIT": 76558814.0,
        "Net Interest Income": 725561.0,
        "Interest Expense": 312094.0,
        "Interest Income": NaN,
        "Normalized Income": 76107856.0,
        "Net Income From Continuing And Discontinued Operation": 76107856.0,
        "Total Expenses": 4188500.0,
        "Total Operating Income As Reported": 75542533.0,
        "Diluted Average Shares": 9461009.0,
        "Basic Average Shares": 9461009.0,
        "Diluted EPS": 7.898281,
        "Basic EPS": 7.898281,
        "Diluted NI Availto Com Stockholders": 74725711.0,
        "Net Income Common Stockholders": 74725711.0,
        "Preferred Stock Dividends": NaN,
        "Net Income": 76107856.0,
        "Net Income Including Noncontrolling Interests": 76107856.0,
        "Net Income Continuous Operations": 76107856.0,
        "Tax Provision": 138864.0,
        "Pretax Income": 76246720.0,
        "Other Income Expense": NaN,
        "Special Income Charges": NaN,
        "Gain On Sale Of Ppe": NaN,
        "Gain On Sale Of Security": NaN,
        "Net Non Operating Interest Income Expense": 725561.0,
        "Total Other Finance Cost": NaN,
        "Interest Expense Non Operating": 312094.0,
        "Interest Income Non Operating": NaN,
        "Operating Income": 34993735.0,
        "Operating Expense": 1288432.0,
        "Other Operating Expenses": NaN,
        "Provision For Doubtful Accounts": -266732.0,
        "Selling General And Administration": 1555142.0,
        "General And Administrative Expense": 1555142.0,
        "Other Gand A": 1555142.0,
        "Gross Profit": 36282167.0,
        "Cost Of Revenue": 2900068.0,
        "Total Revenue": 39182235.0,
        "Operating Revenue": 39182235.0
    },
    "2023-09-30": {
        "Tax Effect Of Unusual Items": 25425.592823,
        "Tax Rate For Calcs": 0.066569,
        "Normalized EBITDA": -1432063.0,
        "Total Unusual Items": 381944.0,
        "Total Unusual Items Excluding Goodwill": 381944.0,
        "Net Income From Continuing Operation Net Minority Interest": 216416.0,
        "Reconciled Depreciation": -1590448.0,
        "Reconciled Cost Of Revenue": 5743497.0,
        "EBITDA": -1050119.0,
        "EBIT": -1050119.0,
        "Net Interest Income": 903634.0,
        "Interest Expense": 329110.0,
        "Interest Income": 2735640.0,
        "Normalized Income": -140102.407177,
        "Net Income From Continuing And Discontinued Operation": 35069358.0,
        "Total Expenses": 7552610.0,
        "Total Operating Income As Reported": -1050119.0,
        "Diluted Average Shares": 17961009.0,
        "Basic Average Shares": 17961009.0,
        "Diluted EPS": 1.89,
        "Basic EPS": 1.89,
        "Diluted NI Availto Com Stockholders": 33965943.0,
        "Average Dilution Earnings": NaN,
        "Net Income Common Stockholders": 33965943.0,
        "Otherunder Preferred Stock Dividend": NaN,
        "Preferred Stock Dividends": 1103415.0,
        "Net Income": 35069358.0,
        "Net Income Including Noncontrolling Interests": 35069358.0,
        "Net Income Discontinuous Operations": 34852942.0,
        "Net Income Continuous Operations": 216416.0,
        "Tax Provision": 15434.0,
        "Pretax Income": 231850.0,
        "Other Income Expense": 378335.0,
        "Other Non Operating Income Expenses": -3609.0,
        "Special Income Charges": 33721271.0,
        "Gain On Sale Of Ppe": 33721271.0,
        "Gain On Sale Of Security": 381944.0,
        "Net Non Operating Interest Income Expense": 903634.0,
        "Total Other Finance Cost": -903634.0,
        "Interest Expense Non Operating": 329110.0,
        "Interest Income Non Operating": 2735640.0,
        "Operating Income": -1050119.0,
        "Operating Expense": 1809113.0,
        "Other Operating Expenses": 573528.0,
        "Provision For Doubtful Accounts": 0.0,
        "Selling General And Administration": 1235585.0,
        "General And Administrative Expense": 1235585.0,
        "Other Gand A": 1235585.0,
        "Gross Profit": 758994.0,
        "Cost Of Revenue": 5743497.0,
        "Total Revenue": 6502491.0,
        "Operating Revenue": 6502491.0
    },
    "2023-12-31": {
        "Tax Effect Of Unusual Items": 23688.21299,
        "Tax Rate For Calcs": 0.000934,
        "Normalized EBITDA": 81566224.0,
        "Total Unusual Items": 25372041.0,
        "Total Unusual Items Excluding Goodwill": 25372041.0,
        "Net Income From Continuing Operation Net Minority Interest": 28226648.0,
        "Reconciled Depreciation": 1380296.0,
        "Reconciled Cost Of Revenue": 7974319.0,
        "EBITDA": 106938265.0,
        "EBIT": 105557969.0,
        "Net Interest Income": 1192555.0,
        "Interest Expense": 118026.0,
        "Interest Income": 1335501.0,
        "Normalized Income": 2878295.21299,
        "Net Income From Continuing And Discontinued Operation": 28226648.0,
        "Total Expenses": 10235354.0,
        "Total Operating Income As Reported": 26421190.0,
        "Diluted Average Shares": 49026754.0,
        "Basic Average Shares": 17951267.0,
        "Diluted EPS": 0.56,
        "Basic EPS": 1.41,
        "Diluted NI Availto Com Stockholders": 29785567.0,
        "Average Dilution Earnings": NaN,
        "Net Income Common Stockholders": 24310991.0,
        "Otherunder Preferred Stock Dividend": NaN,
        "Preferred Stock Dividends": 1110382.0,
        "Net Income": 28226648.0,
        "Net Income Including Noncontrolling Interests": 28226648.0,
        "Net Income Discontinuous Operations": NaN,
        "Net Income Continuous Operations": 28226648.0,
        "Tax Provision": 26378.0,
        "Pretax Income": 28253026.0,
        "Other Income Expense": 25372041.0,
        "Other Non Operating Income Expenses": NaN,
        "Special Income Charges": 24756645.0,
        "Gain On Sale Of Ppe": 24756645.0,
        "Gain On Sale Of Security": 615396.0,
        "Net Non Operating Interest Income Expense": 1192555.0,
        "Total Other Finance Cost": 2142791.0,
        "Interest Expense Non Operating": 118026.0,
        "Interest Income Non Operating": 1335501.0,
        "Operating Income": 1688430.0,
        "Operating Expense": 2261035.0,
        "Other Operating Expenses": NaN,
        "Provision For Doubtful Accounts": 0.0,
        "Selling General And Administration": 2284920.0,
        "General And Administrative Expense": 2284920.0,
        "Other Gand A": 2284920.0,
        "Gross Profit": 3949465.0,
        "Cost Of Revenue": 7974319.0,
        "Total Revenue": 11923784.0,
        "Operating Revenue": 11923784.0
    },
    "2024-03-31": {
        "Tax Effect Of Unusual Items": 20508.927693,
        "Tax Rate For Calcs": 0.001016,
        "Normalized EBITDA": 3179051.0,
        "Total Unusual Items": 20192461.0,
        "Total Unusual Items Excluding Goodwill": 20192461.0,
        "Net Income From Continuing Operation Net Minority Interest": 22127359.0,
        "Reconciled Depreciation": 1191615.0,
        "Reconciled Cost Of Revenue": 4742133.0,
        "EBITDA": 23371512.0,
        "EBIT": 22179897.0,
        "Net Interest Income": 1976642.0,
        "Interest Expense": 30041.0,
        "Interest Income": 2067006.0,
        "Normalized Income": 1955406.927693,
        "Net Income From Continuing And Discontinued Operation": 22127359.0,
        "Total Expenses": 7025076.0,
        "Total Operating Income As Reported": 19540185.0,
        "Diluted Average Shares": 17701470.0,
        "Basic Average Shares": 17701470.0,
        "Diluted EPS": 1.11,
        "Basic EPS": 1.11,
        "Diluted NI Availto Com Stockholders": 21526548.0,
        "Average Dilution Earnings": 1877916.0,
        "Net Income Common Stockholders": 19648632.0,
        "Otherunder Preferred Stock Dividend": 1373460.0,
        "Preferred Stock Dividends": 1105267.0,
        "Net Income": 22127359.0,
        "Net Income Including Noncontrolling Interests": 22127359.0,
        "Net Income Discontinuous Operations": NaN,
        "Net Income Continuous Operations": 22127359.0,
        "Tax Provision": 22497.0,
        "Pretax Income": 22149856.0,
        "Other Income Expense": 20192461.0,
        "Other Non Operating Income Expenses": NaN,
        "Special Income Charges": 19559432.0,
        "Gain On Sale Of Ppe": 19559432.0,
        "Gain On Sale Of Security": 633029.0,
        "Net Non Operating Interest Income Expense": 1976642.0,
        "Total Other Finance Cost": 60323.0,
        "Interest Expense Non Operating": 30041.0,
        "Interest Income Non Operating": 2067006.0,
        "Operating Income": -19247.0,
        "Operating Expense": 2282943.0,
        "Other Operating Expenses": -1085.0,
        "Provision For Doubtful Accounts": 25369.0,
        "Selling General And Administration": 2257574.0,
        "General And Administrative Expense": 2257574.0,
        "Other Gand A": 2257574.0,
        "Gross Profit": 2263696.0,
        "Cost Of Revenue": 4742133.0,
        "Total Revenue": 7005829.0,
        "Operating Revenue": 7005829.0
    },
    "2024-06-30": {
        "Tax Effect Of Unusual Items": 0.0,
        "Tax Rate For Calcs": 0.0,
        "Normalized EBITDA": -1042677.0,
        "Total Unusual Items": 631945.0,
        "Total Unusual Items Excluding Goodwill": 631945.0,
        "Net Income From Continuing Operation Net Minority Interest": 1126769.0,
        "Reconciled Depreciation": 1163016.0,
        "Reconciled Cost Of Revenue": 4592674.0,
        "EBITDA": -410732.0,
        "EBIT": -1573748.0,
        "Net Interest Income": 2068572.0,
        "Interest Expense": 0.0,
        "Interest Income": 2068572.0,
        "Normalized Income": 494824.0,
        "Net Income From Continuing And Discontinued Operation": 1126769.0,
        "Total Expenses": 7046343.0,
        "Total Operating Income As Reported": -1560681.0,
        "Diluted Average Shares": 17094130.0,
        "Basic Average Shares": 17094130.0,
        "Diluted EPS": 0.001,
        "Basic EPS": 0.001,
        "Diluted NI Availto Com Stockholders": 14558.0,
        "Average Dilution Earnings": NaN,
        "Net Income Common Stockholders": 14558.0,
        "Otherunder Preferred Stock Dividend": NaN,
        "Preferred Stock Dividends": 1112211.0,
        "Net Income": 1126769.0,
        "Net Income Including Noncontrolling Interests": 1126769.0,
        "Net Income Discontinuous Operations": NaN,
        "Net Income Continuous Operations": 1126769.0,
        "Tax Provision": 0.0,
        "Pretax Income": 1126769.0,
        "Other Income Expense": 631945.0,
        "Other Non Operating Income Expenses": NaN,
        "Special Income Charges": 0.0,
        "Gain On Sale Of Ppe": 0.0,
        "Gain On Sale Of Security": 631945.0,
        "Net Non Operating Interest Income Expense": 2068572.0,
        "Total Other Finance Cost": 192740.0,
        "Interest Expense Non Operating": 0.0,
        "Interest Income Non Operating": 2068572.0,
        "Operating Income": -1573748.0,
        "Operating Expense": 2453669.0,
        "Other Operating Expenses": 13067.0,
        "Provision For Doubtful Accounts": 0.0,
        "Selling General And Administration": 2440602.0,
        "General And Administrative Expense": 2440602.0,
        "Other Gand A": 2440602.0,
        "Gross Profit": 879921.0,
        "Cost Of Revenue": 4592674.0,
        "Total Revenue": 5472595.0,
        "Operating Revenue": 5472595.0
    },
    "2024-09-30": {
        "Tax Effect Of Unusual Items": -22665.447983,
        "Tax Rate For Calcs": 0.001199,
        "Normalized EBITDA": 1555100.0,
        "Total Unusual Items": -18903035.0,
        "Total Unusual Items Excluding Goodwill": -18903035.0,
        "Net Income From Continuing Operation Net Minority Interest": -18740052.0,
        "Reconciled Depreciation": 1237154.0,
        "Reconciled Cost Of Revenue": 2395742.0,
        "EBITDA": -17347935.0,
        "EBIT": -18585089.0,
        "Net Interest Income": 2384232.0,
        "Interest Expense": 177460.0,
        "Interest Income": 2308629.0,
        "Normalized Income": 140317.552017,
        "Net Income From Continuing And Discontinued Operation": 975349.0,
        "Total Expenses": 6930803.0,
        "Total Operating Income As Reported": -21803178.0,
        "Diluted Average Shares": NaN,
        "Basic Average Shares": NaN,
        "Diluted EPS": NaN,
        "Basic EPS": NaN,
        "Diluted NI Availto Com Stockholders": -1897217.0,
        "Average Dilution Earnings": NaN,
        "Net Income Common Stockholders": -1897217.0,
        "Otherunder Preferred Stock Dividend": NaN,
        "Preferred Stock Dividends": 1131518.0,
        "Net Income": 975349.0,
        "Net Income Including Noncontrolling Interests": 975349.0,
        "Net Income Discontinuous Operations": NaN,
        "Net Income Continuous Operations": -18740052.0,
        "Tax Provision": -22497.0,
        "Pretax Income": -18762549.0,
        "Other Income Expense": -18903035.0,
        "Other Non Operating Income Expenses": NaN,
        "Special Income Charges": NaN,
        "Gain On Sale Of Ppe": NaN,
        "Gain On Sale Of Security": 656397.0,
        "Net Non Operating Interest Income Expense": 2384232.0,
        "Total Other Finance Cost": NaN,
        "Interest Expense Non Operating": 177460.0,
        "Interest Income Non Operating": 2308629.0,
        "Operating Income": -2243746.0,
        "Operating Expense": 4535061.0,
        "Other Operating Expenses": NaN,
        "Provision For Doubtful Accounts": 0.0,
        "Selling General And Administration": 3096911.0,
        "General And Administrative Expense": 3096911.0,
        "Other Gand A": 3096911.0,
        "Gross Profit": 2291315.0,
        "Cost Of Revenue": 2395742.0,
        "Total Revenue": 4687057.0,
        "Operating Revenue": 4687057.0
    }
}