{
    "2023-03-31": {
        "Tax Effect Of Unusual Items": 0.0,
        "Tax Rate For Calcs": 0.0,
        "Normalized EBITDA": -7167000.0,
        "Net Income From Continuing Operation Net Minority Interest": -7636000.0,
        "Reconciled Depreciation": 125000.0,
        "EBITDA": -7167000.0,
        "EBIT": -7292000.0,
        "Net Interest Income": -55000.0,
        "Interest Expense": 344000.0,
        "Interest Income": 289000.0,
        "Normalized Income": -7636000.0,
        "Net Income From Continuing And Discontinued Operation": -7636000.0,
        "Total Expenses": 7581000.0,
        "Total Operating Income As Reported": -7581000.0,
        "Diluted Average Shares": 13763173.0,
        "Basic Average Shares": 13763173.0,
        "Diluted EPS": -0.55,
        "Basic EPS": -0.55,
        "Diluted NI Availto Com Stockholders": -7636000.0,
        "Net Income Common Stockholders": -7636000.0,
        "Net Income": -7636000.0,
        "Net Income Including Noncontrolling Interests": -7636000.0,
        "Net Income Continuous Operations": -7636000.0,
        "Tax Provision": 0.0,
        "Pretax Income": -7636000.0,
        "Other Income Expense": NaN,
        "Other Non Operating Income Expenses": NaN,
        "Net Non Operating Interest Income Expense": -55000.0,
        "Interest Expense Non Operating": 344000.0,
        "Interest Income Non Operating": 289000.0,
        "Operating Income": -7581000.0,
        "Operating Expense": 7581000.0,
        "Research And Development": 4678000.0,
        "Selling General And Administration": 2903000.0,
        "General And Administrative Expense": 2903000.0,
        "Other Gand A": 2903000.0,
        "Total Revenue": 0.0,
        "Operating Revenue": 0.0
    },
    "2022-12-31": {
        "Tax Effect Of Unusual Items": NaN,
        "Tax Rate For Calcs": NaN,
        "Normalized EBITDA": NaN,
        "Net Income From Continuing Operation Net Minority Interest": NaN,
        "Reconciled Depreciation": NaN,
        "EBITDA": NaN,
        "EBIT": NaN,
        "Net Interest Income": NaN,
        "Interest Expense": NaN,
        "Interest Income": 326000.0,
        "Normalized Income": NaN,
        "Net Income From Continuing And Discontinued Operation": NaN,
        "Total Expenses": NaN,
        "Total Operating Income As Reported": NaN,
        "Diluted Average Shares": NaN,
        "Basic Average Shares": NaN,
        "Diluted EPS": NaN,
        "Basic EPS": NaN,
        "Diluted NI Availto Com Stockholders": NaN,
        "Net Income Common Stockholders": NaN,
        "Net Income": NaN,
        "Net Income Including Noncontrolling Interests": NaN,
        "Net Income Continuous Operations": NaN,
        "Tax Provision": NaN,
        "Pretax Income": NaN,
        "Other Income Expense": NaN,
        "Other Non Operating Income Expenses": NaN,
        "Net Non Operating Interest Income Expense": NaN,
        "Interest Expense Non Operating": NaN,
        "Interest Income Non Operating": 326000.0,
        "Operating Income": NaN,
        "Operating Expense": NaN,
        "Research And Development": NaN,
        "Selling General And Administration": NaN,
        "General And Administrative Expense": NaN,
        "Other Gand A": NaN,
        "Total Revenue": NaN,
        "Operating Revenue": NaN
    },
    "2022-09-30": {
        "Tax Effect Of Unusual Items": NaN,
        "Tax Rate For Calcs": NaN,
        "Normalized EBITDA": NaN,
        "Net Income From Continuing Operation Net Minority Interest": NaN,
        "Reconciled Depreciation": NaN,
        "EBITDA": NaN,
        "EBIT": NaN,
        "Net Interest Income": NaN,
        "Interest Expense": NaN,
        "Interest Income": 213000.0,
        "Normalized Income": NaN,
        "Net Income From Continuing And Discontinued Operation": NaN,
        "Total Expenses": NaN,
        "Total Operating Income As Reported": NaN,
        "Diluted Average Shares": 13635927.0,
        "Basic Average Shares": 13635927.0,
        "Diluted EPS": -0.66,
        "Basic EPS": -0.66,
        "Diluted NI Availto Com Stockholders": NaN,
        "Net Income Common Stockholders": NaN,
        "Net Income": NaN,
        "Net Income Including Noncontrolling Interests": NaN,
        "Net Income Continuous Operations": NaN,
        "Tax Provision": NaN,
        "Pretax Income": NaN,
        "Other Income Expense": 213000.0,
        "Other Non Operating Income Expenses": 213000.0,
        "Net Non Operating Interest Income Expense": NaN,
        "Interest Expense Non Operating": NaN,
        "Interest Income Non Operating": 213000.0,
        "Operating Income": NaN,
        "Operating Expense": NaN,
        "Research And Development": NaN,
        "Selling General And Administration": NaN,
        "General And Administrative Expense": NaN,
        "Other Gand A": NaN,
        "Total Revenue": NaN,
        "Operating Revenue": NaN
    },
    "2022-06-30": {
        "Tax Effect Of Unusual Items": 0.0,
        "Tax Rate For Calcs": 0.0,
        "Normalized EBITDA": -8592000.0,
        "Net Income From Continuing Operation Net Minority Interest": -9168000.0,
        "Reconciled Depreciation": 112000.0,
        "EBITDA": -8592000.0,
        "EBIT": -8704000.0,
        "Net Interest Income": -394000.0,
        "Interest Expense": 464000.0,
        "Interest Income": 70000.0,
        "Normalized Income": -9168000.0,
        "Net Income From Continuing And Discontinued Operation": -9168000.0,
        "Total Expenses": 8774000.0,
        "Total Operating Income As Reported": -8774000.0,
        "Diluted Average Shares": 11573432.0,
        "Basic Average Shares": 11573432.0,
        "Diluted EPS": -0.79,
        "Basic EPS": -0.79,
        "Diluted NI Availto Com Stockholders": -9168000.0,
        "Net Income Common Stockholders": -9168000.0,
        "Net Income": -9168000.0,
        "Net Income Including Noncontrolling Interests": -9168000.0,
        "Net Income Continuous Operations": -9168000.0,
        "Tax Provision": 0.0,
        "Pretax Income": -9168000.0,
        "Net Non Operating Interest Income Expense": -394000.0,
        "Interest Expense Non Operating": 464000.0,
        "Interest Income Non Operating": 70000.0,
        "Operating Income": -8774000.0,
        "Operating Expense": 8774000.0,
        "Research And Development": 5651000.0,
        "Selling General And Administration": 3123000.0,
        "General And Administrative Expense": 3123000.0,
        "Other Gand A": 3123000.0,
        "Total Revenue": 0.0,
        "Operating Revenue": 0.0
    },
    "2022-03-31": {
        "Diluted EPS": -1.18,
        "Total Revenue": NaN,
        "Gross Profit": NaN,
        "Operating Income": -8,
        "EBIT": -8,
        "Net Income": -8
    },
    "2021-12-31": {
        "Diluted EPS": 11.92,
        "Total Revenue": NaN,
        "Gross Profit": NaN,
        "Operating Income": -7,
        "EBIT": -7,
        "Net Income": -8
    },
    "2021-09-30": {
        "Diluted EPS": -1.21,
        "Total Revenue": NaN,
        "Gross Profit": NaN,
        "Operating Income": -8,
        "EBIT": -8,
        "Net Income": -8
    },
    "2021-06-30": {
        "Diluted EPS": -7.63,
        "Total Revenue": NaN,
        "Gross Profit": NaN,
        "Operating Income": -7,
        "EBIT": -7,
        "Net Income": -7
    },
    "2021-03-31": {
        "Diluted EPS": -10.55,
        "Total Revenue": NaN,
        "Gross Profit": NaN,
        "Operating Income": -5,
        "EBIT": -5,
        "Net Income": -5
    },
    "2020-12-31": {
        "Diluted EPS": -8.65,
        "Total Revenue": NaN,
        "Gross Profit": NaN,
        "Operating Income": 4,
        "EBIT": 4,
        "Net Income": 3
    },
    "2020-09-30": {
        "Diluted EPS": -11.22,
        "Total Revenue": NaN,
        "Gross Profit": NaN,
        "Operating Income": -5,
        "EBIT": -5,
        "Net Income": -5
    },
    "2020-06-30": {
        "Diluted EPS": -11.42,
        "Total Revenue": NaN,
        "Gross Profit": NaN,
        "Operating Income": -5,
        "EBIT": -5,
        "Net Income": -5
    },
    "2020-03-31": {
        "Diluted EPS": -9.75,
        "Total Revenue": NaN,
        "Gross Profit": NaN,
        "Operating Income": -12,
        "EBIT": -12,
        "Net Income": -12
    },
    "2019-12-31": {
        "Diluted EPS": -12.89,
        "Total Revenue": NaN,
        "Gross Profit": NaN,
        "Operating Income": -13,
        "EBIT": -13,
        "Net Income": -13
    },
    "2019-09-30": {
        "Diluted EPS": -13.04,
        "Total Revenue": NaN,
        "Gross Profit": NaN,
        "Operating Income": -12,
        "EBIT": -11,
        "Net Income": -12
    },
    "2019-06-30": {
        "Diluted EPS": -11.1,
        "Total Revenue": NaN,
        "Gross Profit": NaN,
        "Operating Income": -10,
        "EBIT": -10,
        "Net Income": -10
    },
    "2019-03-31": {
        "Diluted EPS": -11.69,
        "Total Revenue": NaN,
        "Gross Profit": NaN,
        "Operating Income": -11,
        "EBIT": -11,
        "Net Income": -10
    },
    "2018-12-31": {
        "Diluted EPS": 87.71,
        "Total Revenue": NaN,
        "Gross Profit": NaN,
        "Operating Income": -10,
        "EBIT": -10,
        "Net Income": -11
    },
    "2018-09-30": {
        "Diluted EPS": -159.07,
        "Total Revenue": NaN,
        "Gross Profit": NaN,
        "Operating Income": -8,
        "EBIT": -8,
        "Net Income": -8
    },
    "2018-06-30": {
        "Diluted EPS": -102.25,
        "Total Revenue": NaN,
        "Gross Profit": NaN,
        "Operating Income": -5,
        "EBIT": -5,
        "Net Income": -5
    },
    "2018-03-31": {
        "Diluted EPS": -89.96,
        "Total Revenue": NaN,
        "Gross Profit": NaN,
        "Operating Income": -4,
        "EBIT": -4,
        "Net Income": -4
    },
    "2017-12-31": {
        "Diluted EPS": NaN,
        "Total Revenue": NaN,
        "Gross Profit": NaN,
        "Operating Income": -42,
        "EBIT": -44,
        "Net Income": -42
    },
    "2017-09-30": {
        "Diluted EPS": -58.44,
        "Total Revenue": 0,
        "Gross Profit": 0,
        "Operating Income": -9,
        "EBIT": -9,
        "Net Income": -9
    },
    "2017-06-30": {
        "Diluted EPS": -114.64,
        "Total Revenue": 0,
        "Gross Profit": 0,
        "Operating Income": -18,
        "EBIT": -17,
        "Net Income": -18
    },
    "2017-03-31": {
        "Diluted EPS": -94.41,
        "Total Revenue": 0,
        "Gross Profit": 0,
        "Operating Income": -15,
        "EBIT": -14,
        "Net Income": -15
    },
    "2016-12-31": {
        "Diluted EPS": -134.87,
        "Total Revenue": 0,
        "Gross Profit": -1,
        "Operating Income": -22,
        "EBIT": -22,
        "Net Income": -23
    },
    "2016-09-30": {
        "Diluted EPS": -121.38,
        "Total Revenue": 0,
        "Gross Profit": -1,
        "Operating Income": -19,
        "EBIT": -18,
        "Net Income": -19
    },
    "2016-06-30": {
        "Diluted EPS": -139.36,
        "Total Revenue": 0,
        "Gross Profit": -1,
        "Operating Income": -18,
        "EBIT": -17,
        "Net Income": -19
    },
    "2016-03-31": {
        "Diluted EPS": -179.82,
        "Total Revenue": 0,
        "Gross Profit": -1,
        "Operating Income": -21,
        "EBIT": -21,
        "Net Income": -22
    },
    "2015-12-31": {
        "Diluted EPS": -168.58,
        "Total Revenue": 0,
        "Gross Profit": -1,
        "Operating Income": -20,
        "EBIT": -19,
        "Net Income": -21
    },
    "2015-09-30": {
        "Diluted EPS": -148.35,
        "Total Revenue": 0,
        "Gross Profit": -1,
        "Operating Income": -18,
        "EBIT": -17,
        "Net Income": -18
    },
    "2015-06-30": {
        "Diluted EPS": -143.86,
        "Total Revenue": 0,
        "Gross Profit": 0,
        "Operating Income": -17,
        "EBIT": -17,
        "Net Income": -17
    },
    "2015-03-31": {
        "Diluted EPS": -146.1,
        "Total Revenue": 0,
        "Gross Profit": 0,
        "Operating Income": -17,
        "EBIT": -16,
        "Net Income": -17
    },
    "2014-12-31": {
        "Diluted EPS": -184.32,
        "Total Revenue": NaN,
        "Gross Profit": NaN,
        "Operating Income": -18,
        "EBIT": -18,
        "Net Income": -19
    },
    "2014-09-30": {
        "Diluted EPS": -121.38,
        "Total Revenue": NaN,
        "Gross Profit": NaN,
        "Operating Income": -12,
        "EBIT": -12,
        "Net Income": -13
    },
    "2014-06-30": {
        "Diluted EPS": -94.41,
        "Total Revenue": NaN,
        "Gross Profit": NaN,
        "Operating Income": -10,
        "EBIT": -9,
        "Net Income": -10
    },
    "2014-03-31": {
        "Diluted EPS": -92.16,
        "Total Revenue": NaN,
        "Gross Profit": NaN,
        "Operating Income": -8,
        "EBIT": -7,
        "Net Income": -8
    },
    "2013-12-31": {
        "Diluted EPS": -146.1,
        "Total Revenue": NaN,
        "Gross Profit": NaN,
        "Operating Income": -11,
        "EBIT": -11,
        "Net Income": -11
    },
    "2013-09-30": {
        "Diluted EPS": -89.91,
        "Total Revenue": NaN,
        "Gross Profit": NaN,
        "Operating Income": -7,
        "EBIT": -7,
        "Net Income": -7
    },
    "2013-06-30": {
        "Diluted EPS": -80.92,
        "Total Revenue": NaN,
        "Gross Profit": NaN,
        "Operating Income": -6,
        "EBIT": -6,
        "Net Income": -6
    },
    "2013-03-31": {
        "Diluted EPS": -87.66,
        "Total Revenue": NaN,
        "Gross Profit": NaN,
        "Operating Income": -5,
        "EBIT": -5,
        "Net Income": -5
    },
    "2012-12-31": {
        "Diluted EPS": 521.48,
        "Total Revenue": NaN,
        "Gross Profit": NaN,
        "Operating Income": -4,
        "EBIT": -4,
        "Net Income": -4
    },
    "2012-09-30": {
        "Diluted EPS": -94.41,
        "Total Revenue": NaN,
        "Gross Profit": NaN,
        "Operating Income": -3,
        "EBIT": -3,
        "Net Income": -3
    },
    "2012-06-30": {
        "Diluted EPS": -469.78,
        "Total Revenue": NaN,
        "Gross Profit": NaN,
        "Operating Income": -3,
        "EBIT": -3,
        "Net Income": -3
    },
    "2012-03-31": {
        "Diluted EPS": -481.02,
        "Total Revenue": NaN,
        "Gross Profit": NaN,
        "Operating Income": -3,
        "EBIT": -3,
        "Net Income": -3
    },
    "2011-12-31": {
        "Diluted EPS": 0.0,
        "Total Revenue": NaN,
        "Gross Profit": NaN,
        "Operating Income": NaN,
        "EBIT": NaN,
        "Net Income": NaN
    },
    "2011-09-30": {
        "Diluted EPS": -200.05,
        "Total Revenue": NaN,
        "Gross Profit": NaN,
        "Operating Income": -1,
        "EBIT": -1,
        "Net Income": -1
    },
    "2023-06-30": {
        "Tax Effect Of Unusual Items": 0.0,
        "Tax Rate For Calcs": 0.0,
        "Normalized EBITDA": -7143000.0,
        "Net Income From Continuing Operation Net Minority Interest": -7581000.0,
        "Reconciled Depreciation": 83000.0,
        "EBITDA": -7143000.0,
        "EBIT": -7226000.0,
        "Net Interest Income": -111000.0,
        "Interest Expense": 355000.0,
        "Interest Income": 244000.0,
        "Normalized Income": -7581000.0,
        "Net Income From Continuing And Discontinued Operation": -7581000.0,
        "Total Expenses": 7470000.0,
        "Total Operating Income As Reported": -7470000.0,
        "Diluted Average Shares": 14102211.0,
        "Basic Average Shares": 14102211.0,
        "Diluted EPS": -0.54,
        "Basic EPS": -0.54,
        "Diluted NI Availto Com Stockholders": -7581000.0,
        "Net Income Common Stockholders": -7581000.0,
        "Net Income": -7581000.0,
        "Net Income Including Noncontrolling Interests": -7581000.0,
        "Net Income Continuous Operations": -7581000.0,
        "Tax Provision": 0.0,
        "Pretax Income": -7581000.0,
        "Other Income Expense": NaN,
        "Other Non Operating Income Expenses": NaN,
        "Net Non Operating Interest Income Expense": -111000.0,
        "Interest Expense Non Operating": 355000.0,
        "Interest Income Non Operating": 244000.0,
        "Operating Income": -7470000.0,
        "Operating Expense": 7470000.0,
        "Research And Development": 4416000.0,
        "Selling General And Administration": 3054000.0,
        "General And Administrative Expense": 3054000.0,
        "Other Gand A": 3054000.0,
        "Total Revenue": 0.0,
        "Operating Revenue": 0.0
    },
    "2023-09-30": {
        "Tax Effect Of Unusual Items": 0.0,
        "Tax Rate For Calcs": 0.0,
        "Normalized EBITDA": -6325000.0,
        "Net Income From Continuing Operation Net Minority Interest": -6786000.0,
        "Reconciled Depreciation": 88000.0,
        "EBITDA": -6325000.0,
        "EBIT": -6413000.0,
        "Net Interest Income": -373000.0,
        "Interest Expense": 373000.0,
        "Interest Income": NaN,
        "Normalized Income": -6786000.0,
        "Net Income From Continuing And Discontinued Operation": -6786000.0,
        "Total Expenses": 6592000.0,
        "Total Operating Income As Reported": -6592000.0,
        "Diluted Average Shares": 14121805.0,
        "Basic Average Shares": 14121805.0,
        "Diluted EPS": -0.48,
        "Basic EPS": -0.48,
        "Diluted NI Availto Com Stockholders": -6786000.0,
        "Net Income Common Stockholders": -6786000.0,
        "Net Income": -6786000.0,
        "Net Income Including Noncontrolling Interests": -6786000.0,
        "Net Income Continuous Operations": -6786000.0,
        "Tax Provision": 0.0,
        "Pretax Income": -6786000.0,
        "Other Income Expense": 179000.0,
        "Other Non Operating Income Expenses": 179000.0,
        "Net Non Operating Interest Income Expense": -373000.0,
        "Interest Expense Non Operating": 373000.0,
        "Interest Income Non Operating": NaN,
        "Operating Income": -6592000.0,
        "Operating Expense": 6592000.0,
        "Research And Development": 4221000.0,
        "Selling General And Administration": 2371000.0,
        "General And Administrative Expense": 2371000.0,
        "Other Gand A": 2371000.0,
        "Total Revenue": 0.0,
        "Operating Revenue": 0.0
    },
    "2023-12-31": {
        "Tax Effect Of Unusual Items": 0.0,
        "Tax Rate For Calcs": 0.0,
        "Normalized EBITDA": -7026000.0,
        "Net Income From Continuing Operation Net Minority Interest": -7488000.0,
        "Reconciled Depreciation": 85000.0,
        "EBITDA": -7026000.0,
        "EBIT": -7111000.0,
        "Net Interest Income": 723000.0,
        "Interest Expense": 377000.0,
        "Interest Income": NaN,
        "Normalized Income": -7488000.0,
        "Net Income From Continuing And Discontinued Operation": -7488000.0,
        "Total Expenses": 7514000.0,
        "Total Operating Income As Reported": -7514000.0,
        "Diluted Average Shares": NaN,
        "Basic Average Shares": NaN,
        "Diluted EPS": NaN,
        "Basic EPS": NaN,
        "Diluted NI Availto Com Stockholders": -7488000.0,
        "Net Income Common Stockholders": -7488000.0,
        "Net Income": -7488000.0,
        "Net Income Including Noncontrolling Interests": -7488000.0,
        "Net Income Continuous Operations": -7488000.0,
        "Tax Provision": 0.0,
        "Pretax Income": -7488000.0,
        "Other Income Expense": -697000.0,
        "Other Non Operating Income Expenses": -697000.0,
        "Net Non Operating Interest Income Expense": 723000.0,
        "Interest Expense Non Operating": 377000.0,
        "Interest Income Non Operating": NaN,
        "Operating Income": -7514000.0,
        "Operating Expense": 7514000.0,
        "Research And Development": 4183000.0,
        "Selling General And Administration": 3331000.0,
        "General And Administrative Expense": 3331000.0,
        "Other Gand A": 3331000.0,
        "Total Revenue": 0.0,
        "Operating Revenue": 0.0
    },
    "2024-03-31": {
        "Tax Effect Of Unusual Items": 0.0,
        "Tax Rate For Calcs": 0.0,
        "Normalized EBITDA": -7448000.0,
        "Net Income From Continuing Operation Net Minority Interest": -7904000.0,
        "Reconciled Depreciation": 88000.0,
        "EBITDA": -7448000.0,
        "EBIT": -7536000.0,
        "Net Interest Income": 70000.0,
        "Interest Expense": 368000.0,
        "Interest Income": 438000.0,
        "Normalized Income": -7904000.0,
        "Net Income From Continuing And Discontinued Operation": -7904000.0,
        "Total Expenses": 7974000.0,
        "Total Operating Income As Reported": -7974000.0,
        "Diluted Average Shares": 22234225.0,
        "Basic Average Shares": 22234225.0,
        "Diluted EPS": -0.36,
        "Basic EPS": -0.36,
        "Diluted NI Availto Com Stockholders": -7904000.0,
        "Net Income Common Stockholders": -7904000.0,
        "Net Income": -7904000.0,
        "Net Income Including Noncontrolling Interests": -7904000.0,
        "Net Income Continuous Operations": -7904000.0,
        "Tax Provision": 0.0,
        "Pretax Income": -7904000.0,
        "Other Income Expense": NaN,
        "Other Non Operating Income Expenses": NaN,
        "Net Non Operating Interest Income Expense": 70000.0,
        "Interest Expense Non Operating": 368000.0,
        "Interest Income Non Operating": 438000.0,
        "Operating Income": -7974000.0,
        "Operating Expense": 7974000.0,
        "Research And Development": 4340000.0,
        "Selling General And Administration": 3634000.0,
        "General And Administrative Expense": 3634000.0,
        "Other Gand A": 3634000.0,
        "Total Revenue": 0.0,
        "Operating Revenue": 0.0
    }
}