{
    "2023-06-30": {
        "Tax Effect Of Unusual Items": -849660.0,
        "Tax Rate For Calcs": 0.21,
        "Normalized EBITDA": 21371000.0,
        "Total Unusual Items": -4046000.0,
        "Total Unusual Items Excluding Goodwill": -4046000.0,
        "Net Income From Continuing Operation Net Minority Interest": -115000.0,
        "Reconciled Depreciation": 6666000.0,
        "Reconciled Cost Of Revenue": 9302000.0,
        "EBITDA": 17325000.0,
        "EBIT": 10659000.0,
        "Net Interest Income": -6940000.0,
        "Interest Expense": NaN,
        "Interest Income": NaN,
        "Normalized Income": 3081340.0,
        "Net Income From Continuing And Discontinued Operation": -115000.0,
        "Total Expenses": 171794000.0,
        "Total Operating Income As Reported": 6613000.0,
        "Diluted Average Shares": 12915000.0,
        "Basic Average Shares": 12915000.0,
        "Diluted EPS": -0.01,
        "Basic EPS": -0.01,
        "Diluted NI Availto Com Stockholders": -115000.0,
        "Net Income Common Stockholders": -115000.0,
        "Net Income": -115000.0,
        "Net Income Including Noncontrolling Interests": -115000.0,
        "Net Income Discontinuous Operations": NaN,
        "Net Income Continuous Operations": -115000.0,
        "Tax Provision": 227000.0,
        "Pretax Income": 112000.0,
        "Other Income Expense": -3607000.0,
        "Other Non Operating Income Expenses": 439000.0,
        "Special Income Charges": -4046000.0,
        "Other Special Charges": 488000.0,
        "Impairment Of Capital Assets": NaN,
        "Restructuring And Mergern Acquisition": 3558000.0,
        "Net Non Operating Interest Income Expense": -6940000.0,
        "Total Other Finance Cost": 6940000.0,
        "Interest Expense Non Operating": NaN,
        "Interest Income Non Operating": NaN,
        "Operating Income": 10659000.0,
        "Operating Expense": 162492000.0,
        "Depreciation Amortization Depletion Income Statement": 6666000.0,
        "Depreciation And Amortization In Income Statement": 6666000.0,
        "Amortization": 1982000.0,
        "Amortization Of Intangibles Income Statement": 1982000.0,
        "Depreciation Income Statement": 4684000.0,
        "Research And Development": 10601000.0,
        "Selling General And Administration": 145225000.0,
        "Selling And Marketing Expense": 116065000.0,
        "General And Administrative Expense": 29160000.0,
        "Other Gand A": 29160000.0,
        "Salaries And Wages": 7886000.0,
        "Gross Profit": 173151000.0,
        "Cost Of Revenue": 9302000.0,
        "Total Revenue": 182453000.0,
        "Operating Revenue": 182438000.0
    },
    "2023-03-31": {
        "Tax Effect Of Unusual Items": -129514.0,
        "Tax Rate For Calcs": 0.029,
        "Normalized EBITDA": 2765000.0,
        "Total Unusual Items": -4466000.0,
        "Total Unusual Items Excluding Goodwill": -4466000.0,
        "Net Income From Continuing Operation Net Minority Interest": 13457000.0,
        "Reconciled Depreciation": 6844000.0,
        "Reconciled Cost Of Revenue": 13760000.0,
        "EBITDA": -1701000.0,
        "EBIT": -8545000.0,
        "Net Interest Income": 25029000.0,
        "Interest Expense": NaN,
        "Interest Income": 25029000.0,
        "Normalized Income": 17793486.0,
        "Net Income From Continuing And Discontinued Operation": 13457000.0,
        "Total Expenses": 209053000.0,
        "Total Operating Income As Reported": -13011000.0,
        "Diluted Average Shares": 12935000.0,
        "Basic Average Shares": 12846000.0,
        "Diluted EPS": 1.04,
        "Basic EPS": 1.05,
        "Diluted NI Availto Com Stockholders": 13457000.0,
        "Net Income Common Stockholders": 13457000.0,
        "Net Income": 13457000.0,
        "Net Income Including Noncontrolling Interests": 13457000.0,
        "Net Income Discontinuous Operations": NaN,
        "Net Income Continuous Operations": 13457000.0,
        "Tax Provision": 395000.0,
        "Pretax Income": 13852000.0,
        "Other Income Expense": -2632000.0,
        "Other Non Operating Income Expenses": 1834000.0,
        "Special Income Charges": -4466000.0,
        "Other Special Charges": 12000.0,
        "Impairment Of Capital Assets": NaN,
        "Restructuring And Mergern Acquisition": 4454000.0,
        "Net Non Operating Interest Income Expense": 25029000.0,
        "Total Other Finance Cost": -25029000.0,
        "Interest Expense Non Operating": NaN,
        "Interest Income Non Operating": 25029000.0,
        "Operating Income": -8545000.0,
        "Operating Expense": 195293000.0,
        "Depreciation Amortization Depletion Income Statement": 6844000.0,
        "Depreciation And Amortization In Income Statement": 6844000.0,
        "Amortization": 2049000.0,
        "Amortization Of Intangibles Income Statement": 2049000.0,
        "Depreciation Income Statement": 4795000.0,
        "Research And Development": 14655000.0,
        "Selling General And Administration": 173794000.0,
        "Selling And Marketing Expense": 137111000.0,
        "General And Administrative Expense": 36683000.0,
        "Other Gand A": 36683000.0,
        "Salaries And Wages": NaN,
        "Gross Profit": 186748000.0,
        "Cost Of Revenue": 13760000.0,
        "Total Revenue": 200508000.0,
        "Operating Revenue": 200466000.0
    },
    "2022-12-31": {
        "Tax Effect Of Unusual Items": NaN,
        "Tax Rate For Calcs": NaN,
        "Normalized EBITDA": NaN,
        "Total Unusual Items": NaN,
        "Total Unusual Items Excluding Goodwill": NaN,
        "Net Income From Continuing Operation Net Minority Interest": NaN,
        "Reconciled Depreciation": NaN,
        "Reconciled Cost Of Revenue": NaN,
        "EBITDA": NaN,
        "EBIT": NaN,
        "Net Interest Income": NaN,
        "Interest Expense": 6024000.0,
        "Interest Income": NaN,
        "Normalized Income": NaN,
        "Net Income From Continuing And Discontinued Operation": NaN,
        "Total Expenses": NaN,
        "Total Operating Income As Reported": NaN,
        "Diluted Average Shares": NaN,
        "Basic Average Shares": NaN,
        "Diluted EPS": NaN,
        "Basic EPS": NaN,
        "Diluted NI Availto Com Stockholders": NaN,
        "Net Income Common Stockholders": NaN,
        "Net Income": NaN,
        "Net Income Including Noncontrolling Interests": NaN,
        "Net Income Discontinuous Operations": -2000.0,
        "Net Income Continuous Operations": NaN,
        "Tax Provision": NaN,
        "Pretax Income": NaN,
        "Other Income Expense": NaN,
        "Other Non Operating Income Expenses": NaN,
        "Special Income Charges": NaN,
        "Other Special Charges": NaN,
        "Impairment Of Capital Assets": NaN,
        "Restructuring And Mergern Acquisition": NaN,
        "Net Non Operating Interest Income Expense": NaN,
        "Total Other Finance Cost": NaN,
        "Interest Expense Non Operating": 6024000.0,
        "Interest Income Non Operating": NaN,
        "Operating Income": NaN,
        "Operating Expense": NaN,
        "Depreciation Amortization Depletion Income Statement": NaN,
        "Depreciation And Amortization In Income Statement": NaN,
        "Amortization": NaN,
        "Amortization Of Intangibles Income Statement": NaN,
        "Depreciation Income Statement": NaN,
        "Research And Development": NaN,
        "Selling General And Administration": NaN,
        "Selling And Marketing Expense": NaN,
        "General And Administrative Expense": NaN,
        "Other Gand A": NaN,
        "Salaries And Wages": NaN,
        "Gross Profit": NaN,
        "Cost Of Revenue": NaN,
        "Total Revenue": NaN,
        "Operating Revenue": NaN
    },
    "2022-09-30": {
        "Tax Effect Of Unusual Items": NaN,
        "Tax Rate For Calcs": NaN,
        "Normalized EBITDA": NaN,
        "Total Unusual Items": NaN,
        "Total Unusual Items Excluding Goodwill": NaN,
        "Net Income From Continuing Operation Net Minority Interest": NaN,
        "Reconciled Depreciation": NaN,
        "Reconciled Cost Of Revenue": NaN,
        "EBITDA": NaN,
        "EBIT": NaN,
        "Net Interest Income": NaN,
        "Interest Expense": 5720000.0,
        "Interest Income": NaN,
        "Normalized Income": NaN,
        "Net Income From Continuing And Discontinued Operation": NaN,
        "Total Expenses": NaN,
        "Total Operating Income As Reported": NaN,
        "Diluted Average Shares": NaN,
        "Basic Average Shares": NaN,
        "Diluted EPS": NaN,
        "Basic EPS": NaN,
        "Diluted NI Availto Com Stockholders": NaN,
        "Net Income Common Stockholders": NaN,
        "Net Income": NaN,
        "Net Income Including Noncontrolling Interests": NaN,
        "Net Income Discontinuous Operations": -1000.0,
        "Net Income Continuous Operations": NaN,
        "Tax Provision": NaN,
        "Pretax Income": NaN,
        "Other Income Expense": NaN,
        "Other Non Operating Income Expenses": NaN,
        "Special Income Charges": NaN,
        "Other Special Charges": NaN,
        "Impairment Of Capital Assets": 0.0,
        "Restructuring And Mergern Acquisition": NaN,
        "Net Non Operating Interest Income Expense": NaN,
        "Total Other Finance Cost": NaN,
        "Interest Expense Non Operating": 5720000.0,
        "Interest Income Non Operating": NaN,
        "Operating Income": NaN,
        "Operating Expense": NaN,
        "Depreciation Amortization Depletion Income Statement": NaN,
        "Depreciation And Amortization In Income Statement": NaN,
        "Amortization": NaN,
        "Amortization Of Intangibles Income Statement": NaN,
        "Depreciation Income Statement": NaN,
        "Research And Development": NaN,
        "Selling General And Administration": NaN,
        "Selling And Marketing Expense": NaN,
        "General And Administrative Expense": NaN,
        "Other Gand A": NaN,
        "Salaries And Wages": NaN,
        "Gross Profit": NaN,
        "Cost Of Revenue": NaN,
        "Total Revenue": NaN,
        "Operating Revenue": NaN
    },
    "2022-06-30": {
        "Tax Effect Of Unusual Items": -28832.385542,
        "Tax Rate For Calcs": 0.225253,
        "Normalized EBITDA": 8489000.0,
        "Total Unusual Items": -128000.0,
        "Total Unusual Items Excluding Goodwill": -128000.0,
        "Net Income From Continuing Operation Net Minority Interest": -8038000.0,
        "Reconciled Depreciation": 11971000.0,
        "Reconciled Cost Of Revenue": 14574000.0,
        "EBITDA": 8361000.0,
        "EBIT": -3610000.0,
        "Net Interest Income": -6765000.0,
        "Interest Expense": 6765000.0,
        "Interest Income": NaN,
        "Normalized Income": -7938832.385542,
        "Net Income From Continuing And Discontinued Operation": -8038000.0,
        "Total Expenses": 265689000.0,
        "Total Operating Income As Reported": -3894000.0,
        "Diluted Average Shares": 12723000.0,
        "Basic Average Shares": 12723000.0,
        "Diluted EPS": -0.63,
        "Basic EPS": -0.63,
        "Diluted NI Availto Com Stockholders": -8038000.0,
        "Net Income Common Stockholders": -8038000.0,
        "Net Income": -8038000.0,
        "Net Income Including Noncontrolling Interests": -8038000.0,
        "Net Income Discontinuous Operations": 0.0,
        "Net Income Continuous Operations": -8038000.0,
        "Tax Provision": -2337000.0,
        "Pretax Income": -10375000.0,
        "Other Income Expense": 156000.0,
        "Other Non Operating Income Expenses": 284000.0,
        "Special Income Charges": -128000.0,
        "Other Special Charges": -7000.0,
        "Restructuring And Mergern Acquisition": 135000.0,
        "Net Non Operating Interest Income Expense": -6765000.0,
        "Total Other Finance Cost": NaN,
        "Interest Expense Non Operating": 6765000.0,
        "Interest Income Non Operating": NaN,
        "Operating Income": -3766000.0,
        "Operating Expense": 251115000.0,
        "Depreciation Amortization Depletion Income Statement": 11971000.0,
        "Depreciation And Amortization In Income Statement": 11971000.0,
        "Amortization": 7075000.0,
        "Amortization Of Intangibles Income Statement": 7075000.0,
        "Depreciation Income Statement": 4896000.0,
        "Research And Development": 14318000.0,
        "Selling General And Administration": 224826000.0,
        "Selling And Marketing Expense": 184537000.0,
        "General And Administrative Expense": 40289000.0,
        "Other Gand A": 40289000.0,
        "Salaries And Wages": NaN,
        "Gross Profit": 247349000.0,
        "Cost Of Revenue": 14574000.0,
        "Total Revenue": 261923000.0,
        "Operating Revenue": 261923000.0
    },
    "2023-04-30": {
        "Diluted EPS": 1.35,
        "Total Revenue": NaN,
        "Gross Profit": NaN,
        "Operating Income": 420,
        "EBIT": 617,
        "Net Income": 299
    },
    "2023-01-31": {
        "Diluted EPS": 2.04,
        "Total Revenue": NaN,
        "Gross Profit": NaN,
        "Operating Income": 618,
        "EBIT": 816,
        "Net Income": 452
    },
    "2022-10-31": {
        "Diluted EPS": 1.2,
        "Total Revenue": NaN,
        "Gross Profit": NaN,
        "Operating Income": 381,
        "EBIT": 571,
        "Net Income": 267
    },
    "2022-07-31": {
        "Diluted EPS": 1.6,
        "Total Revenue": NaN,
        "Gross Profit": NaN,
        "Operating Income": 505,
        "EBIT": 700,
        "Net Income": 360
    },
    "2022-04-30": {
        "Diluted EPS": 2.37,
        "Total Revenue": NaN,
        "Gross Profit": NaN,
        "Operating Income": 732,
        "EBIT": 922,
        "Net Income": 536
    },
    "2022-01-31": {
        "Diluted EPS": 2.01,
        "Total Revenue": NaN,
        "Gross Profit": NaN,
        "Operating Income": 579,
        "EBIT": 771,
        "Net Income": 454
    },
    "2021-10-31": {
        "Diluted EPS": 0.96,
        "Total Revenue": NaN,
        "Gross Profit": NaN,
        "Operating Income": 311,
        "EBIT": 491,
        "Net Income": 217
    },
    "2021-07-31": {
        "Diluted EPS": 1.23,
        "Total Revenue": NaN,
        "Gross Profit": NaN,
        "Operating Income": 402,
        "EBIT": 580,
        "Net Income": 282
    },
    "2021-04-30": {
        "Diluted EPS": 1.6,
        "Total Revenue": NaN,
        "Gross Profit": NaN,
        "Operating Income": 520,
        "EBIT": 694,
        "Net Income": 375
    },
    "2021-01-31": {
        "Diluted EPS": 2.12,
        "Total Revenue": NaN,
        "Gross Profit": NaN,
        "Operating Income": 682,
        "EBIT": 865,
        "Net Income": 503
    },
    "2020-10-31": {
        "Diluted EPS": 1.39,
        "Total Revenue": NaN,
        "Gross Profit": NaN,
        "Operating Income": 466,
        "EBIT": 637,
        "Net Income": 330
    },
    "2020-07-31": {
        "Diluted EPS": 1.1,
        "Total Revenue": NaN,
        "Gross Profit": NaN,
        "Operating Income": 375,
        "EBIT": 544,
        "Net Income": 262
    },
    "2020-04-30": {
        "Diluted EPS": 1.04,
        "Total Revenue": NaN,
        "Gross Profit": NaN,
        "Operating Income": 366,
        "EBIT": 533,
        "Net Income": 248
    },
    "2020-01-31": {
        "Diluted EPS": 0.51,
        "Total Revenue": NaN,
        "Gross Profit": NaN,
        "Operating Income": 249,
        "EBIT": 744,
        "Net Income": 123
    },
    "2019-10-31": {
        "Diluted EPS": 1.08,
        "Total Revenue": NaN,
        "Gross Profit": NaN,
        "Operating Income": 358,
        "EBIT": 520,
        "Net Income": 256
    },
    "2019-07-31": {
        "Diluted EPS": 0.76,
        "Total Revenue": NaN,
        "Gross Profit": NaN,
        "Operating Income": 269,
        "EBIT": 426,
        "Net Income": 180
    },
    "2019-04-30": {
        "Diluted EPS": 1.12,
        "Total Revenue": NaN,
        "Gross Profit": NaN,
        "Operating Income": 386,
        "EBIT": 538,
        "Net Income": 268
    },
    "2019-01-31": {
        "Diluted EPS": -9.69,
        "Total Revenue": NaN,
        "Gross Profit": NaN,
        "Operating Income": NaN,
        "EBIT": 750,
        "Net Income": NaN
    },
    "2018-10-31": {
        "Diluted EPS": 1.18,
        "Total Revenue": NaN,
        "Gross Profit": NaN,
        "Operating Income": 388,
        "EBIT": 540,
        "Net Income": 282
    },
    "2018-07-31": {
        "Diluted EPS": 1.15,
        "Total Revenue": NaN,
        "Gross Profit": NaN,
        "Operating Income": 383,
        "EBIT": 537,
        "Net Income": 274
    },
    "2018-04-30": {
        "Diluted EPS": 0.67,
        "Total Revenue": NaN,
        "Gross Profit": NaN,
        "Operating Income": 438,
        "EBIT": 639,
        "Net Income": 161
    },
    "2018-01-31": {
        "Diluted EPS": 4.37,
        "Total Revenue": NaN,
        "Gross Profit": NaN,
        "Operating Income": 766,
        "EBIT": 926,
        "Net Income": NaN
    },
    "2017-10-31": {
        "Diluted EPS": 1.01,
        "Total Revenue": NaN,
        "Gross Profit": NaN,
        "Operating Income": 425,
        "EBIT": 578,
        "Net Income": 240
    },
    "2017-07-31": {
        "Diluted EPS": 0.98,
        "Total Revenue": NaN,
        "Gross Profit": NaN,
        "Operating Income": 420,
        "EBIT": 576,
        "Net Income": 234
    },
    "2017-04-30": {
        "Diluted EPS": 0.85,
        "Total Revenue": NaN,
        "Gross Profit": NaN,
        "Operating Income": 389,
        "EBIT": 546,
        "Net Income": 201
    },
    "2017-01-31": {
        "Diluted EPS": 1.36,
        "Total Revenue": NaN,
        "Gross Profit": NaN,
        "Operating Income": 587,
        "EBIT": 758,
        "Net Income": 322
    },
    "2016-10-31": {
        "Diluted EPS": 0.72,
        "Total Revenue": NaN,
        "Gross Profit": NaN,
        "Operating Income": 342,
        "EBIT": 530,
        "Net Income": 172
    },
    "2016-07-31": {
        "Diluted EPS": 0.72,
        "Total Revenue": NaN,
        "Gross Profit": NaN,
        "Operating Income": 357,
        "EBIT": 524,
        "Net Income": 170
    },
    "2016-04-30": {
        "Diluted EPS": 0.98,
        "Total Revenue": NaN,
        "Gross Profit": NaN,
        "Operating Income": 419,
        "EBIT": 586,
        "Net Income": 233
    },
    "2016-01-31": {
        "Diluted EPS": 1.03,
        "Total Revenue": NaN,
        "Gross Profit": NaN,
        "Operating Income": 470,
        "EBIT": 700,
        "Net Income": 229
    },
    "2015-10-31": {
        "Diluted EPS": 0.35,
        "Total Revenue": NaN,
        "Gross Profit": NaN,
        "Operating Income": 224,
        "EBIT": 404,
        "Net Income": 82
    },
    "2015-07-31": {
        "Diluted EPS": -0.46,
        "Total Revenue": NaN,
        "Gross Profit": 855,
        "Operating Income": 123,
        "EBIT": 210,
        "Net Income": -98
    },
    "2015-04-30": {
        "Diluted EPS": 0.34,
        "Total Revenue": NaN,
        "Gross Profit": 749,
        "Operating Income": 233,
        "EBIT": 288,
        "Net Income": 70
    },
    "2015-01-31": {
        "Diluted EPS": 1.0,
        "Total Revenue": NaN,
        "Gross Profit": 918,
        "Operating Income": 384,
        "EBIT": 438,
        "Net Income": 206
    },
    "2014-10-31": {
        "Diluted EPS": 0.64,
        "Total Revenue": NaN,
        "Gross Profit": 725,
        "Operating Income": 220,
        "EBIT": 271,
        "Net Income": 133
    },
    "2014-07-31": {
        "Diluted EPS": 0.59,
        "Total Revenue": NaN,
        "Gross Profit": 694,
        "Operating Income": 205,
        "EBIT": 254,
        "Net Income": 122
    },
    "2014-04-30": {
        "Diluted EPS": 0.67,
        "Total Revenue": NaN,
        "Gross Profit": 697,
        "Operating Income": 232,
        "EBIT": 283,
        "Net Income": 138
    },
    "2014-01-31": {
        "Diluted EPS": 0.99,
        "Total Revenue": NaN,
        "Gross Profit": 825,
        "Operating Income": 348,
        "EBIT": 398,
        "Net Income": 213
    },
    "2013-10-31": {
        "Diluted EPS": 0.58,
        "Total Revenue": NaN,
        "Gross Profit": 660,
        "Operating Income": 204,
        "EBIT": 253,
        "Net Income": 125
    },
    "2013-07-31": {
        "Diluted EPS": 0.56,
        "Total Revenue": NaN,
        "Gross Profit": 649,
        "Operating Income": 201,
        "EBIT": 248,
        "Net Income": 125
    },
    "2013-04-30": {
        "Diluted EPS": 0.59,
        "Total Revenue": NaN,
        "Gross Profit": 656,
        "Operating Income": 217,
        "EBIT": 262,
        "Net Income": 134
    },
    "2013-01-31": {
        "Diluted EPS": 0.99,
        "Total Revenue": NaN,
        "Gross Profit": 851,
        "Operating Income": 364,
        "EBIT": 410,
        "Net Income": 229
    },
    "2012-10-31": {
        "Diluted EPS": 0.68,
        "Total Revenue": NaN,
        "Gross Profit": 600,
        "Operating Income": 184,
        "EBIT": 228,
        "Net Income": 155
    },
    "2012-07-31": {
        "Diluted EPS": 0.51,
        "Total Revenue": NaN,
        "Gross Profit": 600,
        "Operating Income": 184,
        "EBIT": 227,
        "Net Income": 119
    },
    "2012-04-30": {
        "Diluted EPS": 0.5,
        "Total Revenue": NaN,
        "Gross Profit": 603,
        "Operating Income": 188,
        "EBIT": 230,
        "Net Income": 116
    },
    "2012-01-31": {
        "Diluted EPS": 0.78,
        "Total Revenue": NaN,
        "Gross Profit": 735,
        "Operating Income": 302,
        "EBIT": 346,
        "Net Income": 188
    },
    "2011-10-31": {
        "Diluted EPS": 0.43,
        "Total Revenue": NaN,
        "Gross Profit": 561,
        "Operating Income": 165,
        "EBIT": 206,
        "Net Income": 105
    },
    "2011-07-31": {
        "Diluted EPS": 0.39,
        "Total Revenue": NaN,
        "Gross Profit": 542,
        "Operating Income": 154,
        "EBIT": 193,
        "Net Income": 95
    },
    "2011-04-30": {
        "Diluted EPS": 0.41,
        "Total Revenue": NaN,
        "Gross Profit": 541,
        "Operating Income": 162,
        "EBIT": 201,
        "Net Income": 101
    },
    "2011-01-31": {
        "Diluted EPS": 0.64,
        "Total Revenue": NaN,
        "Gross Profit": 648,
        "Operating Income": 259,
        "EBIT": 301,
        "Net Income": 163
    },
    "2010-10-31": {
        "Diluted EPS": 0.37,
        "Total Revenue": NaN,
        "Gross Profit": 506,
        "Operating Income": 141,
        "EBIT": 180,
        "Net Income": 93
    },
    "2010-07-31": {
        "Diluted EPS": 0.31,
        "Total Revenue": NaN,
        "Gross Profit": 484,
        "Operating Income": 128,
        "EBIT": 167,
        "Net Income": 78
    },
    "2010-04-30": {
        "Diluted EPS": 0.25,
        "Total Revenue": NaN,
        "Gross Profit": 450,
        "Operating Income": 103,
        "EBIT": 142,
        "Net Income": 64
    },
    "2010-01-31": {
        "Diluted EPS": 0.5,
        "Total Revenue": NaN,
        "Gross Profit": 578,
        "Operating Income": 218,
        "EBIT": 260,
        "Net Income": 135
    },
    "2009-10-31": {
        "Diluted EPS": 0.26,
        "Total Revenue": NaN,
        "Gross Profit": 441,
        "Operating Income": 108,
        "EBIT": 146,
        "Net Income": 68
    },
    "2009-07-31": {
        "Diluted EPS": 0.21,
        "Total Revenue": NaN,
        "Gross Profit": 422,
        "Operating Income": 89,
        "EBIT": 128,
        "Net Income": 57
    },
    "2009-04-30": {
        "Diluted EPS": 0.22,
        "Total Revenue": NaN,
        "Gross Profit": 415,
        "Operating Income": 98,
        "EBIT": 136,
        "Net Income": 60
    },
    "2009-01-31": {
        "Diluted EPS": 0.39,
        "Total Revenue": NaN,
        "Gross Profit": 493,
        "Operating Income": 165,
        "EBIT": 207,
        "Net Income": 105
    },
    "2023-09-30": {
        "Tax Effect Of Unusual Items": -929315.0,
        "Tax Rate For Calcs": 0.023,
        "Normalized EBITDA": 53559000.0,
        "Total Unusual Items": -40405000.0,
        "Total Unusual Items Excluding Goodwill": -40405000.0,
        "Net Income From Continuing Operation Net Minority Interest": -148465000.0,
        "Reconciled Depreciation": 6741000.0,
        "Reconciled Cost Of Revenue": 7570000.0,
        "EBITDA": 13154000.0,
        "EBIT": 6413000.0,
        "Net Interest Income": -7097000.0,
        "Interest Expense": NaN,
        "Interest Income": NaN,
        "Normalized Income": -108989315.0,
        "Net Income From Continuing And Discontinued Operation": -148465000.0,
        "Total Expenses": 148775000.0,
        "Total Operating Income As Reported": -33992000.0,
        "Diluted Average Shares": 12993000.0,
        "Basic Average Shares": 12993000.0,
        "Diluted EPS": -11.43,
        "Basic EPS": -11.43,
        "Diluted NI Availto Com Stockholders": -148465000.0,
        "Net Income Common Stockholders": -148465000.0,
        "Net Income": -148465000.0,
        "Net Income Including Noncontrolling Interests": -148465000.0,
        "Net Income Discontinuous Operations": NaN,
        "Net Income Continuous Operations": -148465000.0,
        "Tax Provision": -3534000.0,
        "Pretax Income": -151999000.0,
        "Other Income Expense": -151315000.0,
        "Other Non Operating Income Expenses": -110910000.0,
        "Special Income Charges": -40405000.0,
        "Other Special Charges": -150000.0,
        "Impairment Of Capital Assets": 38600000.0,
        "Restructuring And Mergern Acquisition": 1955000.0,
        "Net Non Operating Interest Income Expense": -7097000.0,
        "Total Other Finance Cost": 7097000.0,
        "Interest Expense Non Operating": NaN,
        "Interest Income Non Operating": NaN,
        "Operating Income": 6413000.0,
        "Operating Expense": 141205000.0,
        "Depreciation Amortization Depletion Income Statement": 6741000.0,
        "Depreciation And Amortization In Income Statement": 6741000.0,
        "Amortization": 1981000.0,
        "Amortization Of Intangibles Income Statement": 1981000.0,
        "Depreciation Income Statement": 4760000.0,
        "Research And Development": 10840000.0,
        "Selling General And Administration": 123624000.0,
        "Selling And Marketing Expense": 97244000.0,
        "General And Administrative Expense": 26380000.0,
        "Other Gand A": 26380000.0,
        "Salaries And Wages": NaN,
        "Gross Profit": 147618000.0,
        "Cost Of Revenue": 7570000.0,
        "Total Revenue": 155188000.0,
        "Operating Revenue": 155179000.0
    },
    "2023-12-31": {
        "Tax Effect Of Unusual Items": -5720.722781,
        "Tax Rate For Calcs": 0.030268,
        "Normalized EBITDA": 6670000.0,
        "Total Unusual Items": -189000.0,
        "Total Unusual Items Excluding Goodwill": -189000.0,
        "Net Income From Continuing Operation Net Minority Interest": 12719000.0,
        "Reconciled Depreciation": 6513000.0,
        "Reconciled Cost Of Revenue": 8126000.0,
        "EBITDA": 6481000.0,
        "EBIT": -32000.0,
        "Net Interest Income": 10693000.0,
        "Interest Expense": NaN,
        "Interest Income": NaN,
        "Normalized Income": 12902279.277219,
        "Net Income From Continuing And Discontinued Operation": 12719000.0,
        "Total Expenses": 134385000.0,
        "Total Operating Income As Reported": -221000.0,
        "Diluted Average Shares": 13020000.0,
        "Basic Average Shares": 13008000.0,
        "Diluted EPS": 0.98,
        "Basic EPS": 0.98,
        "Diluted NI Availto Com Stockholders": 12719000.0,
        "Net Income Common Stockholders": 12719000.0,
        "Net Income": 12719000.0,
        "Net Income Including Noncontrolling Interests": 12719000.0,
        "Net Income Discontinuous Operations": NaN,
        "Net Income Continuous Operations": 12719000.0,
        "Tax Provision": 397000.0,
        "Pretax Income": 13116000.0,
        "Other Income Expense": 2455000.0,
        "Other Non Operating Income Expenses": 2644000.0,
        "Special Income Charges": -189000.0,
        "Other Special Charges": 38000.0,
        "Impairment Of Capital Assets": 0.0,
        "Restructuring And Mergern Acquisition": 151000.0,
        "Net Non Operating Interest Income Expense": 10693000.0,
        "Total Other Finance Cost": -10693000.0,
        "Interest Expense Non Operating": NaN,
        "Interest Income Non Operating": NaN,
        "Operating Income": -32000.0,
        "Operating Expense": 126259000.0,
        "Depreciation Amortization Depletion Income Statement": 6513000.0,
        "Depreciation And Amortization In Income Statement": 6513000.0,
        "Amortization": 1682000.0,
        "Amortization Of Intangibles Income Statement": 1682000.0,
        "Depreciation Income Statement": 4831000.0,
        "Research And Development": 11101000.0,
        "Selling General And Administration": 108645000.0,
        "Selling And Marketing Expense": 83168000.0,
        "General And Administrative Expense": 25477000.0,
        "Other Gand A": 25477000.0,
        "Salaries And Wages": NaN,
        "Gross Profit": 126227000.0,
        "Cost Of Revenue": 8126000.0,
        "Total Revenue": 134353000.0,
        "Operating Revenue": 134220000.0
    },
    "2024-03-31": {
        "Tax Effect Of Unusual Items": -20945.0,
        "Tax Rate For Calcs": 0.355,
        "Normalized EBITDA": 13453000.0,
        "Total Unusual Items": -59000.0,
        "Total Unusual Items Excluding Goodwill": -59000.0,
        "Net Income From Continuing Operation Net Minority Interest": 1016000.0,
        "Reconciled Depreciation": 6156000.0,
        "Reconciled Cost Of Revenue": 8545000.0,
        "EBITDA": 13394000.0,
        "EBIT": 7238000.0,
        "Net Interest Income": -6638000.0,
        "Interest Expense": NaN,
        "Interest Income": NaN,
        "Normalized Income": 1054055.0,
        "Net Income From Continuing And Discontinued Operation": 1016000.0,
        "Total Expenses": 160530000.0,
        "Total Operating Income As Reported": 7179000.0,
        "Diluted Average Shares": 13276000.0,
        "Basic Average Shares": 13100000.0,
        "Diluted EPS": 0.08,
        "Basic EPS": 0.08,
        "Diluted NI Availto Com Stockholders": 1016000.0,
        "Net Income Common Stockholders": 1016000.0,
        "Net Income": 1016000.0,
        "Net Income Including Noncontrolling Interests": 1016000.0,
        "Net Income Discontinuous Operations": NaN,
        "Net Income Continuous Operations": 1016000.0,
        "Tax Provision": 559000.0,
        "Pretax Income": 1575000.0,
        "Other Income Expense": 975000.0,
        "Other Non Operating Income Expenses": 1034000.0,
        "Special Income Charges": -59000.0,
        "Other Special Charges": 36000.0,
        "Impairment Of Capital Assets": NaN,
        "Restructuring And Mergern Acquisition": 23000.0,
        "Net Non Operating Interest Income Expense": -6638000.0,
        "Total Other Finance Cost": 6638000.0,
        "Interest Expense Non Operating": NaN,
        "Interest Income Non Operating": NaN,
        "Operating Income": 7238000.0,
        "Operating Expense": 151985000.0,
        "Depreciation Amortization Depletion Income Statement": 6156000.0,
        "Depreciation And Amortization In Income Statement": 6156000.0,
        "Amortization": 1489000.0,
        "Amortization Of Intangibles Income Statement": 1489000.0,
        "Depreciation Income Statement": 4667000.0,
        "Research And Development": 11857000.0,
        "Selling General And Administration": 133972000.0,
        "Selling And Marketing Expense": 108176000.0,
        "General And Administrative Expense": 25796000.0,
        "Other Gand A": 25796000.0,
        "Salaries And Wages": NaN,
        "Gross Profit": 159223000.0,
        "Cost Of Revenue": 8545000.0,
        "Total Revenue": 167768000.0,
        "Operating Revenue": 167766000.0
    }
}