{
    "2023-03-31": {
        "Tax Effect Of Unusual Items": NaN,
        "Tax Rate For Calcs": NaN,
        "Normalized EBITDA": NaN,
        "Total Unusual Items": NaN,
        "Total Unusual Items Excluding Goodwill": NaN,
        "Net Income From Continuing Operation Net Minority Interest": NaN,
        "Reconciled Depreciation": NaN,
        "Reconciled Cost Of Revenue": NaN,
        "EBITDA": NaN,
        "EBIT": NaN,
        "Net Interest Income": NaN,
        "Interest Expense": NaN,
        "Normalized Income": NaN,
        "Net Income From Continuing And Discontinued Operation": NaN,
        "Total Expenses": NaN,
        "Total Operating Income As Reported": NaN,
        "Diluted Average Shares": 229300000.0,
        "Basic Average Shares": 226400000.0,
        "Diluted EPS": 0.03,
        "Basic EPS": 0.03,
        "Diluted NI Availto Com Stockholders": NaN,
        "Average Dilution Earnings": NaN,
        "Net Income Common Stockholders": NaN,
        "Otherunder Preferred Stock Dividend": NaN,
        "Net Income": NaN,
        "Minority Interests": NaN,
        "Net Income Including Noncontrolling Interests": NaN,
        "Net Income Continuous Operations": NaN,
        "Tax Provision": NaN,
        "Pretax Income": NaN,
        "Other Income Expense": NaN,
        "Other Non Operating Income Expenses": NaN,
        "Special Income Charges": NaN,
        "Gain On Sale Of Business": NaN,
        "Earnings From Equity Interest": NaN,
        "Net Non Operating Interest Income Expense": NaN,
        "Total Other Finance Cost": 168000000.0,
        "Interest Expense Non Operating": NaN,
        "Operating Income": NaN,
        "Operating Expense": NaN,
        "Other Operating Expenses": NaN,
        "Selling General And Administration": NaN,
        "General And Administrative Expense": NaN,
        "Other Gand A": NaN,
        "Gross Profit": NaN,
        "Cost Of Revenue": NaN,
        "Total Revenue": NaN,
        "Operating Revenue": NaN
    },
    "2022-12-31": {
        "Tax Effect Of Unusual Items": NaN,
        "Tax Rate For Calcs": NaN,
        "Normalized EBITDA": NaN,
        "Total Unusual Items": -200000.0,
        "Total Unusual Items Excluding Goodwill": -200000.0,
        "Net Income From Continuing Operation Net Minority Interest": NaN,
        "Reconciled Depreciation": NaN,
        "Reconciled Cost Of Revenue": NaN,
        "EBITDA": NaN,
        "EBIT": NaN,
        "Net Interest Income": NaN,
        "Interest Expense": 145600000.0,
        "Normalized Income": NaN,
        "Net Income From Continuing And Discontinued Operation": NaN,
        "Total Expenses": NaN,
        "Total Operating Income As Reported": NaN,
        "Diluted Average Shares": NaN,
        "Basic Average Shares": NaN,
        "Diluted EPS": NaN,
        "Basic EPS": NaN,
        "Diluted NI Availto Com Stockholders": NaN,
        "Average Dilution Earnings": NaN,
        "Net Income Common Stockholders": NaN,
        "Otherunder Preferred Stock Dividend": NaN,
        "Preferred Stock Dividends": 0.0,
        "Net Income": NaN,
        "Minority Interests": NaN,
        "Net Income Including Noncontrolling Interests": NaN,
        "Net Income Continuous Operations": NaN,
        "Tax Provision": NaN,
        "Pretax Income": NaN,
        "Other Income Expense": NaN,
        "Other Non Operating Income Expenses": NaN,
        "Special Income Charges": -200000.0,
        "Gain On Sale Of Business": 9600000.0,
        "Earnings From Equity Interest": NaN,
        "Net Non Operating Interest Income Expense": NaN,
        "Total Other Finance Cost": 0.0,
        "Interest Expense Non Operating": 145600000.0,
        "Operating Income": NaN,
        "Operating Expense": NaN,
        "Other Operating Expenses": NaN,
        "Selling General And Administration": NaN,
        "General And Administrative Expense": NaN,
        "Other Gand A": NaN,
        "Gross Profit": NaN,
        "Cost Of Revenue": NaN,
        "Total Revenue": NaN,
        "Operating Revenue": NaN
    },
    "2022-09-30": {
        "Tax Effect Of Unusual Items": NaN,
        "Tax Rate For Calcs": NaN,
        "Normalized EBITDA": NaN,
        "Total Unusual Items": 0.0,
        "Total Unusual Items Excluding Goodwill": 0.0,
        "Net Income From Continuing Operation Net Minority Interest": NaN,
        "Reconciled Depreciation": NaN,
        "Reconciled Cost Of Revenue": NaN,
        "EBITDA": NaN,
        "EBIT": NaN,
        "Net Interest Income": NaN,
        "Interest Expense": 125800000.0,
        "Normalized Income": NaN,
        "Net Income From Continuing And Discontinued Operation": NaN,
        "Total Expenses": NaN,
        "Total Operating Income As Reported": NaN,
        "Diluted Average Shares": 230300000.0,
        "Basic Average Shares": 226600000.0,
        "Diluted EPS": 0.84,
        "Basic EPS": 0.85,
        "Diluted NI Availto Com Stockholders": NaN,
        "Average Dilution Earnings": 0.0,
        "Net Income Common Stockholders": NaN,
        "Otherunder Preferred Stock Dividend": NaN,
        "Preferred Stock Dividends": NaN,
        "Net Income": NaN,
        "Minority Interests": NaN,
        "Net Income Including Noncontrolling Interests": NaN,
        "Net Income Continuous Operations": NaN,
        "Tax Provision": NaN,
        "Pretax Income": NaN,
        "Other Income Expense": NaN,
        "Other Non Operating Income Expenses": NaN,
        "Special Income Charges": 0.0,
        "Gain On Sale Of Business": 0.0,
        "Earnings From Equity Interest": NaN,
        "Net Non Operating Interest Income Expense": NaN,
        "Total Other Finance Cost": NaN,
        "Interest Expense Non Operating": 125800000.0,
        "Operating Income": NaN,
        "Operating Expense": NaN,
        "Other Operating Expenses": NaN,
        "Selling General And Administration": NaN,
        "General And Administrative Expense": NaN,
        "Other Gand A": NaN,
        "Gross Profit": NaN,
        "Cost Of Revenue": NaN,
        "Total Revenue": NaN,
        "Operating Revenue": NaN
    },
    "2022-06-30": {
        "Tax Effect Of Unusual Items": 49008506.518652,
        "Tax Rate For Calcs": 0.112431,
        "Normalized EBITDA": 689900000.0,
        "Total Unusual Items": 435900000.0,
        "Total Unusual Items Excluding Goodwill": 435900000.0,
        "Net Income From Continuing Operation Net Minority Interest": 596400000.0,
        "Reconciled Depreciation": 269900000.0,
        "Reconciled Cost Of Revenue": 5317200000.0,
        "EBITDA": 1125800000.0,
        "EBIT": 855900000.0,
        "Net Interest Income": -115000000.0,
        "Interest Expense": 81200000.0,
        "Normalized Income": 209508506.518652,
        "Net Income From Continuing And Discontinued Operation": 596400000.0,
        "Total Expenses": 5603900000.0,
        "Total Operating Income As Reported": 451900000.0,
        "Diluted Average Shares": 231700000.0,
        "Basic Average Shares": 227800000.0,
        "Diluted EPS": 1.61,
        "Basic EPS": 1.64,
        "Diluted NI Availto Com Stockholders": 372700000.0,
        "Net Income Common Stockholders": 372700000.0,
        "Otherunder Preferred Stock Dividend": 0.0,
        "Preferred Stock Dividends": 223700000.0,
        "Net Income": 596400000.0,
        "Minority Interests": -91200000.0,
        "Net Income Including Noncontrolling Interests": 687600000.0,
        "Net Income Continuous Operations": 687600000.0,
        "Tax Provision": 87100000.0,
        "Pretax Income": 774700000.0,
        "Other Income Expense": 437800000.0,
        "Other Non Operating Income Expenses": 500000.0,
        "Special Income Charges": 435900000.0,
        "Gain On Sale Of Business": 435900000.0,
        "Earnings From Equity Interest": 1400000.0,
        "Net Non Operating Interest Income Expense": -115000000.0,
        "Total Other Finance Cost": 33800000.0,
        "Interest Expense Non Operating": 81200000.0,
        "Operating Income": 451900000.0,
        "Operating Expense": 286700000.0,
        "Other Operating Expenses": 215700000.0,
        "Selling General And Administration": 71000000.0,
        "General And Administrative Expense": 71000000.0,
        "Other Gand A": 71000000.0,
        "Gross Profit": 738600000.0,
        "Cost Of Revenue": 5317200000.0,
        "Total Revenue": 6055800000.0,
        "Operating Revenue": 6055800000.0
    },
    "2023-06-30": {
        "Tax Effect Of Unusual Items": 0.0,
        "Tax Rate For Calcs": 0.199215,
        "Normalized EBITDA": 982600000.0,
        "Total Unusual Items": 0.0,
        "Total Unusual Items Excluding Goodwill": 0.0,
        "Net Income From Continuing Operation Net Minority Interest": 329300000.0,
        "Reconciled Depreciation": 332100000.0,
        "Reconciled Cost Of Revenue": 2401000000.0,
        "EBITDA": 982600000.0,
        "EBIT": 650500000.0,
        "Net Interest Income": -166600000.0,
        "Interest Expense": 166600000.0,
        "Normalized Income": 329300000.0,
        "Net Income From Continuing And Discontinued Operation": 329300000.0,
        "Total Expenses": 2754600000.0,
        "Total Operating Income As Reported": 649100000.0,
        "Diluted Average Shares": 226800000.0,
        "Basic Average Shares": 225600000.0,
        "Diluted EPS": 1.44,
        "Basic EPS": 1.44,
        "Diluted NI Availto Com Stockholders": 329300000.0,
        "Average Dilution Earnings": NaN,
        "Net Income Common Stockholders": 329300000.0,
        "Otherunder Preferred Stock Dividend": 0.0,
        "Net Income": 329300000.0,
        "Minority Interests": -58200000.0,
        "Net Income Including Noncontrolling Interests": 387500000.0,
        "Net Income Continuous Operations": 387500000.0,
        "Tax Provision": 96400000.0,
        "Pretax Income": 483900000.0,
        "Other Income Expense": 1400000.0,
        "Other Non Operating Income Expenses": -2000000.0,
        "Special Income Charges": 0.0,
        "Gain On Sale Of Business": 0.0,
        "Earnings From Equity Interest": 3400000.0,
        "Net Non Operating Interest Income Expense": -166600000.0,
        "Total Other Finance Cost": NaN,
        "Interest Expense Non Operating": 166600000.0,
        "Operating Income": 649100000.0,
        "Operating Expense": 353600000.0,
        "Other Operating Expenses": 272600000.0,
        "Selling General And Administration": 81000000.0,
        "General And Administrative Expense": 81000000.0,
        "Other Gand A": 81000000.0,
        "Gross Profit": 1002700000.0,
        "Cost Of Revenue": 2401000000.0,
        "Total Revenue": 3403700000.0,
        "Operating Revenue": 3403700000.0
    },
    "2022-03-31": {
        "Diluted EPS": 0.06,
        "Total Revenue": NaN,
        "Gross Profit": 755,
        "Operating Income": 296,
        "EBIT": 507,
        "Net Income": 13
    },
    "2021-12-31": {
        "Diluted EPS": -1.41,
        "Total Revenue": NaN,
        "Gross Profit": 872,
        "Operating Income": -92,
        "EBIT": 131,
        "Net Income": -336
    },
    "2021-09-30": {
        "Diluted EPS": 0.66,
        "Total Revenue": NaN,
        "Gross Profit": 845,
        "Operating Income": 367,
        "EBIT": 592,
        "Net Income": 160
    },
    "2021-06-30": {
        "Diluted EPS": 0.15,
        "Total Revenue": NaN,
        "Gross Profit": 707,
        "Operating Income": 246,
        "EBIT": 460,
        "Net Income": 34
    },
    "2021-03-31": {
        "Diluted EPS": 0.53,
        "Total Revenue": NaN,
        "Gross Profit": 796,
        "Operating Income": 344,
        "EBIT": 563,
        "Net Income": 125
    },
    "2020-12-31": {
        "Diluted EPS": -0.03,
        "Total Revenue": NaN,
        "Gross Profit": 791,
        "Operating Income": 265,
        "EBIT": 486,
        "Net Income": -1
    },
    "2020-09-30": {
        "Diluted EPS": 0.16,
        "Total Revenue": NaN,
        "Gross Profit": 792,
        "Operating Income": 296,
        "EBIT": 502,
        "Net Income": 37
    },
    "2020-06-30": {
        "Diluted EPS": 0.21,
        "Total Revenue": NaN,
        "Gross Profit": 643,
        "Operating Income": 213,
        "EBIT": 420,
        "Net Income": 49
    },
    "2020-03-31": {
        "Diluted EPS": -7.6,
        "Total Revenue": NaN,
        "Gross Profit": 847,
        "Operating Income": NaN,
        "EBIT": NaN,
        "Net Income": NaN
    },
    "2019-12-31": {
        "Diluted EPS": -0.62,
        "Total Revenue": NaN,
        "Gross Profit": 682,
        "Operating Income": -24,
        "EBIT": 232,
        "Net Income": -145
    },
    "2019-09-30": {
        "Diluted EPS": -0.34,
        "Total Revenue": NaN,
        "Gross Profit": 574,
        "Operating Income": 42,
        "EBIT": 288,
        "Net Income": -79
    },
    "2019-06-30": {
        "Diluted EPS": -0.18,
        "Total Revenue": NaN,
        "Gross Profit": 634,
        "Operating Income": 114,
        "EBIT": 353,
        "Net Income": -41
    },
    "2019-03-31": {
        "Diluted EPS": -0.3,
        "Total Revenue": NaN,
        "Gross Profit": 573,
        "Operating Income": 61,
        "EBIT": 301,
        "Net Income": -70
    },
    "2018-12-31": {
        "Diluted EPS": -0.61,
        "Total Revenue": NaN,
        "Gross Profit": 589,
        "Operating Income": -81,
        "EBIT": 341,
        "Net Income": -137
    },
    "2018-09-30": {
        "Diluted EPS": -0.24,
        "Total Revenue": NaN,
        "Gross Profit": 603,
        "Operating Income": 77,
        "EBIT": 286,
        "Net Income": -54
    },
    "2018-06-30": {
        "Diluted EPS": 0.35,
        "Total Revenue": NaN,
        "Gross Profit": 539,
        "Operating Income": 155,
        "EBIT": 361,
        "Net Income": 79
    },
    "2018-03-31": {
        "Diluted EPS": -0.03,
        "Total Revenue": NaN,
        "Gross Profit": 515,
        "Operating Income": 86,
        "EBIT": 287,
        "Net Income": -7
    },
    "2017-12-31": {
        "Diluted EPS": 1.23,
        "Total Revenue": NaN,
        "Gross Profit": 535,
        "Operating Income": 114,
        "EBIT": 323,
        "Net Income": 254
    },
    "2017-09-30": {
        "Diluted EPS": -0.91,
        "Total Revenue": NaN,
        "Gross Profit": 469,
        "Operating Income": -324,
        "EBIT": -113,
        "Net Income": -197
    },
    "2017-06-30": {
        "Diluted EPS": 0.14,
        "Total Revenue": NaN,
        "Gross Profit": 447,
        "Operating Income": 37,
        "EBIT": 244,
        "Net Income": 28
    },
    "2017-03-31": {
        "Diluted EPS": -0.77,
        "Total Revenue": NaN,
        "Gross Profit": 458,
        "Operating Income": 51,
        "EBIT": 245,
        "Net Income": -148
    },
    "2016-12-31": {
        "Diluted EPS": -1.18,
        "Total Revenue": NaN,
        "Gross Profit": 469,
        "Operating Income": -98,
        "EBIT": 306,
        "Net Income": -180
    },
    "2016-09-30": {
        "Diluted EPS": -0.23,
        "Total Revenue": NaN,
        "Gross Profit": 430,
        "Operating Income": 52,
        "EBIT": 216,
        "Net Income": -39
    },
    "2016-06-30": {
        "Diluted EPS": -0.33,
        "Total Revenue": NaN,
        "Gross Profit": 438,
        "Operating Income": 66,
        "EBIT": 256,
        "Net Income": -53
    },
    "2016-03-31": {
        "Diluted EPS": -0.06,
        "Total Revenue": NaN,
        "Gross Profit": 431,
        "Operating Income": 36,
        "EBIT": 257,
        "Net Income": -7
    },
    "2015-12-31": {
        "Diluted EPS": 0.52,
        "Total Revenue": NaN,
        "Gross Profit": 460,
        "Operating Income": -207,
        "EBIT": 284,
        "Net Income": 27
    },
    "2015-09-30": {
        "Diluted EPS": 0.23,
        "Total Revenue": NaN,
        "Gross Profit": 469,
        "Operating Income": 115,
        "EBIT": 285,
        "Net Income": 13
    },
    "2015-06-30": {
        "Diluted EPS": 0.27,
        "Total Revenue": NaN,
        "Gross Profit": 471,
        "Operating Income": 112,
        "EBIT": 280,
        "Net Income": 15
    },
    "2015-03-31": {
        "Diluted EPS": 0.07,
        "Total Revenue": NaN,
        "Gross Profit": 421,
        "Operating Income": 138,
        "EBIT": 260,
        "Net Income": 3
    },
    "2014-12-31": {
        "Diluted EPS": 0.6,
        "Total Revenue": NaN,
        "Gross Profit": 452,
        "Operating Income": 163,
        "EBIT": 264,
        "Net Income": 26
    },
    "2014-09-30": {
        "Diluted EPS": 0.73,
        "Total Revenue": NaN,
        "Gross Profit": 408,
        "Operating Income": 169,
        "EBIT": 259,
        "Net Income": 31
    },
    "2014-06-30": {
        "Diluted EPS": 0.63,
        "Total Revenue": NaN,
        "Gross Profit": 384,
        "Operating Income": 150,
        "EBIT": 239,
        "Net Income": 26
    },
    "2014-03-31": {
        "Diluted EPS": 0.47,
        "Total Revenue": NaN,
        "Gross Profit": 380,
        "Operating Income": 158,
        "EBIT": 242,
        "Net Income": 20
    },
    "2013-12-31": {
        "Diluted EPS": 0.48,
        "Total Revenue": NaN,
        "Gross Profit": 355,
        "Operating Income": 145,
        "EBIT": 222,
        "Net Income": 20
    },
    "2013-09-30": {
        "Diluted EPS": 0.39,
        "Total Revenue": NaN,
        "Gross Profit": 297,
        "Operating Income": 89,
        "EBIT": 162,
        "Net Income": 16
    },
    "2013-06-30": {
        "Diluted EPS": 0.36,
        "Total Revenue": NaN,
        "Gross Profit": 265,
        "Operating Income": 61,
        "EBIT": 131,
        "Net Income": 15
    },
    "2013-03-31": {
        "Diluted EPS": 0.32,
        "Total Revenue": NaN,
        "Gross Profit": 260,
        "Operating Income": 74,
        "EBIT": 142,
        "Net Income": 13
    },
    "2012-12-31": {
        "Diluted EPS": 0.26,
        "Total Revenue": NaN,
        "Gross Profit": 260,
        "Operating Income": 86,
        "EBIT": 143,
        "Net Income": 11
    },
    "2012-09-30": {
        "Diluted EPS": 0.21,
        "Total Revenue": NaN,
        "Gross Profit": 241,
        "Operating Income": 59,
        "EBIT": 113,
        "Net Income": 9
    },
    "2012-06-30": {
        "Diluted EPS": 0.21,
        "Total Revenue": NaN,
        "Gross Profit": 245,
        "Operating Income": 83,
        "EBIT": 136,
        "Net Income": 9
    },
    "2012-03-31": {
        "Diluted EPS": 0.23,
        "Total Revenue": NaN,
        "Gross Profit": 262,
        "Operating Income": 108,
        "EBIT": 160,
        "Net Income": 10
    },
    "2011-12-31": {
        "Diluted EPS": 0.21,
        "Total Revenue": NaN,
        "Gross Profit": 260,
        "Operating Income": 108,
        "EBIT": 161,
        "Net Income": 9
    },
    "2011-09-30": {
        "Diluted EPS": 0.12,
        "Total Revenue": NaN,
        "Gross Profit": 228,
        "Operating Income": 71,
        "EBIT": 118,
        "Net Income": 5
    },
    "2011-06-30": {
        "Diluted EPS": 0.25,
        "Total Revenue": NaN,
        "Gross Profit": 251,
        "Operating Income": 99,
        "EBIT": 148,
        "Net Income": 11
    },
    "2011-03-31": {
        "Diluted EPS": 0.16,
        "Total Revenue": NaN,
        "Gross Profit": 217,
        "Operating Income": 74,
        "EBIT": 119,
        "Net Income": 7
    },
    "2010-12-31": {
        "Diluted EPS": -0.68,
        "Total Revenue": NaN,
        "Gross Profit": 152,
        "Operating Income": 44,
        "EBIT": 85,
        "Net Income": -9
    },
    "2010-09-30": {
        "Diluted EPS": -3.77,
        "Total Revenue": NaN,
        "Gross Profit": 186,
        "Operating Income": 43,
        "EBIT": 95,
        "Net Income": -19
    },
    "2010-06-30": {
        "Diluted EPS": -48.1,
        "Total Revenue": NaN,
        "Gross Profit": 182,
        "Operating Income": 48,
        "EBIT": 95,
        "Net Income": -192
    },
    "2010-03-31": {
        "Diluted EPS": 0.0,
        "Total Revenue": NaN,
        "Gross Profit": 186,
        "Operating Income": 55,
        "EBIT": 100,
        "Net Income": 0
    },
    "2009-12-31": {
        "Diluted EPS": 0.0,
        "Total Revenue": NaN,
        "Gross Profit": NaN,
        "Operating Income": NaN,
        "EBIT": NaN,
        "Net Income": NaN
    },
    "2023-09-30": {
        "Tax Effect Of Unusual Items": 0.0,
        "Tax Rate For Calcs": 0.16191,
        "Normalized EBITDA": 839300000.0,
        "Total Unusual Items": 0.0,
        "Total Unusual Items Excluding Goodwill": 0.0,
        "Net Income From Continuing Operation Net Minority Interest": 220000000.0,
        "Reconciled Depreciation": 331300000.0,
        "Reconciled Cost Of Revenue": 3021300000.0,
        "EBITDA": 839300000.0,
        "EBIT": 508000000.0,
        "Net Interest Income": -175100000.0,
        "Interest Expense": 175100000.0,
        "Normalized Income": 220000000.0,
        "Net Income From Continuing And Discontinued Operation": 220000000.0,
        "Total Expenses": 3391500000.0,
        "Total Operating Income As Reported": 505100000.0,
        "Diluted Average Shares": 225100000.0,
        "Basic Average Shares": 223800000.0,
        "Diluted EPS": 0.97,
        "Basic EPS": 0.97,
        "Diluted NI Availto Com Stockholders": 217800000.0,
        "Average Dilution Earnings": -2200000.0,
        "Net Income Common Stockholders": 220000000.0,
        "Otherunder Preferred Stock Dividend": 0.0,
        "Net Income": 220000000.0,
        "Minority Interests": -59000000.0,
        "Net Income Including Noncontrolling Interests": 279000000.0,
        "Net Income Continuous Operations": 279000000.0,
        "Tax Provision": 53900000.0,
        "Pretax Income": 332900000.0,
        "Other Income Expense": 2900000.0,
        "Other Non Operating Income Expenses": -100000.0,
        "Special Income Charges": 0.0,
        "Gain On Sale Of Business": 0.0,
        "Earnings From Equity Interest": 3000000.0,
        "Net Non Operating Interest Income Expense": -175100000.0,
        "Total Other Finance Cost": NaN,
        "Interest Expense Non Operating": 175100000.0,
        "Operating Income": 505100000.0,
        "Operating Expense": 370200000.0,
        "Other Operating Expenses": 280200000.0,
        "Selling General And Administration": 90000000.0,
        "General And Administrative Expense": 90000000.0,
        "Other Gand A": 90000000.0,
        "Gross Profit": 875300000.0,
        "Cost Of Revenue": 3021300000.0,
        "Total Revenue": 3896600000.0,
        "Operating Revenue": 3896600000.0
    },
    "2023-12-31": {
        "Tax Effect Of Unusual Items": 0.0,
        "Tax Rate For Calcs": 0.222778,
        "Normalized EBITDA": 979500000.0,
        "Total Unusual Items": 0.0,
        "Total Unusual Items Excluding Goodwill": 0.0,
        "Net Income From Continuing Operation Net Minority Interest": 299600000.0,
        "Reconciled Depreciation": 341400000.0,
        "Reconciled Cost Of Revenue": 3239900000.0,
        "EBITDA": 979500000.0,
        "EBIT": 638100000.0,
        "Net Interest Income": -180100000.0,
        "Interest Expense": 178000000.0,
        "Normalized Income": 299600000.0,
        "Net Income From Continuing And Discontinued Operation": 299600000.0,
        "Total Expenses": 3604200000.0,
        "Total Operating Income As Reported": 635300000.0,
        "Diluted Average Shares": NaN,
        "Basic Average Shares": NaN,
        "Diluted EPS": NaN,
        "Basic EPS": NaN,
        "Diluted NI Availto Com Stockholders": 285300000.0,
        "Average Dilution Earnings": NaN,
        "Net Income Common Stockholders": 280200000.0,
        "Otherunder Preferred Stock Dividend": 19400000.0,
        "Net Income": 299600000.0,
        "Minority Interests": -58000000.0,
        "Net Income Including Noncontrolling Interests": 357600000.0,
        "Net Income Continuous Operations": 357600000.0,
        "Tax Provision": 102500000.0,
        "Pretax Income": 460100000.0,
        "Other Income Expense": 4900000.0,
        "Other Non Operating Income Expenses": 2100000.0,
        "Special Income Charges": 0.0,
        "Gain On Sale Of Business": 0.0,
        "Earnings From Equity Interest": 2800000.0,
        "Net Non Operating Interest Income Expense": -180100000.0,
        "Total Other Finance Cost": NaN,
        "Interest Expense Non Operating": 178000000.0,
        "Operating Income": 635300000.0,
        "Operating Expense": 364300000.0,
        "Other Operating Expenses": 269000000.0,
        "Selling General And Administration": 95300000.0,
        "General And Administrative Expense": 95300000.0,
        "Other Gand A": 95300000.0,
        "Gross Profit": 999600000.0,
        "Cost Of Revenue": 3239900000.0,
        "Total Revenue": 4239500000.0,
        "Operating Revenue": 4239500000.0
    },
    "2024-03-31": {
        "Tax Effect Of Unusual Items": 0.0,
        "Tax Rate For Calcs": 0.199133,
        "Normalized EBITDA": 979900000.0,
        "Total Unusual Items": NaN,
        "Total Unusual Items Excluding Goodwill": NaN,
        "Net Income From Continuing Operation Net Minority Interest": 275200000.0,
        "Reconciled Depreciation": 340500000.0,
        "Reconciled Cost Of Revenue": 3558500000.0,
        "EBITDA": 979900000.0,
        "EBIT": 639400000.0,
        "Net Interest Income": -228600000.0,
        "Interest Expense": NaN,
        "Normalized Income": 275200000.0,
        "Net Income From Continuing And Discontinued Operation": 275200000.0,
        "Total Expenses": 3923000000.0,
        "Total Operating Income As Reported": 639400000.0,
        "Diluted Average Shares": 223700000.0,
        "Basic Average Shares": 222800000.0,
        "Diluted EPS": 1.22,
        "Basic EPS": 1.23,
        "Diluted NI Availto Com Stockholders": 273000000.0,
        "Average Dilution Earnings": -2200000.0,
        "Net Income Common Stockholders": 275200000.0,
        "Otherunder Preferred Stock Dividend": 0.0,
        "Net Income": 275200000.0,
        "Minority Interests": -57400000.0,
        "Net Income Including Noncontrolling Interests": 332600000.0,
        "Net Income Continuous Operations": 332600000.0,
        "Tax Provision": 82700000.0,
        "Pretax Income": 415300000.0,
        "Other Income Expense": 4500000.0,
        "Other Non Operating Income Expenses": 1700000.0,
        "Special Income Charges": NaN,
        "Gain On Sale Of Business": NaN,
        "Earnings From Equity Interest": 2800000.0,
        "Net Non Operating Interest Income Expense": -228600000.0,
        "Total Other Finance Cost": 228600000.0,
        "Interest Expense Non Operating": NaN,
        "Operating Income": 639400000.0,
        "Operating Expense": 364500000.0,
        "Other Operating Expenses": 278000000.0,
        "Selling General And Administration": 86500000.0,
        "General And Administrative Expense": 86500000.0,
        "Other Gand A": 86500000.0,
        "Gross Profit": 1003900000.0,
        "Cost Of Revenue": 3558500000.0,
        "Total Revenue": 4562400000.0,
        "Operating Revenue": 4562400000.0
    },
    "2024-06-30": {
        "Tax Effect Of Unusual Items": 0.0,
        "Tax Rate For Calcs": 0.208076,
        "Normalized EBITDA": 977800000.0,
        "Total Unusual Items": NaN,
        "Total Unusual Items Excluding Goodwill": NaN,
        "Net Income From Continuing Operation Net Minority Interest": 298500000.0,
        "Reconciled Depreciation": 348600000.0,
        "Reconciled Cost Of Revenue": 2546000000.0,
        "EBITDA": 977800000.0,
        "EBIT": 629200000.0,
        "Net Interest Income": -176800000.0,
        "Interest Expense": 176000000.0,
        "Normalized Income": 298500000.0,
        "Net Income From Continuing And Discontinued Operation": 298500000.0,
        "Total Expenses": 2934800000.0,
        "Total Operating Income As Reported": 627200000.0,
        "Diluted Average Shares": 221900000.0,
        "Basic Average Shares": 221000000.0,
        "Diluted EPS": 1.33,
        "Basic EPS": 1.34,
        "Diluted NI Availto Com Stockholders": 296200000.0,
        "Average Dilution Earnings": -2300000.0,
        "Net Income Common Stockholders": 298500000.0,
        "Otherunder Preferred Stock Dividend": 0.0,
        "Net Income": 298500000.0,
        "Minority Interests": -60400000.0,
        "Net Income Including Noncontrolling Interests": 358900000.0,
        "Net Income Continuous Operations": 358900000.0,
        "Tax Provision": 94300000.0,
        "Pretax Income": 453200000.0,
        "Other Income Expense": 2800000.0,
        "Other Non Operating Income Expenses": -100000.0,
        "Special Income Charges": NaN,
        "Gain On Sale Of Business": NaN,
        "Earnings From Equity Interest": 2900000.0,
        "Net Non Operating Interest Income Expense": -176800000.0,
        "Total Other Finance Cost": 800000.0,
        "Interest Expense Non Operating": 176000000.0,
        "Operating Income": 627200000.0,
        "Operating Expense": 388800000.0,
        "Other Operating Expenses": 290500000.0,
        "Selling General And Administration": 98300000.0,
        "General And Administrative Expense": 98300000.0,
        "Other Gand A": 98300000.0,
        "Gross Profit": 1016000000.0,
        "Cost Of Revenue": 2546000000.0,
        "Total Revenue": 3562000000.0,
        "Operating Revenue": 3562000000.0
    }
}