{
    "2023-03-31": {
        "Tax Effect Of Unusual Items": NaN,
        "Tax Rate For Calcs": NaN,
        "Normalized EBITDA": NaN,
        "Total Unusual Items": -73000000.0,
        "Total Unusual Items Excluding Goodwill": -73000000.0,
        "Net Income From Continuing Operation Net Minority Interest": NaN,
        "Reconciled Depreciation": NaN,
        "Reconciled Cost Of Revenue": 342000000.0,
        "EBITDA": NaN,
        "EBIT": NaN,
        "Net Interest Income": NaN,
        "Interest Expense": NaN,
        "Interest Income": NaN,
        "Normalized Income": NaN,
        "Net Income From Continuing And Discontinued Operation": NaN,
        "Total Expenses": NaN,
        "Total Operating Income As Reported": NaN,
        "Diluted Average Shares": NaN,
        "Basic Average Shares": NaN,
        "Diluted EPS": NaN,
        "Basic EPS": NaN,
        "Diluted NI Availto Com Stockholders": NaN,
        "Net Income Common Stockholders": NaN,
        "Net Income": NaN,
        "Minority Interests": 0.0,
        "Net Income Including Noncontrolling Interests": NaN,
        "Net Income Discontinuous Operations": NaN,
        "Net Income Continuous Operations": NaN,
        "Earnings From Equity Interest Net Of Tax": NaN,
        "Tax Provision": NaN,
        "Pretax Income": NaN,
        "Other Income Expense": -73000000.0,
        "Special Income Charges": 23000000.0,
        "Gain On Sale Of Business": 23000000.0,
        "Gain On Sale Of Security": -96000000.0,
        "Net Non Operating Interest Income Expense": NaN,
        "Total Other Finance Cost": -2000000.0,
        "Interest Expense Non Operating": NaN,
        "Interest Income Non Operating": NaN,
        "Operating Income": NaN,
        "Operating Expense": NaN,
        "Other Operating Expenses": NaN,
        "Depreciation Amortization Depletion Income Statement": NaN,
        "Depreciation And Amortization In Income Statement": NaN,
        "Amortization": NaN,
        "Amortization Of Intangibles Income Statement": NaN,
        "Depreciation Income Statement": NaN,
        "Selling General And Administration": 651000000.0,
        "General And Administrative Expense": 651000000.0,
        "Other Gand A": 10000000.0,
        "Salaries And Wages": 641000000.0,
        "Gross Profit": 1396000000.0,
        "Cost Of Revenue": 342000000.0,
        "Total Revenue": NaN,
        "Operating Revenue": NaN
    },
    "2022-12-31": {
        "Tax Effect Of Unusual Items": NaN,
        "Tax Rate For Calcs": NaN,
        "Normalized EBITDA": NaN,
        "Total Unusual Items": NaN,
        "Total Unusual Items Excluding Goodwill": NaN,
        "Net Income From Continuing Operation Net Minority Interest": NaN,
        "Reconciled Depreciation": NaN,
        "Reconciled Cost Of Revenue": NaN,
        "EBITDA": NaN,
        "EBIT": NaN,
        "Net Interest Income": NaN,
        "Interest Expense": NaN,
        "Interest Income": -854000000.0,
        "Normalized Income": NaN,
        "Net Income From Continuing And Discontinued Operation": NaN,
        "Total Expenses": NaN,
        "Total Operating Income As Reported": NaN,
        "Diluted Average Shares": NaN,
        "Basic Average Shares": NaN,
        "Diluted EPS": NaN,
        "Basic EPS": NaN,
        "Diluted NI Availto Com Stockholders": NaN,
        "Net Income Common Stockholders": NaN,
        "Net Income": NaN,
        "Minority Interests": NaN,
        "Net Income Including Noncontrolling Interests": NaN,
        "Net Income Discontinuous Operations": NaN,
        "Net Income Continuous Operations": NaN,
        "Earnings From Equity Interest Net Of Tax": NaN,
        "Tax Provision": NaN,
        "Pretax Income": NaN,
        "Other Income Expense": NaN,
        "Special Income Charges": NaN,
        "Gain On Sale Of Business": NaN,
        "Gain On Sale Of Security": NaN,
        "Net Non Operating Interest Income Expense": NaN,
        "Total Other Finance Cost": NaN,
        "Interest Expense Non Operating": NaN,
        "Interest Income Non Operating": -854000000.0,
        "Operating Income": NaN,
        "Operating Expense": NaN,
        "Other Operating Expenses": NaN,
        "Depreciation Amortization Depletion Income Statement": NaN,
        "Depreciation And Amortization In Income Statement": NaN,
        "Amortization": NaN,
        "Amortization Of Intangibles Income Statement": NaN,
        "Depreciation Income Statement": NaN,
        "Selling General And Administration": NaN,
        "General And Administrative Expense": NaN,
        "Other Gand A": NaN,
        "Salaries And Wages": NaN,
        "Gross Profit": NaN,
        "Cost Of Revenue": NaN,
        "Total Revenue": NaN,
        "Operating Revenue": NaN
    },
    "2022-09-30": {
        "Tax Effect Of Unusual Items": NaN,
        "Tax Rate For Calcs": NaN,
        "Normalized EBITDA": NaN,
        "Total Unusual Items": 462000000.0,
        "Total Unusual Items Excluding Goodwill": 462000000.0,
        "Net Income From Continuing Operation Net Minority Interest": NaN,
        "Reconciled Depreciation": NaN,
        "Reconciled Cost Of Revenue": 587000000.0,
        "EBITDA": NaN,
        "EBIT": NaN,
        "Net Interest Income": NaN,
        "Interest Expense": NaN,
        "Interest Income": 3000000.0,
        "Normalized Income": NaN,
        "Net Income From Continuing And Discontinued Operation": NaN,
        "Total Expenses": NaN,
        "Total Operating Income As Reported": NaN,
        "Diluted Average Shares": NaN,
        "Basic Average Shares": NaN,
        "Diluted EPS": NaN,
        "Basic EPS": NaN,
        "Diluted NI Availto Com Stockholders": NaN,
        "Net Income Common Stockholders": NaN,
        "Net Income": NaN,
        "Minority Interests": NaN,
        "Net Income Including Noncontrolling Interests": NaN,
        "Net Income Discontinuous Operations": NaN,
        "Net Income Continuous Operations": NaN,
        "Earnings From Equity Interest Net Of Tax": NaN,
        "Tax Provision": NaN,
        "Pretax Income": NaN,
        "Other Income Expense": 462000000.0,
        "Special Income Charges": NaN,
        "Gain On Sale Of Business": NaN,
        "Gain On Sale Of Security": 462000000.0,
        "Net Non Operating Interest Income Expense": NaN,
        "Total Other Finance Cost": NaN,
        "Interest Expense Non Operating": NaN,
        "Interest Income Non Operating": 3000000.0,
        "Operating Income": NaN,
        "Operating Expense": NaN,
        "Other Operating Expenses": NaN,
        "Depreciation Amortization Depletion Income Statement": NaN,
        "Depreciation And Amortization In Income Statement": NaN,
        "Amortization": NaN,
        "Amortization Of Intangibles Income Statement": NaN,
        "Depreciation Income Statement": NaN,
        "Selling General And Administration": 67000000.0,
        "General And Administrative Expense": 67000000.0,
        "Other Gand A": 8000000.0,
        "Salaries And Wages": 59000000.0,
        "Gross Profit": 987000000.0,
        "Cost Of Revenue": 587000000.0,
        "Total Revenue": NaN,
        "Operating Revenue": NaN
    },
    "2022-06-30": {
        "Tax Effect Of Unusual Items": 0.0,
        "Tax Rate For Calcs": 0.4,
        "Normalized EBITDA": 895000000.0,
        "Total Unusual Items": NaN,
        "Total Unusual Items Excluding Goodwill": NaN,
        "Net Income From Continuing Operation Net Minority Interest": -71000000.0,
        "Reconciled Depreciation": 184000000.0,
        "Reconciled Cost Of Revenue": NaN,
        "EBITDA": 895000000.0,
        "EBIT": 711000000.0,
        "Net Interest Income": 271000000.0,
        "Interest Expense": 49000000.0,
        "Interest Income": 320000000.0,
        "Normalized Income": -71000000.0,
        "Net Income From Continuing And Discontinued Operation": -115000000.0,
        "Total Expenses": 1223000000.0,
        "Total Operating Income As Reported": 391000000.0,
        "Diluted Average Shares": 469612281.0,
        "Basic Average Shares": 469612281.0,
        "Diluted EPS": -0.248974,
        "Basic EPS": -0.248974,
        "Diluted NI Availto Com Stockholders": -115000000.0,
        "Net Income Common Stockholders": -115000000.0,
        "Net Income": -115000000.0,
        "Net Income Including Noncontrolling Interests": -115000000.0,
        "Net Income Discontinuous Operations": -44000000.0,
        "Net Income Continuous Operations": -71000000.0,
        "Earnings From Equity Interest Net Of Tax": -825000000.0,
        "Tax Provision": -92000000.0,
        "Pretax Income": 662000000.0,
        "Other Income Expense": NaN,
        "Special Income Charges": NaN,
        "Gain On Sale Of Business": NaN,
        "Gain On Sale Of Security": NaN,
        "Net Non Operating Interest Income Expense": 271000000.0,
        "Total Other Finance Cost": -320000000.0,
        "Interest Expense Non Operating": 49000000.0,
        "Interest Income Non Operating": 320000000.0,
        "Operating Income": 391000000.0,
        "Operating Expense": 1223000000.0,
        "Other Operating Expenses": 1039000000.0,
        "Depreciation Amortization Depletion Income Statement": 184000000.0,
        "Depreciation And Amortization In Income Statement": 184000000.0,
        "Amortization": 146000000.0,
        "Amortization Of Intangibles Income Statement": 146000000.0,
        "Depreciation Income Statement": 38000000.0,
        "Selling General And Administration": NaN,
        "General And Administrative Expense": NaN,
        "Other Gand A": NaN,
        "Salaries And Wages": NaN,
        "Gross Profit": NaN,
        "Cost Of Revenue": NaN,
        "Total Revenue": 1614000000.0,
        "Operating Revenue": 1614000000.0
    },
    "2023-06-30": {
        "Tax Effect Of Unusual Items": 77555878.08418,
        "Tax Rate For Calcs": 0.317852,
        "Normalized EBITDA": 685000000.0,
        "Total Unusual Items": 244000000.0,
        "Total Unusual Items Excluding Goodwill": 244000000.0,
        "Net Income From Continuing Operation Net Minority Interest": 889000000.0,
        "Reconciled Depreciation": 179000000.0,
        "Reconciled Cost Of Revenue": 295000000.0,
        "EBITDA": 929000000.0,
        "EBIT": 750000000.0,
        "Net Interest Income": -34000000.0,
        "Interest Expense": 61000000.0,
        "Interest Income": 27000000.0,
        "Normalized Income": 722555878.08418,
        "Net Income From Continuing And Discontinued Operation": 894000000.0,
        "Total Expenses": 1168000000.0,
        "Total Operating Income As Reported": 825000000.0,
        "Diluted Average Shares": 470382600.0,
        "Basic Average Shares": 469756868.0,
        "Diluted EPS": 1.9,
        "Basic EPS": 1.9,
        "Diluted NI Availto Com Stockholders": 894000000.0,
        "Net Income Common Stockholders": 894000000.0,
        "Net Income": 894000000.0,
        "Minority Interests": NaN,
        "Net Income Including Noncontrolling Interests": 894000000.0,
        "Net Income Discontinuous Operations": 5000000.0,
        "Net Income Continuous Operations": 889000000.0,
        "Earnings From Equity Interest Net Of Tax": 419000000.0,
        "Tax Provision": 219000000.0,
        "Pretax Income": 689000000.0,
        "Other Income Expense": 244000000.0,
        "Special Income Charges": 347000000.0,
        "Gain On Sale Of Business": 347000000.0,
        "Gain On Sale Of Security": -103000000.0,
        "Net Non Operating Interest Income Expense": -34000000.0,
        "Total Other Finance Cost": 102000000.0,
        "Interest Expense Non Operating": 61000000.0,
        "Interest Income Non Operating": 27000000.0,
        "Operating Income": 479000000.0,
        "Operating Expense": 873000000.0,
        "Other Operating Expenses": 74000000.0,
        "Depreciation Amortization Depletion Income Statement": 179000000.0,
        "Depreciation And Amortization In Income Statement": 179000000.0,
        "Amortization": 150000000.0,
        "Amortization Of Intangibles Income Statement": 150000000.0,
        "Depreciation Income Statement": 29000000.0,
        "Selling General And Administration": 620000000.0,
        "General And Administrative Expense": 620000000.0,
        "Other Gand A": 9000000.0,
        "Salaries And Wages": 611000000.0,
        "Gross Profit": 1352000000.0,
        "Cost Of Revenue": 295000000.0,
        "Total Revenue": 1647000000.0,
        "Operating Revenue": 1647000000.0
    },
    "2022-03-31": {
        "Diluted EPS": 2.14,
        "Total Revenue": NaN,
        "Gross Profit": 593,
        "Operating Income": 414,
        "EBIT": 592,
        "Net Income": NaN
    },
    "2021-12-31": {
        "Diluted EPS": -0.3,
        "Total Revenue": NaN,
        "Gross Profit": 454,
        "Operating Income": 257,
        "EBIT": 453,
        "Net Income": -175
    },
    "2021-09-30": {
        "Diluted EPS": -0.51,
        "Total Revenue": NaN,
        "Gross Profit": 466,
        "Operating Income": 282,
        "EBIT": 470,
        "Net Income": -240
    },
    "2021-06-30": {
        "Diluted EPS": 2.23,
        "Total Revenue": NaN,
        "Gross Profit": 496,
        "Operating Income": 316,
        "EBIT": 510,
        "Net Income": NaN
    },
    "2021-03-31": {
        "Diluted EPS": 10.51,
        "Total Revenue": NaN,
        "Gross Profit": 562,
        "Operating Income": 387,
        "EBIT": 579,
        "Net Income": NaN
    },
    "2020-12-31": {
        "Diluted EPS": 1.17,
        "Total Revenue": NaN,
        "Gross Profit": 518,
        "Operating Income": 956,
        "EBIT": NaN,
        "Net Income": 560
    },
    "2020-09-30": {
        "Diluted EPS": 0.5,
        "Total Revenue": NaN,
        "Gross Profit": 488,
        "Operating Income": 318,
        "EBIT": 544,
        "Net Income": 241
    },
    "2020-06-30": {
        "Diluted EPS": 0.26,
        "Total Revenue": NaN,
        "Gross Profit": 476,
        "Operating Income": 365,
        "EBIT": 556,
        "Net Income": 126
    },
    "2020-03-31": {
        "Diluted EPS": 0.41,
        "Total Revenue": NaN,
        "Gross Profit": 503,
        "Operating Income": 290,
        "EBIT": 471,
        "Net Income": 193
    },
    "2019-12-31": {
        "Diluted EPS": 2.74,
        "Total Revenue": NaN,
        "Gross Profit": 390,
        "Operating Income": 216,
        "EBIT": 417,
        "Net Income": NaN
    },
    "2019-09-30": {
        "Diluted EPS": -0.09,
        "Total Revenue": NaN,
        "Gross Profit": 354,
        "Operating Income": 262,
        "EBIT": 445,
        "Net Income": -44
    },
    "2019-06-30": {
        "Diluted EPS": 0.37,
        "Total Revenue": NaN,
        "Gross Profit": 353,
        "Operating Income": 447,
        "EBIT": 614,
        "Net Income": 180
    },
    "2019-03-31": {
        "Diluted EPS": 0.21,
        "Total Revenue": NaN,
        "Gross Profit": 396,
        "Operating Income": 274,
        "EBIT": 440,
        "Net Income": 104
    },
    "2018-12-31": {
        "Diluted EPS": 5.28,
        "Total Revenue": NaN,
        "Gross Profit": 278,
        "Operating Income": 135,
        "EBIT": 294,
        "Net Income": NaN
    },
    "2018-09-30": {
        "Diluted EPS": 0.41,
        "Total Revenue": NaN,
        "Gross Profit": 318,
        "Operating Income": 173,
        "EBIT": 319,
        "Net Income": 272
    },
    "2018-06-30": {
        "Diluted EPS": 0.91,
        "Total Revenue": NaN,
        "Gross Profit": 347,
        "Operating Income": 204,
        "EBIT": 361,
        "Net Income": 625
    },
    "2018-03-31": {
        "Diluted EPS": -0.5,
        "Total Revenue": NaN,
        "Gross Profit": 427,
        "Operating Income": 268,
        "EBIT": 425,
        "Net Income": -339
    },
    "2017-12-31": {
        "Diluted EPS": 0.71,
        "Total Revenue": NaN,
        "Gross Profit": 406,
        "Operating Income": 254,
        "EBIT": 406,
        "Net Income": 574
    },
    "2017-09-30": {
        "Diluted EPS": 0.53,
        "Total Revenue": NaN,
        "Gross Profit": 384,
        "Operating Income": 288,
        "EBIT": 420,
        "Net Income": 330
    },
    "2017-06-30": {
        "Diluted EPS": 0.31,
        "Total Revenue": NaN,
        "Gross Profit": 381,
        "Operating Income": 218,
        "EBIT": 380,
        "Net Income": 192
    },
    "2017-03-31": {
        "Diluted EPS": 0.47,
        "Total Revenue": NaN,
        "Gross Profit": 420,
        "Operating Income": 274,
        "EBIT": 433,
        "Net Income": 297
    },
    "2016-12-31": {
        "Diluted EPS": 3.41,
        "Total Revenue": NaN,
        "Gross Profit": 692,
        "Operating Income": 294,
        "EBIT": 701,
        "Net Income": NaN
    },
    "2016-09-30": {
        "Diluted EPS": 0.41,
        "Total Revenue": NaN,
        "Gross Profit": 780,
        "Operating Income": 385,
        "EBIT": 768,
        "Net Income": 273
    },
    "2016-06-30": {
        "Diluted EPS": 0.51,
        "Total Revenue": NaN,
        "Gross Profit": 778,
        "Operating Income": 401,
        "EBIT": 785,
        "Net Income": 337
    },
    "2016-03-31": {
        "Diluted EPS": 0.39,
        "Total Revenue": NaN,
        "Gross Profit": 684,
        "Operating Income": 310,
        "EBIT": 688,
        "Net Income": 262
    },
    "2015-12-31": {
        "Diluted EPS": 0.61,
        "Total Revenue": NaN,
        "Gross Profit": 808,
        "Operating Income": 433,
        "EBIT": 808,
        "Net Income": 406
    },
    "2015-09-30": {
        "Diluted EPS": 0.41,
        "Total Revenue": NaN,
        "Gross Profit": 789,
        "Operating Income": 386,
        "EBIT": 779,
        "Net Income": 280
    },
    "2015-06-30": {
        "Diluted EPS": 0.38,
        "Total Revenue": NaN,
        "Gross Profit": 711,
        "Operating Income": 345,
        "EBIT": 746,
        "Net Income": 262
    },
    "2015-03-31": {
        "Diluted EPS": 0.43,
        "Total Revenue": NaN,
        "Gross Profit": 787,
        "Operating Income": 362,
        "EBIT": 775,
        "Net Income": 305
    },
    "2014-12-31": {
        "Diluted EPS": 1.62,
        "Total Revenue": NaN,
        "Gross Profit": 828,
        "Operating Income": NaN,
        "EBIT": NaN,
        "Net Income": NaN
    },
    "2014-09-30": {
        "Diluted EPS": 0.32,
        "Total Revenue": NaN,
        "Gross Profit": 909,
        "Operating Income": 466,
        "EBIT": 918,
        "Net Income": 231
    },
    "2014-06-30": {
        "Diluted EPS": 0.35,
        "Total Revenue": NaN,
        "Gross Profit": 844,
        "Operating Income": 381,
        "EBIT": 842,
        "Net Income": 249
    },
    "2014-03-31": {
        "Diluted EPS": 0.39,
        "Total Revenue": NaN,
        "Gross Profit": 817,
        "Operating Income": 359,
        "EBIT": 814,
        "Net Income": 282
    },
    "2013-12-31": {
        "Diluted EPS": -0.49,
        "Total Revenue": NaN,
        "Gross Profit": 606,
        "Operating Income": 213,
        "EBIT": 680,
        "Net Income": -350
    },
    "2013-09-30": {
        "Diluted EPS": 0.38,
        "Total Revenue": NaN,
        "Gross Profit": 784,
        "Operating Income": 316,
        "EBIT": 778,
        "Net Income": 271
    },
    "2013-06-30": {
        "Diluted EPS": 0.34,
        "Total Revenue": NaN,
        "Gross Profit": 907,
        "Operating Income": 597,
        "EBIT": NaN,
        "Net Income": 248
    },
    "2013-03-31": {
        "Diluted EPS": -0.05,
        "Total Revenue": NaN,
        "Gross Profit": 851,
        "Operating Income": 390,
        "EBIT": 845,
        "Net Income": -32
    },
    "2012-12-31": {
        "Diluted EPS": 0.49,
        "Total Revenue": NaN,
        "Gross Profit": 903,
        "Operating Income": 537,
        "EBIT": 984,
        "Net Income": 350
    },
    "2012-09-30": {
        "Diluted EPS": 0.61,
        "Total Revenue": NaN,
        "Gross Profit": 823,
        "Operating Income": 372,
        "EBIT": 805,
        "Net Income": 441
    },
    "2012-06-30": {
        "Diluted EPS": 1.23,
        "Total Revenue": NaN,
        "Gross Profit": 921,
        "Operating Income": NaN,
        "EBIT": NaN,
        "Net Income": 902
    },
    "2012-03-31": {
        "Diluted EPS": 0.4,
        "Total Revenue": NaN,
        "Gross Profit": 775,
        "Operating Income": 364,
        "EBIT": 797,
        "Net Income": 293
    },
    "2011-12-31": {
        "Diluted EPS": -3.52,
        "Total Revenue": NaN,
        "Gross Profit": 973,
        "Operating Income": NaN,
        "EBIT": 875,
        "Net Income": NaN
    },
    "2011-09-30": {
        "Diluted EPS": 0.5,
        "Total Revenue": NaN,
        "Gross Profit": NaN,
        "Operating Income": 659,
        "EBIT": NaN,
        "Net Income": 369
    },
    "2011-06-30": {
        "Diluted EPS": 0.77,
        "Total Revenue": NaN,
        "Gross Profit": 969,
        "Operating Income": 833,
        "EBIT": NaN,
        "Net Income": 572
    },
    "2011-03-31": {
        "Diluted EPS": 0.34,
        "Total Revenue": NaN,
        "Gross Profit": 778,
        "Operating Income": 396,
        "EBIT": 811,
        "Net Income": 250
    },
    "2010-12-31": {
        "Diluted EPS": 0.31,
        "Total Revenue": NaN,
        "Gross Profit": 718,
        "Operating Income": 307,
        "EBIT": 718,
        "Net Income": 224
    },
    "2010-09-30": {
        "Diluted EPS": 0.37,
        "Total Revenue": NaN,
        "Gross Profit": 723,
        "Operating Income": 356,
        "EBIT": 741,
        "Net Income": 268
    },
    "2010-06-30": {
        "Diluted EPS": 0.4,
        "Total Revenue": NaN,
        "Gross Profit": 839,
        "Operating Income": 435,
        "EBIT": 805,
        "Net Income": 290
    },
    "2010-03-31": {
        "Diluted EPS": 0.17,
        "Total Revenue": NaN,
        "Gross Profit": 729,
        "Operating Income": 321,
        "EBIT": 729,
        "Net Income": 134
    },
    "2009-12-31": {
        "Diluted EPS": 0.24,
        "Total Revenue": NaN,
        "Gross Profit": 466,
        "Operating Income": 195,
        "EBIT": 610,
        "Net Income": 177
    },
    "2009-09-30": {
        "Diluted EPS": 0.22,
        "Total Revenue": NaN,
        "Gross Profit": 765,
        "Operating Income": 378,
        "EBIT": 765,
        "Net Income": 167
    },
    "2009-06-30": {
        "Diluted EPS": 0.43,
        "Total Revenue": NaN,
        "Gross Profit": NaN,
        "Operating Income": 621,
        "EBIT": NaN,
        "Net Income": 315
    },
    "2009-03-31": {
        "Diluted EPS": 0.31,
        "Total Revenue": NaN,
        "Gross Profit": 746,
        "Operating Income": 374,
        "EBIT": 746,
        "Net Income": 227
    },
    "2023-09-30": {
        "Tax Effect Of Unusual Items": 48800000.0,
        "Tax Rate For Calcs": 0.4,
        "Normalized EBITDA": 650000000.0,
        "Total Unusual Items": 122000000.0,
        "Total Unusual Items Excluding Goodwill": 122000000.0,
        "Net Income From Continuing Operation Net Minority Interest": 370000000.0,
        "Reconciled Depreciation": 184000000.0,
        "Reconciled Cost Of Revenue": 294000000.0,
        "EBITDA": 772000000.0,
        "EBIT": 588000000.0,
        "Net Interest Income": -31000000.0,
        "Interest Expense": 62000000.0,
        "Interest Income": 30000000.0,
        "Normalized Income": 296800000.0,
        "Net Income From Continuing And Discontinued Operation": 367000000.0,
        "Total Expenses": 1159000000.0,
        "Total Operating Income As Reported": 441000000.0,
        "Diluted Average Shares": 456062363.0,
        "Basic Average Shares": 455458515.0,
        "Diluted EPS": 0.8,
        "Basic EPS": 0.8,
        "Diluted NI Availto Com Stockholders": 367000000.0,
        "Net Income Common Stockholders": 367000000.0,
        "Net Income": 367000000.0,
        "Minority Interests": NaN,
        "Net Income Including Noncontrolling Interests": 367000000.0,
        "Net Income Discontinuous Operations": -3000000.0,
        "Net Income Continuous Operations": 370000000.0,
        "Earnings From Equity Interest Net Of Tax": -174000000.0,
        "Tax Provision": -18000000.0,
        "Pretax Income": 526000000.0,
        "Other Income Expense": 122000000.0,
        "Special Income Charges": NaN,
        "Gain On Sale Of Business": NaN,
        "Gain On Sale Of Security": 122000000.0,
        "Net Non Operating Interest Income Expense": -31000000.0,
        "Total Other Finance Cost": -1000000.0,
        "Interest Expense Non Operating": 62000000.0,
        "Interest Income Non Operating": 30000000.0,
        "Operating Income": 435000000.0,
        "Operating Expense": 865000000.0,
        "Other Operating Expenses": 81000000.0,
        "Depreciation Amortization Depletion Income Statement": 184000000.0,
        "Depreciation And Amortization In Income Statement": 184000000.0,
        "Amortization": 156000000.0,
        "Amortization Of Intangibles Income Statement": 156000000.0,
        "Depreciation Income Statement": 28000000.0,
        "Selling General And Administration": 600000000.0,
        "General And Administrative Expense": 600000000.0,
        "Other Gand A": 10000000.0,
        "Salaries And Wages": 590000000.0,
        "Gross Profit": 1300000000.0,
        "Cost Of Revenue": 294000000.0,
        "Total Revenue": 1594000000.0,
        "Operating Revenue": 1594000000.0
    },
    "2023-12-31": {
        "Tax Effect Of Unusual Items": 12780487.804878,
        "Tax Rate For Calcs": 0.04878,
        "Normalized EBITDA": 393000000.0,
        "Total Unusual Items": 262000000.0,
        "Total Unusual Items Excluding Goodwill": 262000000.0,
        "Net Income From Continuing Operation Net Minority Interest": 650000000.0,
        "Reconciled Depreciation": 189000000.0,
        "Reconciled Cost Of Revenue": 364000000.0,
        "EBITDA": 655000000.0,
        "EBIT": 466000000.0,
        "Net Interest Income": -29000000.0,
        "Interest Expense": 56000000.0,
        "Interest Income": 25000000.0,
        "Normalized Income": 400780487.804878,
        "Net Income From Continuing And Discontinued Operation": 678000000.0,
        "Total Expenses": 1638000000.0,
        "Total Operating Income As Reported": 558000000.0,
        "Diluted Average Shares": 455173945.0,
        "Basic Average Shares": 454510754.0,
        "Diluted EPS": 1.49,
        "Basic EPS": 1.49,
        "Diluted NI Availto Com Stockholders": 673000000.0,
        "Net Income Common Stockholders": 673000000.0,
        "Net Income": 678000000.0,
        "Minority Interests": NaN,
        "Net Income Including Noncontrolling Interests": 678000000.0,
        "Net Income Discontinuous Operations": 28000000.0,
        "Net Income Continuous Operations": 650000000.0,
        "Earnings From Equity Interest Net Of Tax": 260000000.0,
        "Tax Provision": 20000000.0,
        "Pretax Income": 410000000.0,
        "Other Income Expense": 262000000.0,
        "Special Income Charges": NaN,
        "Gain On Sale Of Business": NaN,
        "Gain On Sale Of Security": -122000000.0,
        "Net Non Operating Interest Income Expense": -29000000.0,
        "Total Other Finance Cost": -2000000.0,
        "Interest Expense Non Operating": 56000000.0,
        "Interest Income Non Operating": 25000000.0,
        "Operating Income": 177000000.0,
        "Operating Expense": 1274000000.0,
        "Other Operating Expenses": 423000000.0,
        "Depreciation Amortization Depletion Income Statement": 189000000.0,
        "Depreciation And Amortization In Income Statement": 189000000.0,
        "Amortization": 160000000.0,
        "Amortization Of Intangibles Income Statement": 160000000.0,
        "Depreciation Income Statement": 29000000.0,
        "Selling General And Administration": 662000000.0,
        "General And Administrative Expense": 662000000.0,
        "Other Gand A": 10000000.0,
        "Salaries And Wages": 652000000.0,
        "Gross Profit": 1451000000.0,
        "Cost Of Revenue": 364000000.0,
        "Total Revenue": 1815000000.0,
        "Operating Revenue": 1815000000.0
    },
    "2024-03-31": {
        "Tax Effect Of Unusual Items": 3604823.747681,
        "Tax Rate For Calcs": 0.124304,
        "Normalized EBITDA": 767000000.0,
        "Total Unusual Items": 29000000.0,
        "Total Unusual Items Excluding Goodwill": 29000000.0,
        "Net Income From Continuing Operation Net Minority Interest": 467000000.0,
        "Reconciled Depreciation": 206000000.0,
        "Reconciled Cost Of Revenue": 373000000.0,
        "EBITDA": 796000000.0,
        "EBIT": 590000000.0,
        "Net Interest Income": -45000000.0,
        "Interest Expense": 51000000.0,
        "Interest Income": 11000000.0,
        "Normalized Income": 441604823.747681,
        "Net Income From Continuing And Discontinued Operation": 481000000.0,
        "Total Expenses": 1330000000.0,
        "Total Operating Income As Reported": 557000000.0,
        "Diluted Average Shares": 452827063.0,
        "Basic Average Shares": 452126329.0,
        "Diluted EPS": 1.06,
        "Basic EPS": 1.06,
        "Diluted NI Availto Com Stockholders": 481000000.0,
        "Net Income Common Stockholders": 481000000.0,
        "Net Income": 481000000.0,
        "Minority Interests": 3000000.0,
        "Net Income Including Noncontrolling Interests": 478000000.0,
        "Net Income Discontinuous Operations": 14000000.0,
        "Net Income Continuous Operations": 464000000.0,
        "Earnings From Equity Interest Net Of Tax": -8000000.0,
        "Tax Provision": 67000000.0,
        "Pretax Income": 539000000.0,
        "Other Income Expense": 29000000.0,
        "Special Income Charges": NaN,
        "Gain On Sale Of Business": NaN,
        "Gain On Sale Of Security": 29000000.0,
        "Net Non Operating Interest Income Expense": -45000000.0,
        "Total Other Finance Cost": 5000000.0,
        "Interest Expense Non Operating": 51000000.0,
        "Interest Income Non Operating": 11000000.0,
        "Operating Income": 555000000.0,
        "Operating Expense": 957000000.0,
        "Other Operating Expenses": 122000000.0,
        "Depreciation Amortization Depletion Income Statement": 206000000.0,
        "Depreciation And Amortization In Income Statement": 206000000.0,
        "Amortization": 178000000.0,
        "Amortization Of Intangibles Income Statement": 178000000.0,
        "Depreciation Income Statement": 28000000.0,
        "Selling General And Administration": 629000000.0,
        "General And Administrative Expense": 629000000.0,
        "Other Gand A": 9000000.0,
        "Salaries And Wages": 620000000.0,
        "Gross Profit": 1512000000.0,
        "Cost Of Revenue": 373000000.0,
        "Total Revenue": 1885000000.0,
        "Operating Revenue": 1885000000.0
    },
    "2024-06-30": {
        "Tax Effect Of Unusual Items": 0.0,
        "Tax Rate For Calcs": 0.15,
        "Normalized EBITDA": 623000000.0,
        "Total Unusual Items": NaN,
        "Total Unusual Items Excluding Goodwill": NaN,
        "Net Income From Continuing Operation Net Minority Interest": 844000000.0,
        "Reconciled Depreciation": 206000000.0,
        "Reconciled Cost Of Revenue": NaN,
        "EBITDA": 623000000.0,
        "EBIT": 417000000.0,
        "Net Interest Income": -34000000.0,
        "Interest Expense": 36000000.0,
        "Interest Income": 2000000.0,
        "Normalized Income": 844000000.0,
        "Net Income From Continuing And Discontinued Operation": 841000000.0,
        "Total Expenses": 1325000000.0,
        "Total Operating Income As Reported": 415000000.0,
        "Diluted Average Shares": 450911513.0,
        "Basic Average Shares": 450364361.0,
        "Diluted EPS": 1.86,
        "Basic EPS": 1.86,
        "Diluted NI Availto Com Stockholders": 841000000.0,
        "Net Income Common Stockholders": 841000000.0,
        "Net Income": 841000000.0,
        "Minority Interests": 0.0,
        "Net Income Including Noncontrolling Interests": 841000000.0,
        "Net Income Discontinuous Operations": -3000000.0,
        "Net Income Continuous Operations": 844000000.0,
        "Earnings From Equity Interest Net Of Tax": 61000000.0,
        "Tax Provision": -402000000.0,
        "Pretax Income": 381000000.0,
        "Other Income Expense": NaN,
        "Special Income Charges": NaN,
        "Gain On Sale Of Business": NaN,
        "Gain On Sale Of Security": NaN,
        "Net Non Operating Interest Income Expense": -34000000.0,
        "Total Other Finance Cost": NaN,
        "Interest Expense Non Operating": 36000000.0,
        "Interest Income Non Operating": 2000000.0,
        "Operating Income": 415000000.0,
        "Operating Expense": 1325000000.0,
        "Other Operating Expenses": 1119000000.0,
        "Depreciation Amortization Depletion Income Statement": 206000000.0,
        "Depreciation And Amortization In Income Statement": 206000000.0,
        "Amortization": 177000000.0,
        "Amortization Of Intangibles Income Statement": 177000000.0,
        "Depreciation Income Statement": 29000000.0,
        "Selling General And Administration": NaN,
        "General And Administrative Expense": NaN,
        "Other Gand A": NaN,
        "Salaries And Wages": NaN,
        "Gross Profit": NaN,
        "Cost Of Revenue": NaN,
        "Total Revenue": 1740000000.0,
        "Operating Revenue": 1740000000.0
    }
}