{
    "2023-03-31": {
        "Tax Effect Of Unusual Items": 0.0,
        "Tax Rate For Calcs": 0.4,
        "Normalized EBITDA": -2194259.0,
        "Total Unusual Items": NaN,
        "Total Unusual Items Excluding Goodwill": NaN,
        "Net Income From Continuing Operation Net Minority Interest": -7900730.0,
        "Reconciled Depreciation": 2229845.0,
        "Reconciled Cost Of Revenue": 50117168.0,
        "EBITDA": -2194259.0,
        "EBIT": -4424104.0,
        "Net Interest Income": -3440656.0,
        "Interest Expense": 3440656.0,
        "Normalized Income": -7900730.0,
        "Net Income From Continuing And Discontinued Operation": -7900730.0,
        "Total Expenses": 63510330.0,
        "Total Operating Income As Reported": -4471992.0,
        "Diluted Average Shares": 9950284.0,
        "Basic Average Shares": 9950284.0,
        "Diluted EPS": -0.75,
        "Basic EPS": -0.75,
        "Diluted NI Availto Com Stockholders": -7900730.0,
        "Net Income Common Stockholders": -7900730.0,
        "Net Income": -7900730.0,
        "Net Income Including Noncontrolling Interests": -7900730.0,
        "Net Income Continuous Operations": -7900730.0,
        "Tax Provision": 35970.0,
        "Pretax Income": -7864760.0,
        "Other Income Expense": 47888.0,
        "Other Non Operating Income Expenses": 47888.0,
        "Special Income Charges": NaN,
        "Gain On Sale Of Business": NaN,
        "Write Off": NaN,
        "Restructuring And Mergern Acquisition": NaN,
        "Gain On Sale Of Security": NaN,
        "Net Non Operating Interest Income Expense": -3440656.0,
        "Interest Expense Non Operating": 3440656.0,
        "Operating Income": -4471992.0,
        "Operating Expense": 13226612.0,
        "Depreciation Amortization Depletion Income Statement": 2063295.0,
        "Depreciation And Amortization In Income Statement": 2063295.0,
        "Selling General And Administration": 11163317.0,
        "Selling And Marketing Expense": NaN,
        "Gross Profit": 8754620.0,
        "Cost Of Revenue": 50283718.0,
        "Total Revenue": 59038339.0,
        "Operating Revenue": 59038339.0
    },
    "2022-12-31": {
        "Tax Effect Of Unusual Items": 11239.59064,
        "Tax Rate For Calcs": 0.013026,
        "Normalized EBITDA": -5962465.0,
        "Total Unusual Items": 862846.0,
        "Total Unusual Items Excluding Goodwill": 862846.0,
        "Net Income From Continuing Operation Net Minority Interest": -10853528.0,
        "Reconciled Depreciation": 2557894.0,
        "Reconciled Cost Of Revenue": 60827815.0,
        "EBITDA": -5099619.0,
        "EBIT": -7657513.0,
        "Net Interest Income": -3339261.0,
        "Interest Expense": 3339261.0,
        "Normalized Income": -11705134.40936,
        "Net Income From Continuing And Discontinued Operation": -10853528.0,
        "Total Expenses": 76737960.0,
        "Total Operating Income As Reported": -25637687.0,
        "Diluted Average Shares": 5572089.0,
        "Basic Average Shares": 3662068.0,
        "Diluted EPS": -1.947838,
        "Basic EPS": -1.947838,
        "Diluted NI Availto Com Stockholders": -10853528.0,
        "Net Income Common Stockholders": -10853528.0,
        "Net Income": -10853528.0,
        "Net Income Including Noncontrolling Interests": -10853528.0,
        "Net Income Continuous Operations": -10853528.0,
        "Tax Provision": -143246.0,
        "Pretax Income": -10996774.0,
        "Other Income Expense": 979914.0,
        "Other Non Operating Income Expenses": 117068.0,
        "Special Income Charges": -20083910.0,
        "Gain On Sale Of Business": 0.0,
        "Write Off": NaN,
        "Restructuring And Mergern Acquisition": 9017569.0,
        "Gain On Sale Of Security": 20946756.0,
        "Net Non Operating Interest Income Expense": -3339261.0,
        "Interest Expense Non Operating": 3339261.0,
        "Operating Income": -8637427.0,
        "Operating Expense": 15543573.0,
        "Depreciation Amortization Depletion Income Statement": 2191322.0,
        "Depreciation And Amortization In Income Statement": 2191322.0,
        "Selling General And Administration": 13352251.0,
        "Selling And Marketing Expense": NaN,
        "Gross Profit": 6906146.0,
        "Cost Of Revenue": 61194387.0,
        "Total Revenue": 68100533.0,
        "Operating Revenue": 76991528.0
    },
    "2022-09-30": {
        "Tax Effect Of Unusual Items": -343628.741345,
        "Tax Rate For Calcs": 0.113058,
        "Normalized EBITDA": 10065431.0,
        "Total Unusual Items": -3039409.0,
        "Total Unusual Items Excluding Goodwill": -3039409.0,
        "Net Income From Continuing Operation Net Minority Interest": 1273783.0,
        "Reconciled Depreciation": 2754283.0,
        "Reconciled Cost Of Revenue": 100533890.0,
        "EBITDA": 7026022.0,
        "EBIT": 4271739.0,
        "Net Interest Income": -2835588.0,
        "Interest Expense": 2835588.0,
        "Normalized Income": 3969563.258655,
        "Net Income From Continuing And Discontinued Operation": 1273783.0,
        "Total Expenses": 112594128.0,
        "Total Operating Income As Reported": 6281683.0,
        "Diluted Average Shares": 8120687.0,
        "Basic Average Shares": 2611564.0,
        "Diluted EPS": 0.25,
        "Basic EPS": 0.5,
        "Diluted NI Availto Com Stockholders": 1273783.0,
        "Net Income Common Stockholders": 1273783.0,
        "Net Income": 1273783.0,
        "Net Income Including Noncontrolling Interests": 1273783.0,
        "Net Income Continuous Operations": 1273783.0,
        "Tax Provision": 162368.0,
        "Pretax Income": 1436151.0,
        "Other Income Expense": -2944091.0,
        "Other Non Operating Income Expenses": 95318.0,
        "Special Income Charges": -1152603.0,
        "Gain On Sale Of Business": 82894.0,
        "Write Off": NaN,
        "Restructuring And Mergern Acquisition": 1235497.0,
        "Gain On Sale Of Security": -1886806.0,
        "Net Non Operating Interest Income Expense": -2835588.0,
        "Interest Expense Non Operating": 2835588.0,
        "Operating Income": 7215830.0,
        "Operating Expense": 11538464.0,
        "Depreciation Amortization Depletion Income Statement": 2232509.0,
        "Depreciation And Amortization In Income Statement": 2232509.0,
        "Selling General And Administration": 9305955.0,
        "Selling And Marketing Expense": 9305955.0,
        "Gross Profit": 18754294.0,
        "Cost Of Revenue": 101055664.0,
        "Total Revenue": 119809958.0,
        "Operating Revenue": 110918963.0
    },
    "2022-06-30": {
        "Tax Effect Of Unusual Items": -50023.486817,
        "Tax Rate For Calcs": 0.002986,
        "Normalized EBITDA": 3707268.0,
        "Total Unusual Items": -16753202.0,
        "Total Unusual Items Excluding Goodwill": -16753202.0,
        "Net Income From Continuing Operation Net Minority Interest": -18056006.0,
        "Reconciled Depreciation": 2267780.0,
        "Reconciled Cost Of Revenue": 67969498.0,
        "EBITDA": -13045934.0,
        "EBIT": -15313714.0,
        "Net Interest Income": -2796367.0,
        "Interest Expense": 2796367.0,
        "Normalized Income": -1352827.486817,
        "Net Income From Continuing And Discontinued Operation": -18056006.0,
        "Total Expenses": 83402135.0,
        "Total Operating Income As Reported": -11579041.0,
        "Diluted Average Shares": 2568384.0,
        "Basic Average Shares": 2568384.0,
        "Diluted EPS": -7.030104,
        "Basic EPS": -7.030104,
        "Diluted NI Availto Com Stockholders": -18056006.0,
        "Net Income Common Stockholders": -18056006.0,
        "Net Income": -18056006.0,
        "Net Income Including Noncontrolling Interests": -18056006.0,
        "Net Income Continuous Operations": -18056006.0,
        "Tax Provision": -54075.0,
        "Pretax Income": -18110081.0,
        "Other Income Expense": -17293282.0,
        "Other Non Operating Income Expenses": -540080.0,
        "Special Income Charges": -17173609.0,
        "Gain On Sale Of Business": NaN,
        "Write Off": 7967677.0,
        "Restructuring And Mergern Acquisition": 9205932.0,
        "Gain On Sale Of Security": 420407.0,
        "Net Non Operating Interest Income Expense": -2796367.0,
        "Interest Expense Non Operating": 2796367.0,
        "Operating Income": 1979568.0,
        "Operating Expense": 15432637.0,
        "Depreciation Amortization Depletion Income Statement": 2267780.0,
        "Depreciation And Amortization In Income Statement": 2267780.0,
        "Selling General And Administration": 13164857.0,
        "Selling And Marketing Expense": 17436857.0,
        "Gross Profit": 17412205.0,
        "Cost Of Revenue": 67969498.0,
        "Total Revenue": 85381703.0,
        "Operating Revenue": 85381703.0
    },
    "2022-03-31": {
        "Diluted EPS": -7.5,
        "Total Revenue": 16,
        "Gross Profit": 4,
        "Operating Income": -14,
        "EBIT": -13,
        "Net Income": -14
    },
    "2021-12-31": {
        "Diluted EPS": -2.25,
        "Total Revenue": 7,
        "Gross Profit": 3,
        "Operating Income": -4,
        "EBIT": -4,
        "Net Income": -4
    },
    "2021-09-30": {
        "Diluted EPS": -1.25,
        "Total Revenue": 8,
        "Gross Profit": 4,
        "Operating Income": -3,
        "EBIT": -3,
        "Net Income": -2
    },
    "2021-06-30": {
        "Diluted EPS": -11.48,
        "Total Revenue": 4,
        "Gross Profit": 3,
        "Operating Income": -4,
        "EBIT": -7,
        "Net Income": -7
    },
    "2021-03-31": {
        "Diluted EPS": -7.75,
        "Total Revenue": 4,
        "Gross Profit": 2,
        "Operating Income": -6,
        "EBIT": -4,
        "Net Income": -5
    },
    "2020-12-31": {
        "Diluted EPS": -1.0,
        "Total Revenue": 4,
        "Gross Profit": 2,
        "Operating Income": -2,
        "EBIT": -1,
        "Net Income": -1
    },
    "2020-09-30": {
        "Diluted EPS": -5.5,
        "Total Revenue": 4,
        "Gross Profit": 2,
        "Operating Income": -4,
        "EBIT": -3,
        "Net Income": -4
    },
    "2020-06-30": {
        "Diluted EPS": 0.0,
        "Total Revenue": NaN,
        "Gross Profit": NaN,
        "Operating Income": NaN,
        "EBIT": NaN,
        "Net Income": NaN
    },
    "2020-03-31": {
        "Diluted EPS": -12.75,
        "Total Revenue": 4,
        "Gross Profit": 1,
        "Operating Income": -7,
        "EBIT": -7,
        "Net Income": -8
    }
}