{
    "2023-06-30": {
        "Tax Effect Of Unusual Items": -269600000.0,
        "Tax Rate For Calcs": 0.4,
        "Normalized EBITDA": 2548000000.0,
        "Total Unusual Items": -674000000.0,
        "Total Unusual Items Excluding Goodwill": -674000000.0,
        "Net Income From Continuing Operation Net Minority Interest": 273000000.0,
        "Reconciled Depreciation": 694000000.0,
        "Reconciled Cost Of Revenue": 2018000000.0,
        "EBITDA": 1874000000.0,
        "EBIT": 1180000000.0,
        "Net Interest Income": -627000000.0,
        "Interest Expense": 643000000.0,
        "Interest Income": 16000000.0,
        "Normalized Income": 677400000.0,
        "Net Income From Continuing And Discontinued Operation": 273000000.0,
        "Total Expenses": 2240000000.0,
        "Diluted Average Shares": 1027000000.0,
        "Basic Average Shares": 1027000000.0,
        "Diluted EPS": 0.24,
        "Basic EPS": 0.24,
        "Diluted NI Availto Com Stockholders": 250000000.0,
        "Net Income Common Stockholders": 250000000.0,
        "Preferred Stock Dividends": 23000000.0,
        "Net Income": 273000000.0,
        "Minority Interests": -6000000.0,
        "Net Income Including Noncontrolling Interests": 279000000.0,
        "Net Income Continuous Operations": 279000000.0,
        "Tax Provision": 258000000.0,
        "Pretax Income": 537000000.0,
        "Other Income Expense": -426000000.0,
        "Special Income Charges": -843000000.0,
        "Gain On Sale Of Ppe": NaN,
        "Write Off": 843000000.0,
        "Impairment Of Capital Assets": 0.0,
        "Earnings From Equity Interest": 248000000.0,
        "Gain On Sale Of Security": 169000000.0,
        "Net Non Operating Interest Income Expense": -627000000.0,
        "Interest Expense Non Operating": 643000000.0,
        "Interest Income Non Operating": 16000000.0,
        "Operating Income": 1590000000.0,
        "Operating Expense": 222000000.0,
        "Other Taxes": 222000000.0,
        "Gross Profit": 1812000000.0,
        "Cost Of Revenue": 2018000000.0,
        "Total Revenue": 3830000000.0,
        "Operating Revenue": 3830000000.0
    },
    "2023-03-31": {
        "Tax Effect Of Unusual Items": NaN,
        "Tax Rate For Calcs": NaN,
        "Normalized EBITDA": NaN,
        "Total Unusual Items": NaN,
        "Total Unusual Items Excluding Goodwill": NaN,
        "Net Income From Continuing Operation Net Minority Interest": NaN,
        "Reconciled Depreciation": NaN,
        "Reconciled Cost Of Revenue": NaN,
        "EBITDA": NaN,
        "EBIT": NaN,
        "Net Interest Income": NaN,
        "Interest Expense": NaN,
        "Interest Income": NaN,
        "Normalized Income": NaN,
        "Net Income From Continuing And Discontinued Operation": NaN,
        "Total Expenses": NaN,
        "Diluted Average Shares": NaN,
        "Basic Average Shares": NaN,
        "Diluted EPS": NaN,
        "Basic EPS": NaN,
        "Diluted NI Availto Com Stockholders": NaN,
        "Net Income Common Stockholders": NaN,
        "Preferred Stock Dividends": NaN,
        "Net Income": NaN,
        "Minority Interests": NaN,
        "Net Income Including Noncontrolling Interests": NaN,
        "Net Income Continuous Operations": NaN,
        "Tax Provision": NaN,
        "Pretax Income": NaN,
        "Other Income Expense": NaN,
        "Special Income Charges": NaN,
        "Gain On Sale Of Ppe": NaN,
        "Write Off": NaN,
        "Impairment Of Capital Assets": 0.0,
        "Earnings From Equity Interest": NaN,
        "Gain On Sale Of Security": NaN,
        "Net Non Operating Interest Income Expense": NaN,
        "Interest Expense Non Operating": NaN,
        "Interest Income Non Operating": NaN,
        "Operating Income": NaN,
        "Operating Expense": NaN,
        "Other Taxes": NaN,
        "Gross Profit": NaN,
        "Cost Of Revenue": NaN,
        "Total Revenue": NaN,
        "Operating Revenue": NaN
    },
    "2022-12-31": {
        "Tax Effect Of Unusual Items": NaN,
        "Tax Rate For Calcs": NaN,
        "Normalized EBITDA": NaN,
        "Total Unusual Items": NaN,
        "Total Unusual Items Excluding Goodwill": NaN,
        "Net Income From Continuing Operation Net Minority Interest": NaN,
        "Reconciled Depreciation": NaN,
        "Reconciled Cost Of Revenue": NaN,
        "EBITDA": NaN,
        "EBIT": NaN,
        "Net Interest Income": NaN,
        "Interest Expense": NaN,
        "Interest Income": NaN,
        "Normalized Income": NaN,
        "Net Income From Continuing And Discontinued Operation": NaN,
        "Total Expenses": NaN,
        "Diluted Average Shares": NaN,
        "Basic Average Shares": NaN,
        "Diluted EPS": NaN,
        "Basic EPS": NaN,
        "Diluted NI Availto Com Stockholders": NaN,
        "Net Income Common Stockholders": NaN,
        "Preferred Stock Dividends": NaN,
        "Net Income": NaN,
        "Minority Interests": NaN,
        "Net Income Including Noncontrolling Interests": NaN,
        "Net Income Continuous Operations": NaN,
        "Tax Provision": NaN,
        "Pretax Income": NaN,
        "Other Income Expense": NaN,
        "Special Income Charges": NaN,
        "Gain On Sale Of Ppe": 0.0,
        "Write Off": NaN,
        "Impairment Of Capital Assets": -118000000.0,
        "Earnings From Equity Interest": NaN,
        "Gain On Sale Of Security": NaN,
        "Net Non Operating Interest Income Expense": NaN,
        "Interest Expense Non Operating": NaN,
        "Interest Income Non Operating": NaN,
        "Operating Income": NaN,
        "Operating Expense": NaN,
        "Other Taxes": NaN,
        "Gross Profit": NaN,
        "Cost Of Revenue": NaN,
        "Total Revenue": NaN,
        "Operating Revenue": NaN
    },
    "2022-09-30": {
        "Tax Effect Of Unusual Items": NaN,
        "Tax Rate For Calcs": NaN,
        "Normalized EBITDA": NaN,
        "Total Unusual Items": NaN,
        "Total Unusual Items Excluding Goodwill": NaN,
        "Net Income From Continuing Operation Net Minority Interest": NaN,
        "Reconciled Depreciation": NaN,
        "Reconciled Cost Of Revenue": NaN,
        "EBITDA": NaN,
        "EBIT": NaN,
        "Net Interest Income": NaN,
        "Interest Expense": NaN,
        "Interest Income": NaN,
        "Normalized Income": NaN,
        "Net Income From Continuing And Discontinued Operation": NaN,
        "Total Expenses": NaN,
        "Diluted Average Shares": NaN,
        "Basic Average Shares": NaN,
        "Diluted EPS": NaN,
        "Basic EPS": NaN,
        "Diluted NI Availto Com Stockholders": NaN,
        "Net Income Common Stockholders": NaN,
        "Preferred Stock Dividends": NaN,
        "Net Income": NaN,
        "Minority Interests": NaN,
        "Net Income Including Noncontrolling Interests": NaN,
        "Net Income Continuous Operations": NaN,
        "Tax Provision": NaN,
        "Pretax Income": NaN,
        "Other Income Expense": NaN,
        "Special Income Charges": NaN,
        "Gain On Sale Of Ppe": 0.0,
        "Write Off": NaN,
        "Impairment Of Capital Assets": NaN,
        "Earnings From Equity Interest": NaN,
        "Gain On Sale Of Security": NaN,
        "Net Non Operating Interest Income Expense": NaN,
        "Interest Expense Non Operating": NaN,
        "Interest Income Non Operating": NaN,
        "Operating Income": NaN,
        "Operating Expense": NaN,
        "Other Taxes": NaN,
        "Gross Profit": NaN,
        "Cost Of Revenue": NaN,
        "Total Revenue": NaN,
        "Operating Revenue": NaN
    },
    "2022-06-30": {
        "Tax Effect Of Unusual Items": -8229842.44671,
        "Tax Rate For Calcs": 0.137164,
        "Normalized EBITDA": 2331000000.0,
        "Total Unusual Items": -60000000.0,
        "Total Unusual Items Excluding Goodwill": -60000000.0,
        "Net Income From Continuing Operation Net Minority Interest": 922000000.0,
        "Reconciled Depreciation": 635000000.0,
        "Reconciled Cost Of Revenue": 1981000000.0,
        "EBITDA": 2271000000.0,
        "EBIT": 1636000000.0,
        "Net Interest Income": -540000000.0,
        "Interest Expense": 557000000.0,
        "Interest Income": 17000000.0,
        "Normalized Income": 973770157.55329,
        "Net Income From Continuing And Discontinued Operation": 922000000.0,
        "Total Expenses": 2194000000.0,
        "Diluted Average Shares": 984000000.0,
        "Basic Average Shares": 983000000.0,
        "Diluted EPS": 0.9,
        "Basic EPS": 0.9,
        "Diluted NI Availto Com Stockholders": 889000000.0,
        "Net Income Common Stockholders": 889000000.0,
        "Preferred Stock Dividends": 33000000.0,
        "Net Income": 922000000.0,
        "Minority Interests": -9000000.0,
        "Net Income Including Noncontrolling Interests": 931000000.0,
        "Net Income Continuous Operations": 931000000.0,
        "Tax Provision": 148000000.0,
        "Pretax Income": 1079000000.0,
        "Other Income Expense": 176000000.0,
        "Special Income Charges": 0.0,
        "Gain On Sale Of Ppe": 0.0,
        "Other Special Charges": -63000000.0,
        "Write Off": NaN,
        "Impairment Of Capital Assets": 0.0,
        "Earnings From Equity Interest": 236000000.0,
        "Gain On Sale Of Security": -60000000.0,
        "Net Non Operating Interest Income Expense": -540000000.0,
        "Interest Expense Non Operating": 557000000.0,
        "Interest Income Non Operating": 17000000.0,
        "Operating Income": 1443000000.0,
        "Operating Expense": 213000000.0,
        "Other Operating Expenses": 1173000000.0,
        "Other Taxes": 213000000.0,
        "Gross Profit": 1656000000.0,
        "Cost Of Revenue": 1981000000.0,
        "Total Revenue": 3637000000.0,
        "Operating Revenue": 3637000000.0
    },
    "2022-03-31": {
        "Diluted EPS": 0.28,
        "Total Revenue": NaN,
        "Gross Profit": NaN,
        "Operating Income": 921,
        "EBIT": NaN,
        "Net Income": 283
    },
    "2021-12-31": {
        "Diluted EPS": 0.91,
        "Total Revenue": NaN,
        "Gross Profit": NaN,
        "Operating Income": NaN,
        "EBIT": NaN,
        "Net Income": 865
    },
    "2021-09-30": {
        "Diluted EPS": 0.64,
        "Total Revenue": NaN,
        "Gross Profit": NaN,
        "Operating Income": NaN,
        "EBIT": NaN,
        "Net Income": 619
    },
    "2021-06-30": {
        "Diluted EPS": 0.81,
        "Total Revenue": NaN,
        "Gross Profit": NaN,
        "Operating Income": NaN,
        "EBIT": NaN,
        "Net Income": 800
    },
    "2021-03-31": {
        "Diluted EPS": -0.88,
        "Total Revenue": NaN,
        "Gross Profit": NaN,
        "Operating Income": -736,
        "EBIT": -227,
        "Net Income": -835
    },
    "2020-12-31": {
        "Diluted EPS": 0.93,
        "Total Revenue": NaN,
        "Gross Profit": NaN,
        "Operating Income": NaN,
        "EBIT": NaN,
        "Net Income": 868
    },
    "2020-09-30": {
        "Diluted EPS": 0.72,
        "Total Revenue": NaN,
        "Gross Profit": NaN,
        "Operating Income": NaN,
        "EBIT": NaN,
        "Net Income": 679
    },
    "2020-06-30": {
        "Diluted EPS": 0.98,
        "Total Revenue": NaN,
        "Gross Profit": NaN,
        "Operating Income": NaN,
        "EBIT": NaN,
        "Net Income": 924
    },
    "2020-03-31": {
        "Diluted EPS": 0.91,
        "Total Revenue": NaN,
        "Gross Profit": NaN,
        "Operating Income": NaN,
        "EBIT": NaN,
        "Net Income": 856
    },
    "2019-12-31": {
        "Diluted EPS": 0.89,
        "Total Revenue": NaN,
        "Gross Profit": NaN,
        "Operating Income": NaN,
        "EBIT": NaN,
        "Net Income": 840
    },
    "2019-09-30": {
        "Diluted EPS": 0.6,
        "Total Revenue": NaN,
        "Gross Profit": NaN,
        "Operating Income": NaN,
        "EBIT": NaN,
        "Net Income": 560
    },
    "2019-06-30": {
        "Diluted EPS": 0.91,
        "Total Revenue": NaN,
        "Gross Profit": NaN,
        "Operating Income": NaN,
        "EBIT": NaN,
        "Net Income": 841
    },
    "2019-03-31": {
        "Diluted EPS": 0.82,
        "Total Revenue": NaN,
        "Gross Profit": NaN,
        "Operating Income": NaN,
        "EBIT": NaN,
        "Net Income": 755
    },
    "2018-12-31": {
        "Diluted EPS": 1.02,
        "Total Revenue": NaN,
        "Gross Profit": NaN,
        "Operating Income": 936,
        "EBIT": NaN,
        "Net Income": 831
    },
    "2018-09-30": {
        "Diluted EPS": 0.78,
        "Total Revenue": NaN,
        "Gross Profit": NaN,
        "Operating Income": NaN,
        "EBIT": NaN,
        "Net Income": 710
    },
    "2018-06-30": {
        "Diluted EPS": 0.68,
        "Total Revenue": NaN,
        "Gross Profit": NaN,
        "Operating Income": NaN,
        "EBIT": NaN,
        "Net Income": 608
    },
    "2018-03-31": {
        "Diluted EPS": 0.55,
        "Total Revenue": NaN,
        "Gross Profit": NaN,
        "Operating Income": NaN,
        "EBIT": NaN,
        "Net Income": 581
    },
    "2017-12-31": {
        "Diluted EPS": 0.78,
        "Total Revenue": NaN,
        "Gross Profit": NaN,
        "Operating Income": 292,
        "EBIT": 649,
        "Net Income": 683
    },
    "2017-09-30": {
        "Diluted EPS": 0.56,
        "Total Revenue": NaN,
        "Gross Profit": NaN,
        "Operating Income": 932,
        "EBIT": NaN,
        "Net Income": 488
    },
    "2017-06-30": {
        "Diluted EPS": 0.75,
        "Total Revenue": NaN,
        "Gross Profit": NaN,
        "Operating Income": 881,
        "EBIT": NaN,
        "Net Income": 655
    },
    "2017-03-31": {
        "Diluted EPS": 0.56,
        "Total Revenue": NaN,
        "Gross Profit": NaN,
        "Operating Income": NaN,
        "EBIT": NaN,
        "Net Income": 486
    },
    "2016-12-31": {
        "Diluted EPS": -0.42,
        "Total Revenue": NaN,
        "Gross Profit": NaN,
        "Operating Income": 978,
        "EBIT": NaN,
        "Net Income": -270
    },
    "2016-09-30": {
        "Diluted EPS": -0.13,
        "Total Revenue": NaN,
        "Gross Profit": NaN,
        "Operating Income": 60,
        "EBIT": 456,
        "Net Income": -104
    },
    "2016-06-30": {
        "Diluted EPS": 0.4,
        "Total Revenue": NaN,
        "Gross Profit": NaN,
        "Operating Income": 866,
        "EBIT": NaN,
        "Net Income": 283
    },
    "2016-03-31": {
        "Diluted EPS": 0.26,
        "Total Revenue": NaN,
        "Gross Profit": NaN,
        "Operating Income": 472,
        "EBIT": 803,
        "Net Income": 184
    },
    "2015-12-31": {
        "Diluted EPS": -2.6,
        "Total Revenue": NaN,
        "Gross Profit": NaN,
        "Operating Income": NaN,
        "EBIT": NaN,
        "Net Income": NaN
    },
    "2015-09-30": {
        "Diluted EPS": 0.44,
        "Total Revenue": NaN,
        "Gross Profit": NaN,
        "Operating Income": 708,
        "EBIT": NaN,
        "Net Income": 325
    },
    "2015-06-30": {
        "Diluted EPS": 0.49,
        "Total Revenue": NaN,
        "Gross Profit": NaN,
        "Operating Income": 711,
        "EBIT": NaN,
        "Net Income": 369
    },
    "2015-03-31": {
        "Diluted EPS": 0.45,
        "Total Revenue": NaN,
        "Gross Profit": NaN,
        "Operating Income": 767,
        "EBIT": NaN,
        "Net Income": 340
    },
    "2014-12-31": {
        "Diluted EPS": 0.52,
        "Total Revenue": NaN,
        "Gross Profit": -299,
        "Operating Income": -770,
        "EBIT": -409,
        "Net Income": 364
    },
    "2014-09-30": {
        "Diluted EPS": 0.57,
        "Total Revenue": NaN,
        "Gross Profit": NaN,
        "Operating Income": NaN,
        "EBIT": NaN,
        "Net Income": 426
    },
    "2014-06-30": {
        "Diluted EPS": 0.54,
        "Total Revenue": NaN,
        "Gross Profit": NaN,
        "Operating Income": 952,
        "EBIT": NaN,
        "Net Income": 383
    },
    "2014-03-31": {
        "Diluted EPS": 0.53,
        "Total Revenue": NaN,
        "Gross Profit": NaN,
        "Operating Income": NaN,
        "EBIT": NaN,
        "Net Income": 376
    },
    "2013-12-31": {
        "Diluted EPS": 0.53,
        "Total Revenue": NaN,
        "Gross Profit": NaN,
        "Operating Income": 591,
        "EBIT": 986,
        "Net Income": 378
    },
    "2013-09-30": {
        "Diluted EPS": 0.65,
        "Total Revenue": NaN,
        "Gross Profit": NaN,
        "Operating Income": 717,
        "EBIT": NaN,
        "Net Income": 481
    },
    "2013-06-30": {
        "Diluted EPS": 0.51,
        "Total Revenue": NaN,
        "Gross Profit": NaN,
        "Operating Income": 592,
        "EBIT": 934,
        "Net Income": 355
    },
    "2013-03-31": {
        "Diluted EPS": 0.62,
        "Total Revenue": NaN,
        "Gross Profit": NaN,
        "Operating Income": 720,
        "EBIT": NaN,
        "Net Income": 451
    },
    "2012-12-31": {
        "Diluted EPS": 0.43,
        "Total Revenue": NaN,
        "Gross Profit": 638,
        "Operating Income": 540,
        "EBIT": 879,
        "Net Income": 304
    },
    "2012-09-30": {
        "Diluted EPS": 0.52,
        "Total Revenue": NaN,
        "Gross Profit": NaN,
        "Operating Income": 682,
        "EBIT": NaN,
        "Net Income": 369
    },
    "2012-06-30": {
        "Diluted EPS": 0.38,
        "Total Revenue": NaN,
        "Gross Profit": NaN,
        "Operating Income": 555,
        "EBIT": 895,
        "Net Income": 282
    },
    "2012-03-31": {
        "Diluted EPS": 0.51,
        "Total Revenue": NaN,
        "Gross Profit": NaN,
        "Operating Income": 720,
        "EBIT": NaN,
        "Net Income": 359
    },
    "2011-12-31": {
        "Diluted EPS": 0.53,
        "Total Revenue": NaN,
        "Gross Profit": NaN,
        "Operating Income": 804,
        "EBIT": NaN,
        "Net Income": 390
    },
    "2011-09-30": {
        "Diluted EPS": 0.57,
        "Total Revenue": NaN,
        "Gross Profit": NaN,
        "Operating Income": 836,
        "EBIT": NaN,
        "Net Income": 399
    },
    "2011-06-30": {
        "Diluted EPS": 0.53,
        "Total Revenue": NaN,
        "Gross Profit": NaN,
        "Operating Income": 840,
        "EBIT": NaN,
        "Net Income": 389
    },
    "2011-03-31": {
        "Diluted EPS": 0.63,
        "Total Revenue": NaN,
        "Gross Profit": NaN,
        "Operating Income": 937,
        "EBIT": NaN,
        "Net Income": 452
    },
    "2010-12-31": {
        "Diluted EPS": 0.39,
        "Total Revenue": NaN,
        "Gross Profit": NaN,
        "Operating Income": 584,
        "EBIT": 927,
        "Net Income": 287
    },
    "2010-09-30": {
        "Diluted EPS": 0.54,
        "Total Revenue": NaN,
        "Gross Profit": NaN,
        "Operating Income": 715,
        "EBIT": NaN,
        "Net Income": 387
    },
    "2010-06-30": {
        "Diluted EPS": 0.4,
        "Total Revenue": NaN,
        "Gross Profit": NaN,
        "Operating Income": 573,
        "EBIT": 909,
        "Net Income": 285
    },
    "2010-03-31": {
        "Diluted EPS": 0.43,
        "Total Revenue": NaN,
        "Gross Profit": NaN,
        "Operating Income": 650,
        "EBIT": 980,
        "Net Income": 301
    },
    "2009-12-31": {
        "Diluted EPS": 0.53,
        "Total Revenue": NaN,
        "Gross Profit": NaN,
        "Operating Income": NaN,
        "EBIT": NaN,
        "Net Income": 367
    },
    "2009-09-30": {
        "Diluted EPS": 0.46,
        "Total Revenue": NaN,
        "Gross Profit": NaN,
        "Operating Income": 643,
        "EBIT": 643,
        "Net Income": 321
    },
    "2009-06-30": {
        "Diluted EPS": 0.5,
        "Total Revenue": NaN,
        "Gross Profit": NaN,
        "Operating Income": NaN,
        "EBIT": NaN,
        "Net Income": 307
    },
    "2009-03-31": {
        "Diluted EPS": 0.45,
        "Total Revenue": NaN,
        "Gross Profit": 971,
        "Operating Income": 692,
        "EBIT": 971,
        "Net Income": 279
    },
    "2023-09-30": {
        "Tax Effect Of Unusual Items": -515600000.0,
        "Tax Rate For Calcs": 0.4,
        "Normalized EBITDA": 2641000000.0,
        "Total Unusual Items": -1289000000.0,
        "Total Unusual Items Excluding Goodwill": -1289000000.0,
        "Net Income From Continuing Operation Net Minority Interest": -174000000.0,
        "Reconciled Depreciation": 690000000.0,
        "Reconciled Cost Of Revenue": 2139000000.0,
        "EBITDA": 1352000000.0,
        "EBIT": 662000000.0,
        "Net Interest Income": -638000000.0,
        "Interest Expense": 701000000.0,
        "Interest Income": 63000000.0,
        "Normalized Income": 599400000.0,
        "Net Income From Continuing And Discontinued Operation": -174000000.0,
        "Total Expenses": 2357000000.0,
        "Diluted Average Shares": 1035000000.0,
        "Basic Average Shares": 1035000000.0,
        "Diluted EPS": -0.19,
        "Basic EPS": -0.19,
        "Diluted NI Availto Com Stockholders": -197000000.0,
        "Net Income Common Stockholders": -197000000.0,
        "Preferred Stock Dividends": 23000000.0,
        "Net Income": -174000000.0,
        "Minority Interests": -1000000.0,
        "Net Income Including Noncontrolling Interests": -173000000.0,
        "Net Income Continuous Operations": -173000000.0,
        "Tax Provision": 134000000.0,
        "Pretax Income": -39000000.0,
        "Other Income Expense": -984000000.0,
        "Special Income Charges": -1244000000.0,
        "Gain On Sale Of Ppe": NaN,
        "Write Off": 1244000000.0,
        "Impairment Of Capital Assets": 0.0,
        "Earnings From Equity Interest": 305000000.0,
        "Gain On Sale Of Security": -45000000.0,
        "Net Non Operating Interest Income Expense": -638000000.0,
        "Interest Expense Non Operating": 701000000.0,
        "Interest Income Non Operating": 63000000.0,
        "Operating Income": 1583000000.0,
        "Operating Expense": 218000000.0,
        "Other Taxes": 218000000.0,
        "Gross Profit": 1801000000.0,
        "Cost Of Revenue": 2139000000.0,
        "Total Revenue": 3940000000.0,
        "Operating Revenue": 3940000000.0
    },
    "2023-12-31": {
        "Tax Effect Of Unusual Items": 10656250.0,
        "Tax Rate For Calcs": 0.114583,
        "Normalized EBITDA": 3055000000.0,
        "Total Unusual Items": 93000000.0,
        "Total Unusual Items Excluding Goodwill": 93000000.0,
        "Net Income From Continuing Operation Net Minority Interest": 1487000000.0,
        "Reconciled Depreciation": 717000000.0,
        "Reconciled Cost Of Revenue": 2204000000.0,
        "EBITDA": 3148000000.0,
        "EBIT": 2431000000.0,
        "Net Interest Income": -592000000.0,
        "Interest Expense": 607000000.0,
        "Interest Income": 121000000.0,
        "Normalized Income": 1404656250.0,
        "Net Income From Continuing And Discontinued Operation": 1487000000.0,
        "Total Expenses": 2434000000.0,
        "Diluted Average Shares": 1037000000.0,
        "Basic Average Shares": 1037000000.0,
        "Diluted EPS": 1.41,
        "Basic EPS": 1.41,
        "Diluted NI Availto Com Stockholders": 1463000000.0,
        "Net Income Common Stockholders": 1463000000.0,
        "Preferred Stock Dividends": 24000000.0,
        "Net Income": 1487000000.0,
        "Minority Interests": -128000000.0,
        "Net Income Including Noncontrolling Interests": 1615000000.0,
        "Net Income Continuous Operations": 1615000000.0,
        "Tax Provision": 209000000.0,
        "Pretax Income": 1824000000.0,
        "Other Income Expense": 614000000.0,
        "Special Income Charges": 4000000.0,
        "Gain On Sale Of Ppe": NaN,
        "Write Off": 0.0,
        "Impairment Of Capital Assets": -4000000.0,
        "Earnings From Equity Interest": 521000000.0,
        "Gain On Sale Of Security": 89000000.0,
        "Net Non Operating Interest Income Expense": -592000000.0,
        "Interest Expense Non Operating": 607000000.0,
        "Interest Income Non Operating": 121000000.0,
        "Operating Income": 1802000000.0,
        "Operating Expense": 230000000.0,
        "Other Taxes": 230000000.0,
        "Gross Profit": 2032000000.0,
        "Cost Of Revenue": 2204000000.0,
        "Total Revenue": 4236000000.0,
        "Operating Revenue": 4236000000.0
    },
    "2024-03-31": {
        "Tax Effect Of Unusual Items": 4681065.088757,
        "Tax Rate For Calcs": 0.173373,
        "Normalized EBITDA": 3062000000.0,
        "Total Unusual Items": 27000000.0,
        "Total Unusual Items Excluding Goodwill": 27000000.0,
        "Net Income From Continuing Operation Net Minority Interest": 1226000000.0,
        "Reconciled Depreciation": 719000000.0,
        "Reconciled Cost Of Revenue": 2107000000.0,
        "EBITDA": 3089000000.0,
        "EBIT": 2370000000.0,
        "Net Interest Income": -603000000.0,
        "Interest Expense": 680000000.0,
        "Interest Income": 77000000.0,
        "Normalized Income": 1203681065.088757,
        "Net Income From Continuing And Discontinued Operation": 1226000000.0,
        "Total Expenses": 2333000000.0,
        "Diluted Average Shares": 1037000000.0,
        "Basic Average Shares": 1037000000.0,
        "Diluted EPS": 1.16,
        "Basic EPS": 1.16,
        "Diluted NI Availto Com Stockholders": 1203000000.0,
        "Net Income Common Stockholders": 1203000000.0,
        "Preferred Stock Dividends": 23000000.0,
        "Net Income": 1226000000.0,
        "Minority Interests": -171000000.0,
        "Net Income Including Noncontrolling Interests": 1397000000.0,
        "Net Income Continuous Operations": 1397000000.0,
        "Tax Provision": 293000000.0,
        "Pretax Income": 1690000000.0,
        "Other Income Expense": 383000000.0,
        "Special Income Charges": 0.0,
        "Gain On Sale Of Ppe": NaN,
        "Write Off": 0.0,
        "Impairment Of Capital Assets": NaN,
        "Earnings From Equity Interest": 356000000.0,
        "Gain On Sale Of Security": 27000000.0,
        "Net Non Operating Interest Income Expense": -603000000.0,
        "Interest Expense Non Operating": 680000000.0,
        "Interest Income Non Operating": 77000000.0,
        "Operating Income": 1910000000.0,
        "Operating Expense": 226000000.0,
        "Other Taxes": 226000000.0,
        "Gross Profit": 2136000000.0,
        "Cost Of Revenue": 2107000000.0,
        "Total Revenue": 4243000000.0,
        "Operating Revenue": 4243000000.0
    },
    "2024-06-30": {
        "Tax Effect Of Unusual Items": -2816901.408451,
        "Tax Rate For Calcs": 0.148258,
        "Normalized EBITDA": 2744000000.0,
        "Total Unusual Items": -19000000.0,
        "Total Unusual Items Excluding Goodwill": -19000000.0,
        "Net Income From Continuing Operation Net Minority Interest": 990000000.0,
        "Reconciled Depreciation": 717000000.0,
        "Reconciled Cost Of Revenue": 2232000000.0,
        "EBITDA": 2725000000.0,
        "EBIT": 2008000000.0,
        "Net Interest Income": -590000000.0,
        "Interest Expense": 659000000.0,
        "Interest Income": 69000000.0,
        "Normalized Income": 1006183098.591549,
        "Net Income From Continuing And Discontinued Operation": 990000000.0,
        "Total Expenses": 2468000000.0,
        "Diluted Average Shares": 1037000000.0,
        "Basic Average Shares": 1037000000.0,
        "Diluted EPS": 0.93,
        "Basic EPS": 0.93,
        "Diluted NI Availto Com Stockholders": 963000000.0,
        "Net Income Common Stockholders": 963000000.0,
        "Preferred Stock Dividends": 27000000.0,
        "Net Income": 990000000.0,
        "Minority Interests": -159000000.0,
        "Net Income Including Noncontrolling Interests": 1149000000.0,
        "Net Income Continuous Operations": 1149000000.0,
        "Tax Provision": 200000000.0,
        "Pretax Income": 1349000000.0,
        "Other Income Expense": 322000000.0,
        "Special Income Charges": 48000000.0,
        "Gain On Sale Of Ppe": 48000000.0,
        "Write Off": 0.0,
        "Impairment Of Capital Assets": NaN,
        "Earnings From Equity Interest": 341000000.0,
        "Gain On Sale Of Security": -67000000.0,
        "Net Non Operating Interest Income Expense": -590000000.0,
        "Interest Expense Non Operating": 659000000.0,
        "Interest Income Non Operating": 69000000.0,
        "Operating Income": 1617000000.0,
        "Operating Expense": 236000000.0,
        "Other Taxes": 236000000.0,
        "Gross Profit": 1853000000.0,
        "Cost Of Revenue": 2232000000.0,
        "Total Revenue": 4085000000.0,
        "Operating Revenue": 4085000000.0
    }
}