{
    "2023-06-30": {
        "Tax Effect Of Unusual Items": 0.0,
        "Tax Rate For Calcs": 0.21,
        "Total Unusual Items": NaN,
        "Total Unusual Items Excluding Goodwill": NaN,
        "Net Income From Continuing Operation Net Minority Interest": -14000000.0,
        "Reconciled Depreciation": 179000000.0,
        "EBIT": 44000000.0,
        "Net Interest Income": -92000000.0,
        "Interest Expense": 92000000.0,
        "Normalized Income": -14000000.0,
        "Net Income From Continuing And Discontinued Operation": -14000000.0,
        "Total Expenses": 10146000000.0,
        "Diluted NI Availto Com Stockholders": -15000000.0,
        "Net Income Common Stockholders": -15000000.0,
        "Otherunder Preferred Stock Dividend": 1000000.0,
        "Net Income": -14000000.0,
        "Net Income Including Noncontrolling Interests": -14000000.0,
        "Net Income Continuous Operations": -14000000.0,
        "Tax Provision": -34000000.0,
        "Pretax Income": -48000000.0,
        "Other Income Expense": 99000000.0,
        "Special Income Charges": NaN,
        "Impairment Of Capital Assets": NaN,
        "Net Non Operating Interest Income Expense": -92000000.0,
        "Interest Expense Non Operating": 92000000.0,
        "Selling General And Administration": 1308000000.0,
        "General And Administrative Expense": 1308000000.0,
        "Other Gand A": 1308000000.0,
        "Total Revenue": 10098000000.0,
        "Operating Revenue": 10098000000.0
    },
    "2023-03-31": {
        "Tax Effect Of Unusual Items": 1260000.0,
        "Tax Rate For Calcs": 0.21,
        "Total Unusual Items": 6000000.0,
        "Total Unusual Items Excluding Goodwill": 6000000.0,
        "Net Income From Continuing Operation Net Minority Interest": 975000000.0,
        "Reconciled Depreciation": 204000000.0,
        "EBIT": 1016000000.0,
        "Net Interest Income": -88000000.0,
        "Interest Expense": 88000000.0,
        "Normalized Income": 970260000.0,
        "Net Income From Continuing And Discontinued Operation": 975000000.0,
        "Total Expenses": 8770000000.0,
        "Diluted NI Availto Com Stockholders": 968000000.0,
        "Net Income Common Stockholders": 968000000.0,
        "Otherunder Preferred Stock Dividend": 7000000.0,
        "Net Income": 975000000.0,
        "Net Income Including Noncontrolling Interests": 975000000.0,
        "Net Income Continuous Operations": 975000000.0,
        "Tax Provision": -47000000.0,
        "Pretax Income": 928000000.0,
        "Other Income Expense": 75000000.0,
        "Special Income Charges": 6000000.0,
        "Impairment Of Capital Assets": -6000000.0,
        "Net Non Operating Interest Income Expense": -88000000.0,
        "Interest Expense Non Operating": 88000000.0,
        "Selling General And Administration": 1267000000.0,
        "General And Administrative Expense": 1267000000.0,
        "Other Gand A": 1267000000.0,
        "Total Revenue": 9698000000.0,
        "Operating Revenue": 9698000000.0
    },
    "2022-12-31": {
        "Tax Effect Of Unusual Items": -510638.297872,
        "Tax Rate For Calcs": 0.170213,
        "Total Unusual Items": -3000000.0,
        "Total Unusual Items Excluding Goodwill": -3000000.0,
        "Net Income From Continuing Operation Net Minority Interest": 819000000.0,
        "Reconciled Depreciation": 187000000.0,
        "EBIT": 1075000000.0,
        "Net Interest Income": -88000000.0,
        "Interest Expense": 88000000.0,
        "Normalized Income": 821489361.702128,
        "Net Income From Continuing And Discontinued Operation": 819000000.0,
        "Total Expenses": 8652000000.0,
        "Diluted NI Availto Com Stockholders": 814000000.0,
        "Net Income Common Stockholders": 814000000.0,
        "Otherunder Preferred Stock Dividend": 5000000.0,
        "Net Income": 819000000.0,
        "Net Income Including Noncontrolling Interests": 819000000.0,
        "Net Income Continuous Operations": 819000000.0,
        "Tax Provision": 168000000.0,
        "Pretax Income": 987000000.0,
        "Other Income Expense": 82000000.0,
        "Special Income Charges": -3000000.0,
        "Impairment Of Capital Assets": 3000000.0,
        "Net Non Operating Interest Income Expense": -88000000.0,
        "Interest Expense Non Operating": 88000000.0,
        "Selling General And Administration": 1203000000.0,
        "General And Administrative Expense": 1203000000.0,
        "Other Gand A": 1203000000.0,
        "Total Revenue": 9639000000.0,
        "Operating Revenue": 9639000000.0
    },
    "2022-09-30": {
        "Tax Effect Of Unusual Items": -1260000.0,
        "Tax Rate For Calcs": 0.14,
        "Total Unusual Items": -9000000.0,
        "Total Unusual Items Excluding Goodwill": -9000000.0,
        "Net Income From Continuing Operation Net Minority Interest": 454000000.0,
        "Reconciled Depreciation": 195000000.0,
        "EBIT": 616000000.0,
        "Net Interest Income": -88000000.0,
        "Interest Expense": 88000000.0,
        "Normalized Income": 461740000.0,
        "Net Income From Continuing And Discontinued Operation": 454000000.0,
        "Total Expenses": 8784000000.0,
        "Diluted Average Shares": 237900000.0,
        "Basic Average Shares": 235400000.0,
        "Diluted EPS": 1.89,
        "Basic EPS": 1.91,
        "Diluted NI Availto Com Stockholders": 450000000.0,
        "Net Income Common Stockholders": 450000000.0,
        "Otherunder Preferred Stock Dividend": 4000000.0,
        "Net Income": 454000000.0,
        "Net Income Including Noncontrolling Interests": 454000000.0,
        "Net Income Continuous Operations": 454000000.0,
        "Tax Provision": 74000000.0,
        "Pretax Income": 528000000.0,
        "Other Income Expense": 84000000.0,
        "Special Income Charges": -9000000.0,
        "Impairment Of Capital Assets": 9000000.0,
        "Net Non Operating Interest Income Expense": -88000000.0,
        "Interest Expense Non Operating": 88000000.0,
        "Selling General And Administration": 1193000000.0,
        "General And Administrative Expense": 1193000000.0,
        "Other Gand A": 1193000000.0,
        "Total Revenue": 9312000000.0,
        "Operating Revenue": 9312000000.0
    },
    "2022-06-30": {
        "Tax Effect Of Unusual Items": 0.0,
        "Tax Rate For Calcs": 0.16,
        "Total Unusual Items": NaN,
        "Total Unusual Items Excluding Goodwill": NaN,
        "Net Income From Continuing Operation Net Minority Interest": 551000000.0,
        "Reconciled Depreciation": 210000000.0,
        "EBIT": 745000000.0,
        "Net Interest Income": -88000000.0,
        "Interest Expense": 88000000.0,
        "Normalized Income": 551000000.0,
        "Net Income From Continuing And Discontinued Operation": 551000000.0,
        "Total Expenses": 8479000000.0,
        "Diluted Average Shares": 241100000.0,
        "Basic Average Shares": 238400000.0,
        "Diluted EPS": 2.27,
        "Basic EPS": 2.29,
        "Diluted NI Availto Com Stockholders": 547000000.0,
        "Net Income Common Stockholders": 547000000.0,
        "Otherunder Preferred Stock Dividend": 4000000.0,
        "Net Income": 551000000.0,
        "Net Income Including Noncontrolling Interests": 551000000.0,
        "Net Income Continuous Operations": 551000000.0,
        "Tax Provision": 106000000.0,
        "Pretax Income": 657000000.0,
        "Other Income Expense": 107000000.0,
        "Special Income Charges": NaN,
        "Impairment Of Capital Assets": NaN,
        "Net Non Operating Interest Income Expense": -88000000.0,
        "Interest Expense Non Operating": 88000000.0,
        "Selling General And Administration": 1223000000.0,
        "General And Administrative Expense": 1223000000.0,
        "Other Gand A": 1223000000.0,
        "Total Revenue": 9136000000.0,
        "Operating Revenue": 9136000000.0
    },
    "2022-03-31": {
        "Diluted EPS": 4.15,
        "Total Revenue": NaN,
        "Gross Profit": NaN,
        "Operating Income": NaN,
        "EBIT": NaN,
        "Net Income": NaN
    },
    "2021-12-31": {
        "Diluted EPS": 5.34,
        "Total Revenue": NaN,
        "Gross Profit": NaN,
        "Operating Income": NaN,
        "EBIT": NaN,
        "Net Income": NaN
    },
    "2021-09-30": {
        "Diluted EPS": 2.62,
        "Total Revenue": NaN,
        "Gross Profit": NaN,
        "Operating Income": 873,
        "EBIT": NaN,
        "Net Income": 657
    },
    "2021-06-30": {
        "Diluted EPS": 3.66,
        "Total Revenue": NaN,
        "Gross Profit": NaN,
        "Operating Income": NaN,
        "EBIT": NaN,
        "Net Income": 927
    },
    "2021-03-31": {
        "Diluted EPS": 2.87,
        "Total Revenue": NaN,
        "Gross Profit": NaN,
        "Operating Income": 973,
        "EBIT": NaN,
        "Net Income": 728
    },
    "2020-12-31": {
        "Diluted EPS": 5.12,
        "Total Revenue": NaN,
        "Gross Profit": NaN,
        "Operating Income": NaN,
        "EBIT": NaN,
        "Net Income": NaN
    },
    "2020-09-30": {
        "Diluted EPS": 3.23,
        "Total Revenue": NaN,
        "Gross Profit": NaN,
        "Operating Income": NaN,
        "EBIT": NaN,
        "Net Income": 821
    },
    "2020-06-30": {
        "Diluted EPS": -0.16,
        "Total Revenue": NaN,
        "Gross Profit": NaN,
        "Operating Income": NaN,
        "EBIT": NaN,
        "Net Income": -41
    },
    "2020-03-31": {
        "Diluted EPS": 2.33,
        "Total Revenue": NaN,
        "Gross Profit": NaN,
        "Operating Income": 804,
        "EBIT": NaN,
        "Net Income": 595
    },
    "2019-12-31": {
        "Diluted EPS": 3.33,
        "Total Revenue": NaN,
        "Gross Profit": NaN,
        "Operating Income": NaN,
        "EBIT": NaN,
        "Net Income": 866
    },
    "2019-09-30": {
        "Diluted EPS": 1.5,
        "Total Revenue": NaN,
        "Gross Profit": NaN,
        "Operating Income": 516,
        "EBIT": NaN,
        "Net Income": 393
    },
    "2019-06-30": {
        "Diluted EPS": 2.1,
        "Total Revenue": NaN,
        "Gross Profit": NaN,
        "Operating Income": 754,
        "EBIT": NaN,
        "Net Income": 553
    },
    "2019-03-31": {
        "Diluted EPS": 2.99,
        "Total Revenue": NaN,
        "Gross Profit": NaN,
        "Operating Income": NaN,
        "EBIT": NaN,
        "Net Income": 791
    },
    "2018-12-31": {
        "Diluted EPS": 2.32,
        "Total Revenue": NaN,
        "Gross Profit": NaN,
        "Operating Income": 833,
        "EBIT": NaN,
        "Net Income": 616
    },
    "2018-09-30": {
        "Diluted EPS": 2.62,
        "Total Revenue": NaN,
        "Gross Profit": NaN,
        "Operating Income": 892,
        "EBIT": NaN,
        "Net Income": 704
    },
    "2018-06-30": {
        "Diluted EPS": 1.92,
        "Total Revenue": NaN,
        "Gross Profit": NaN,
        "Operating Income": 721,
        "EBIT": NaN,
        "Net Income": 520
    },
    "2018-03-31": {
        "Diluted EPS": 2.42,
        "Total Revenue": NaN,
        "Gross Profit": NaN,
        "Operating Income": 867,
        "EBIT": NaN,
        "Net Income": 664
    },
    "2017-12-31": {
        "Diluted EPS": 2.0,
        "Total Revenue": NaN,
        "Gross Profit": NaN,
        "Operating Income": 953,
        "EBIT": NaN,
        "Net Income": 547
    },
    "2017-09-30": {
        "Diluted EPS": 1.05,
        "Total Revenue": NaN,
        "Gross Profit": NaN,
        "Operating Income": 415,
        "EBIT": NaN,
        "Net Income": 291
    },
    "2017-06-30": {
        "Diluted EPS": 2.11,
        "Total Revenue": NaN,
        "Gross Profit": NaN,
        "Operating Income": 882,
        "EBIT": NaN,
        "Net Income": 590
    },
    "2017-03-31": {
        "Diluted EPS": 2.17,
        "Total Revenue": NaN,
        "Gross Profit": NaN,
        "Operating Income": 849,
        "EBIT": NaN,
        "Net Income": 613
    },
    "2016-12-31": {
        "Diluted EPS": 3.29,
        "Total Revenue": NaN,
        "Gross Profit": NaN,
        "Operating Income": NaN,
        "EBIT": NaN,
        "Net Income": 937
    },
    "2016-09-30": {
        "Diluted EPS": 2.45,
        "Total Revenue": NaN,
        "Gross Profit": NaN,
        "Operating Income": NaN,
        "EBIT": NaN,
        "Net Income": 710
    },
    "2016-06-30": {
        "Diluted EPS": 2.24,
        "Total Revenue": NaN,
        "Gross Profit": NaN,
        "Operating Income": 980,
        "EBIT": NaN,
        "Net Income": 659
    },
    "2016-03-31": {
        "Diluted EPS": 2.3,
        "Total Revenue": NaN,
        "Gross Profit": NaN,
        "Operating Income": NaN,
        "EBIT": NaN,
        "Net Income": 686
    },
    "2015-12-31": {
        "Diluted EPS": 2.83,
        "Total Revenue": NaN,
        "Gross Profit": NaN,
        "Operating Income": NaN,
        "EBIT": NaN,
        "Net Income": 859
    },
    "2015-09-30": {
        "Diluted EPS": 2.97,
        "Total Revenue": NaN,
        "Gross Profit": NaN,
        "Operating Income": NaN,
        "EBIT": NaN,
        "Net Income": 922
    },
    "2015-06-30": {
        "Diluted EPS": 2.53,
        "Total Revenue": NaN,
        "Gross Profit": NaN,
        "Operating Income": NaN,
        "EBIT": NaN,
        "Net Income": 806
    },
    "2015-03-31": {
        "Diluted EPS": 2.55,
        "Total Revenue": NaN,
        "Gross Profit": NaN,
        "Operating Income": NaN,
        "EBIT": NaN,
        "Net Income": 827
    },
    "2014-12-31": {
        "Diluted EPS": 3.11,
        "Total Revenue": NaN,
        "Gross Profit": NaN,
        "Operating Income": NaN,
        "EBIT": NaN,
        "Net Income": NaN
    },
    "2014-09-30": {
        "Diluted EPS": 2.69,
        "Total Revenue": NaN,
        "Gross Profit": NaN,
        "Operating Income": NaN,
        "EBIT": NaN,
        "Net Income": 912
    },
    "2014-06-30": {
        "Diluted EPS": 1.95,
        "Total Revenue": NaN,
        "Gross Profit": NaN,
        "Operating Income": 993,
        "EBIT": NaN,
        "Net Income": 678
    },
    "2014-03-31": {
        "Diluted EPS": 2.95,
        "Total Revenue": NaN,
        "Gross Profit": NaN,
        "Operating Income": NaN,
        "EBIT": NaN,
        "Net Income": NaN
    },
    "2013-12-31": {
        "Diluted EPS": 2.7,
        "Total Revenue": NaN,
        "Gross Profit": NaN,
        "Operating Income": NaN,
        "EBIT": NaN,
        "Net Income": 980
    },
    "2013-09-30": {
        "Diluted EPS": 2.3,
        "Total Revenue": NaN,
        "Gross Profit": NaN,
        "Operating Income": NaN,
        "EBIT": NaN,
        "Net Income": 858
    },
    "2013-06-30": {
        "Diluted EPS": 2.41,
        "Total Revenue": NaN,
        "Gross Profit": NaN,
        "Operating Income": NaN,
        "EBIT": NaN,
        "Net Income": 918
    },
    "2013-03-31": {
        "Diluted EPS": 2.33,
        "Total Revenue": NaN,
        "Gross Profit": NaN,
        "Operating Income": NaN,
        "EBIT": NaN,
        "Net Income": 890
    },
    "2012-12-31": {
        "Diluted EPS": 0.81,
        "Total Revenue": NaN,
        "Gross Profit": NaN,
        "Operating Income": 404,
        "EBIT": NaN,
        "Net Income": 301
    },
    "2012-09-30": {
        "Diluted EPS": 2.21,
        "Total Revenue": NaN,
        "Gross Profit": NaN,
        "Operating Income": NaN,
        "EBIT": NaN,
        "Net Income": 858
    },
    "2012-06-30": {
        "Diluted EPS": 1.26,
        "Total Revenue": NaN,
        "Gross Profit": NaN,
        "Operating Income": 704,
        "EBIT": NaN,
        "Net Income": 495
    },
    "2012-03-31": {
        "Diluted EPS": 2.02,
        "Total Revenue": NaN,
        "Gross Profit": NaN,
        "Operating Income": NaN,
        "EBIT": NaN,
        "Net Income": 800
    },
    "2011-12-31": {
        "Diluted EPS": 1.53,
        "Total Revenue": NaN,
        "Gross Profit": NaN,
        "Operating Income": 874,
        "EBIT": NaN,
        "Net Income": 618
    },
    "2011-09-30": {
        "Diluted EPS": 0.79,
        "Total Revenue": NaN,
        "Gross Profit": NaN,
        "Operating Income": 429,
        "EBIT": NaN,
        "Net Income": 331
    },
    "2011-06-30": {
        "Diluted EPS": -0.88,
        "Total Revenue": NaN,
        "Gross Profit": NaN,
        "Operating Income": -630,
        "EBIT": 537,
        "Net Income": -366
    },
    "2011-03-31": {
        "Diluted EPS": 1.92,
        "Total Revenue": NaN,
        "Gross Profit": NaN,
        "Operating Income": NaN,
        "EBIT": NaN,
        "Net Income": 831
    },
    "2010-12-31": {
        "Diluted EPS": 1.91,
        "Total Revenue": NaN,
        "Gross Profit": NaN,
        "Operating Income": NaN,
        "EBIT": NaN,
        "Net Income": 866
    },
    "2010-09-30": {
        "Diluted EPS": 2.11,
        "Total Revenue": NaN,
        "Gross Profit": NaN,
        "Operating Income": NaN,
        "EBIT": NaN,
        "Net Income": NaN
    },
    "2010-06-30": {
        "Diluted EPS": 1.35,
        "Total Revenue": NaN,
        "Gross Profit": NaN,
        "Operating Income": 978,
        "EBIT": NaN,
        "Net Income": 670
    },
    "2010-03-31": {
        "Diluted EPS": 1.25,
        "Total Revenue": NaN,
        "Gross Profit": NaN,
        "Operating Income": 955,
        "EBIT": NaN,
        "Net Income": 647
    },
    "2009-12-31": {
        "Diluted EPS": 2.3,
        "Total Revenue": NaN,
        "Gross Profit": NaN,
        "Operating Income": NaN,
        "EBIT": NaN,
        "Net Income": NaN
    },
    "2009-09-30": {
        "Diluted EPS": 1.65,
        "Total Revenue": NaN,
        "Gross Profit": NaN,
        "Operating Income": NaN,
        "EBIT": NaN,
        "Net Income": 935
    },
    "2009-06-30": {
        "Diluted EPS": 1.27,
        "Total Revenue": NaN,
        "Gross Profit": NaN,
        "Operating Income": NaN,
        "EBIT": NaN,
        "Net Income": 740
    },
    "2009-03-31": {
        "Diluted EPS": 1.11,
        "Total Revenue": NaN,
        "Gross Profit": NaN,
        "Operating Income": 819,
        "EBIT": NaN,
        "Net Income": 662
    },
    "2023-09-30": {
        "Tax Effect Of Unusual Items": 0.0,
        "Tax Rate For Calcs": 0.14,
        "Total Unusual Items": 0.0,
        "Total Unusual Items Excluding Goodwill": 0.0,
        "Net Income From Continuing Operation Net Minority Interest": 404000000.0,
        "Reconciled Depreciation": 169000000.0,
        "EBIT": 570000000.0,
        "Net Interest Income": -98000000.0,
        "Interest Expense": 98000000.0,
        "Normalized Income": 404000000.0,
        "Net Income From Continuing And Discontinued Operation": 404000000.0,
        "Total Expenses": 10163000000.0,
        "Diluted NI Availto Com Stockholders": 401000000.0,
        "Net Income Common Stockholders": 401000000.0,
        "Otherunder Preferred Stock Dividend": 3000000.0,
        "Net Income": 404000000.0,
        "Net Income Including Noncontrolling Interests": 404000000.0,
        "Net Income Continuous Operations": 404000000.0,
        "Tax Provision": 68000000.0,
        "Pretax Income": 472000000.0,
        "Other Income Expense": 101000000.0,
        "Special Income Charges": 0.0,
        "Impairment Of Capital Assets": 0.0,
        "Net Non Operating Interest Income Expense": -98000000.0,
        "Interest Expense Non Operating": 98000000.0,
        "Selling General And Administration": 1312000000.0,
        "General And Administrative Expense": 1312000000.0,
        "Other Gand A": 1312000000.0,
        "Total Revenue": 10635000000.0,
        "Operating Revenue": 10635000000.0
    }
}