{
    "2023-03-31": {
        "Tax Effect Of Unusual Items": 0.0,
        "Tax Rate For Calcs": 0.001092,
        "Normalized EBITDA": -6158000.0,
        "Net Income From Continuing Operation Net Minority Interest": -6401000.0,
        "Reconciled Depreciation": 19000.0,
        "EBITDA": -6158000.0,
        "EBIT": -6177000.0,
        "Net Interest Income": 990000.0,
        "Interest Expense": 231000.0,
        "Interest Income": 1221000.0,
        "Normalized Income": -6401000.0,
        "Net Income From Continuing And Discontinued Operation": -6401000.0,
        "Total Expenses": 7563000.0,
        "Total Operating Income As Reported": -7563000.0,
        "Diluted Average Shares": 98610671.0,
        "Basic Average Shares": 98610671.0,
        "Diluted EPS": -0.06,
        "Basic EPS": -0.06,
        "Diluted NI Availto Com Stockholders": -6401000.0,
        "Net Income Common Stockholders": -6401000.0,
        "Net Income": -6401000.0,
        "Net Income Including Noncontrolling Interests": -6401000.0,
        "Net Income Continuous Operations": -6401000.0,
        "Tax Provision": -7000.0,
        "Pretax Income": -6408000.0,
        "Other Income Expense": 165000.0,
        "Other Non Operating Income Expenses": 165000.0,
        "Net Non Operating Interest Income Expense": 990000.0,
        "Total Other Finance Cost": 59000.0,
        "Interest Expense Non Operating": 231000.0,
        "Interest Income Non Operating": 1221000.0,
        "Operating Income": -7563000.0,
        "Operating Expense": 7563000.0,
        "Research And Development": 5000000.0,
        "Selling General And Administration": 2563000.0,
        "General And Administrative Expense": 2563000.0,
        "Other Gand A": 2563000.0,
        "Total Revenue": 0.0,
        "Operating Revenue": 0.0
    },
    "2022-12-31": {
        "Tax Effect Of Unusual Items": 0.0,
        "Tax Rate For Calcs": 0.00362,
        "Normalized EBITDA": -5236000.0,
        "Total Unusual Items": 0.0,
        "Total Unusual Items Excluding Goodwill": 0.0,
        "Net Income From Continuing Operation Net Minority Interest": -5505000.0,
        "Reconciled Depreciation": 15000.0,
        "EBITDA": -5236000.0,
        "EBIT": -5251000.0,
        "Net Interest Income": 843000.0,
        "Interest Expense": 274000.0,
        "Interest Income": 1117000.0,
        "Normalized Income": -5505000.0,
        "Net Income From Continuing And Discontinued Operation": -5505000.0,
        "Total Expenses": 6657000.0,
        "Total Operating Income As Reported": -6657000.0,
        "Diluted Average Shares": 98132668.0,
        "Basic Average Shares": 98132668.0,
        "Diluted EPS": -0.06,
        "Basic EPS": -0.06,
        "Diluted NI Availto Com Stockholders": -5505000.0,
        "Net Income Common Stockholders": -5505000.0,
        "Net Income": -5505000.0,
        "Net Income Including Noncontrolling Interests": -5505000.0,
        "Net Income Continuous Operations": -5505000.0,
        "Tax Provision": -20000.0,
        "Pretax Income": -5525000.0,
        "Other Income Expense": 289000.0,
        "Other Non Operating Income Expenses": NaN,
        "Gain On Sale Of Security": 0.0,
        "Net Non Operating Interest Income Expense": 843000.0,
        "Total Other Finance Cost": 74000.0,
        "Interest Expense Non Operating": 274000.0,
        "Interest Income Non Operating": 1117000.0,
        "Operating Income": -6657000.0,
        "Operating Expense": 6657000.0,
        "Research And Development": 4317000.0,
        "Selling General And Administration": 2340000.0,
        "General And Administrative Expense": 2340000.0,
        "Other Gand A": 2340000.0,
        "Total Revenue": 0.0,
        "Operating Revenue": 0.0
    },
    "2022-09-30": {
        "Tax Effect Of Unusual Items": 0.0,
        "Tax Rate For Calcs": 0.000846,
        "Normalized EBITDA": -8061000.0,
        "Total Unusual Items": NaN,
        "Total Unusual Items Excluding Goodwill": NaN,
        "Net Income From Continuing Operation Net Minority Interest": -8266000.0,
        "Reconciled Depreciation": 9000.0,
        "EBITDA": -8061000.0,
        "EBIT": -8070000.0,
        "Net Interest Income": 132000.0,
        "Interest Expense": 203000.0,
        "Interest Income": 424000.0,
        "Normalized Income": -8266000.0,
        "Net Income From Continuing And Discontinued Operation": -8266000.0,
        "Total Expenses": 8405000.0,
        "Total Operating Income As Reported": -8405000.0,
        "Diluted Average Shares": 68898810.0,
        "Basic Average Shares": 68898810.0,
        "Diluted EPS": -0.12,
        "Basic EPS": -0.12,
        "Diluted NI Availto Com Stockholders": -8266000.0,
        "Net Income Common Stockholders": -8266000.0,
        "Net Income": -8266000.0,
        "Net Income Including Noncontrolling Interests": -8266000.0,
        "Net Income Continuous Operations": -8266000.0,
        "Tax Provision": -7000.0,
        "Pretax Income": -8273000.0,
        "Other Income Expense": NaN,
        "Other Non Operating Income Expenses": NaN,
        "Gain On Sale Of Security": NaN,
        "Net Non Operating Interest Income Expense": 132000.0,
        "Total Other Finance Cost": 89000.0,
        "Interest Expense Non Operating": 203000.0,
        "Interest Income Non Operating": 424000.0,
        "Operating Income": -8405000.0,
        "Operating Expense": 8405000.0,
        "Research And Development": 5769000.0,
        "Selling General And Administration": 2636000.0,
        "General And Administrative Expense": 2636000.0,
        "Other Gand A": 2636000.0,
        "Total Revenue": 0.0,
        "Operating Revenue": 0.0
    },
    "2022-06-30": {
        "Tax Effect Of Unusual Items": -67.527309,
        "Tax Rate For Calcs": 0.000497,
        "Normalized EBITDA": -7721000.0,
        "Total Unusual Items": -136000.0,
        "Total Unusual Items Excluding Goodwill": -136000.0,
        "Net Income From Continuing Operation Net Minority Interest": -8052000.0,
        "Reconciled Depreciation": 8000.0,
        "EBITDA": -7857000.0,
        "EBIT": -7865000.0,
        "Net Interest Income": -100000.0,
        "Interest Expense": 191000.0,
        "Interest Income": 195000.0,
        "Normalized Income": -7916067.527309,
        "Net Income From Continuing And Discontinued Operation": -8052000.0,
        "Total Expenses": 7820000.0,
        "Total Operating Income As Reported": -7820000.0,
        "Diluted Average Shares": 59542628.0,
        "Basic Average Shares": 59542628.0,
        "Diluted EPS": -0.14,
        "Basic EPS": -0.14,
        "Diluted NI Availto Com Stockholders": -8052000.0,
        "Net Income Common Stockholders": -8052000.0,
        "Net Income": -8052000.0,
        "Net Income Including Noncontrolling Interests": -8052000.0,
        "Net Income Continuous Operations": -8052000.0,
        "Tax Provision": -4000.0,
        "Pretax Income": -8056000.0,
        "Other Income Expense": -136000.0,
        "Other Non Operating Income Expenses": NaN,
        "Gain On Sale Of Security": -136000.0,
        "Net Non Operating Interest Income Expense": -100000.0,
        "Total Other Finance Cost": 104000.0,
        "Interest Expense Non Operating": 191000.0,
        "Interest Income Non Operating": 195000.0,
        "Operating Income": -7820000.0,
        "Operating Expense": 7820000.0,
        "Research And Development": 5103000.0,
        "Selling General And Administration": 2717000.0,
        "General And Administrative Expense": 2717000.0,
        "Other Gand A": 2717000.0,
        "Total Revenue": 0.0,
        "Operating Revenue": 0.0
    },
    "2022-03-31": {
        "Diluted EPS": -0.24,
        "Total Revenue": NaN,
        "Gross Profit": NaN,
        "Operating Income": -7,
        "EBIT": -7,
        "Net Income": -7
    },
    "2021-12-31": {
        "Diluted EPS": -0.23,
        "Total Revenue": NaN,
        "Gross Profit": NaN,
        "Operating Income": -8,
        "EBIT": -8,
        "Net Income": -9
    },
    "2021-09-30": {
        "Diluted EPS": -0.34,
        "Total Revenue": NaN,
        "Gross Profit": NaN,
        "Operating Income": -7,
        "EBIT": -7,
        "Net Income": -7
    },
    "2021-06-30": {
        "Diluted EPS": -0.49,
        "Total Revenue": NaN,
        "Gross Profit": NaN,
        "Operating Income": -9,
        "EBIT": -9,
        "Net Income": -10
    },
    "2021-03-31": {
        "Diluted EPS": -0.43,
        "Total Revenue": NaN,
        "Gross Profit": NaN,
        "Operating Income": -8,
        "EBIT": -8,
        "Net Income": -8
    },
    "2020-12-31": {
        "Diluted EPS": -0.51,
        "Total Revenue": NaN,
        "Gross Profit": NaN,
        "Operating Income": -9,
        "EBIT": -9,
        "Net Income": -10
    },
    "2020-09-30": {
        "Diluted EPS": -0.41,
        "Total Revenue": NaN,
        "Gross Profit": NaN,
        "Operating Income": -7,
        "EBIT": -7,
        "Net Income": -7
    },
    "2020-06-30": {
        "Diluted EPS": -0.41,
        "Total Revenue": NaN,
        "Gross Profit": NaN,
        "Operating Income": -7,
        "EBIT": -7,
        "Net Income": -7
    },
    "2020-03-31": {
        "Diluted EPS": -0.48,
        "Total Revenue": NaN,
        "Gross Profit": NaN,
        "Operating Income": -9,
        "EBIT": -9,
        "Net Income": -8
    },
    "2019-12-31": {
        "Diluted EPS": 12.61,
        "Total Revenue": NaN,
        "Gross Profit": NaN,
        "Operating Income": -7,
        "EBIT": -7,
        "Net Income": -7
    },
    "2019-09-30": {
        "Diluted EPS": -0.41,
        "Total Revenue": NaN,
        "Gross Profit": NaN,
        "Operating Income": -8,
        "EBIT": -8,
        "Net Income": -7
    },
    "2019-06-30": {
        "Diluted EPS": -0.63,
        "Total Revenue": NaN,
        "Gross Profit": NaN,
        "Operating Income": -7,
        "EBIT": -7,
        "Net Income": -7
    },
    "2019-03-31": {
        "Diluted EPS": -13.85,
        "Total Revenue": NaN,
        "Gross Profit": NaN,
        "Operating Income": -5,
        "EBIT": -5,
        "Net Income": -6
    },
    "2018-12-31": {
        "Diluted EPS": -16.78,
        "Total Revenue": NaN,
        "Gross Profit": NaN,
        "Operating Income": -6,
        "EBIT": -6,
        "Net Income": -6
    },
    "2018-09-30": {
        "Diluted EPS": -16.22,
        "Total Revenue": NaN,
        "Gross Profit": NaN,
        "Operating Income": -5,
        "EBIT": -5,
        "Net Income": -7
    },
    "2018-06-30": {
        "Diluted EPS": -13.62,
        "Total Revenue": NaN,
        "Gross Profit": NaN,
        "Operating Income": -4,
        "EBIT": -4,
        "Net Income": -6
    },
    "2018-03-31": {
        "Diluted EPS": -11.82,
        "Total Revenue": NaN,
        "Gross Profit": NaN,
        "Operating Income": -3,
        "EBIT": -3,
        "Net Income": -5
    },
    "2017-12-31": {
        "Diluted EPS": 0.0,
        "Total Revenue": NaN,
        "Gross Profit": NaN,
        "Operating Income": NaN,
        "EBIT": NaN,
        "Net Income": NaN
    },
    "2023-06-30": {
        "Tax Effect Of Unusual Items": 0.0,
        "Tax Rate For Calcs": 0.004181,
        "Normalized EBITDA": -6990000.0,
        "Net Income From Continuing Operation Net Minority Interest": -7145000.0,
        "Reconciled Depreciation": 34000.0,
        "EBITDA": -6990000.0,
        "EBIT": -7024000.0,
        "Net Interest Income": 1056000.0,
        "Interest Expense": 151000.0,
        "Interest Income": 1207000.0,
        "Normalized Income": -7145000.0,
        "Net Income From Continuing And Discontinued Operation": -7145000.0,
        "Total Expenses": 8382000.0,
        "Total Operating Income As Reported": -8382000.0,
        "Diluted Average Shares": 98698579.0,
        "Basic Average Shares": 98698579.0,
        "Diluted EPS": -0.07,
        "Basic EPS": -0.07,
        "Diluted NI Availto Com Stockholders": -7145000.0,
        "Net Income Common Stockholders": -7145000.0,
        "Net Income": -7145000.0,
        "Net Income Including Noncontrolling Interests": -7145000.0,
        "Net Income Continuous Operations": -7145000.0,
        "Tax Provision": -30000.0,
        "Pretax Income": -7175000.0,
        "Other Income Expense": 153000.0,
        "Other Non Operating Income Expenses": 153000.0,
        "Net Non Operating Interest Income Expense": 1056000.0,
        "Total Other Finance Cost": NaN,
        "Interest Expense Non Operating": 151000.0,
        "Interest Income Non Operating": 1207000.0,
        "Operating Income": -8382000.0,
        "Operating Expense": 8382000.0,
        "Research And Development": 5842000.0,
        "Selling General And Administration": 2540000.0,
        "General And Administrative Expense": 2540000.0,
        "Other Gand A": 2540000.0,
        "Total Revenue": 0.0,
        "Operating Revenue": 0.0
    },
    "2023-09-30": {
        "Tax Effect Of Unusual Items": 0.0,
        "Tax Rate For Calcs": 0.001686,
        "Normalized EBITDA": -7673000.0,
        "Net Income From Continuing Operation Net Minority Interest": -7698000.0,
        "Reconciled Depreciation": 35000.0,
        "EBITDA": -7673000.0,
        "EBIT": -7708000.0,
        "Net Interest Income": 1180000.0,
        "Interest Expense": 3000.0,
        "Interest Income": 1183000.0,
        "Normalized Income": -7698000.0,
        "Net Income From Continuing And Discontinued Operation": -7698000.0,
        "Total Expenses": 9045000.0,
        "Total Operating Income As Reported": -9045000.0,
        "Diluted Average Shares": 99325540.0,
        "Basic Average Shares": 99325540.0,
        "Diluted EPS": -0.08,
        "Basic EPS": -0.08,
        "Diluted NI Availto Com Stockholders": -7698000.0,
        "Net Income Common Stockholders": -7698000.0,
        "Net Income": -7698000.0,
        "Net Income Including Noncontrolling Interests": -7698000.0,
        "Net Income Continuous Operations": -7698000.0,
        "Tax Provision": -13000.0,
        "Pretax Income": -7711000.0,
        "Other Income Expense": 154000.0,
        "Other Non Operating Income Expenses": 154000.0,
        "Net Non Operating Interest Income Expense": 1180000.0,
        "Total Other Finance Cost": NaN,
        "Interest Expense Non Operating": 3000.0,
        "Interest Income Non Operating": 1183000.0,
        "Operating Income": -9045000.0,
        "Operating Expense": 9045000.0,
        "Research And Development": 6323000.0,
        "Selling General And Administration": 2722000.0,
        "General And Administrative Expense": 2722000.0,
        "Other Gand A": 2722000.0,
        "Total Revenue": 0.0,
        "Operating Revenue": 0.0
    },
    "2023-12-31": {
        "Tax Effect Of Unusual Items": 0.0,
        "Tax Rate For Calcs": 0.21,
        "Normalized EBITDA": -7764000.0,
        "Net Income From Continuing Operation Net Minority Interest": -7821000.0,
        "Reconciled Depreciation": 35000.0,
        "EBITDA": -7764000.0,
        "EBIT": -7799000.0,
        "Net Interest Income": 1133000.0,
        "Interest Expense": 4000.0,
        "Interest Income": 1137000.0,
        "Normalized Income": -7821000.0,
        "Net Income From Continuing And Discontinued Operation": -7821000.0,
        "Total Expenses": 8933000.0,
        "Total Operating Income As Reported": -8933000.0,
        "Diluted Average Shares": NaN,
        "Basic Average Shares": NaN,
        "Diluted EPS": NaN,
        "Basic EPS": NaN,
        "Diluted NI Availto Com Stockholders": -7821000.0,
        "Net Income Common Stockholders": -7821000.0,
        "Net Income": -7821000.0,
        "Net Income Including Noncontrolling Interests": -7821000.0,
        "Net Income Continuous Operations": -7821000.0,
        "Tax Provision": 18000.0,
        "Pretax Income": -7803000.0,
        "Other Income Expense": -3000.0,
        "Other Non Operating Income Expenses": -3000.0,
        "Net Non Operating Interest Income Expense": 1133000.0,
        "Total Other Finance Cost": NaN,
        "Interest Expense Non Operating": 4000.0,
        "Interest Income Non Operating": 1137000.0,
        "Operating Income": -8933000.0,
        "Operating Expense": 8933000.0,
        "Research And Development": 6518000.0,
        "Selling General And Administration": 2415000.0,
        "General And Administrative Expense": 2415000.0,
        "Other Gand A": 2415000.0,
        "Total Revenue": 0.0,
        "Operating Revenue": 0.0
    }
}