{
    "2023-03-31": {
        "Tax Effect Of Unusual Items": 0.0,
        "Tax Rate For Calcs": 0.0,
        "Normalized EBITDA": -10119000.0,
        "Total Unusual Items": 2448000.0,
        "Total Unusual Items Excluding Goodwill": 2448000.0,
        "Net Income From Continuing Operation Net Minority Interest": -7819000.0,
        "Reconciled Depreciation": 82000.0,
        "Reconciled Cost Of Revenue": 127000.0,
        "EBITDA": -10119000.0,
        "EBIT": -10119000.0,
        "Net Interest Income": -157000.0,
        "Interest Expense": 446000.0,
        "Interest Income": 289000.0,
        "Normalized Income": -7819000.0,
        "Net Income From Continuing And Discontinued Operation": -7819000.0,
        "Total Expenses": 10125000.0,
        "Total Operating Income As Reported": -10119000.0,
        "Diluted Average Shares": 9594072.0,
        "Basic Average Shares": 9594072.0,
        "Diluted EPS": -0.81,
        "Basic EPS": -0.81,
        "Diluted NI Availto Com Stockholders": -7819000.0,
        "Net Income Common Stockholders": -7819000.0,
        "Net Income": -7819000.0,
        "Net Income Including Noncontrolling Interests": -7819000.0,
        "Net Income From Tax Loss Carryforward": 1000.0,
        "Net Income Continuous Operations": -7819000.0,
        "Tax Provision": NaN,
        "Pretax Income": -7819000.0,
        "Other Income Expense": 2300000.0,
        "Other Non Operating Income Expenses": 2300000.0,
        "Gain On Sale Of Security": 2448000.0,
        "Net Non Operating Interest Income Expense": -157000.0,
        "Interest Expense Non Operating": 446000.0,
        "Interest Income Non Operating": 289000.0,
        "Operating Income": -10119000.0,
        "Operating Expense": 9998000.0,
        "Research And Development": 3909000.0,
        "Selling General And Administration": 6089000.0,
        "Gross Profit": -121000.0,
        "Cost Of Revenue": 127000.0,
        "Total Revenue": 6000.0,
        "Operating Revenue": 6000.0
    },
    "2022-12-31": {
        "Tax Effect Of Unusual Items": 0.0,
        "Tax Rate For Calcs": 0.0,
        "Normalized EBITDA": -9347000.0,
        "Total Unusual Items": 10522000.0,
        "Total Unusual Items Excluding Goodwill": 10522000.0,
        "Net Income From Continuing Operation Net Minority Interest": -7005000.0,
        "Reconciled Depreciation": 82000.0,
        "Reconciled Cost Of Revenue": 228000.0,
        "EBITDA": -9347000.0,
        "EBIT": -9347000.0,
        "Net Interest Income": -325000.0,
        "Interest Expense": 530000.0,
        "Interest Income": 205000.0,
        "Normalized Income": -7005000.0,
        "Net Income From Continuing And Discontinued Operation": -7005000.0,
        "Total Expenses": 9347000.0,
        "Total Operating Income As Reported": -9347000.0,
        "Diluted Average Shares": 9594072.0,
        "Basic Average Shares": 9594072.0,
        "Diluted EPS": -0.73,
        "Basic EPS": -0.73,
        "Diluted NI Availto Com Stockholders": -7005000.0,
        "Net Income Common Stockholders": -7005000.0,
        "Net Income": -7005000.0,
        "Net Income Including Noncontrolling Interests": -7005000.0,
        "Net Income From Tax Loss Carryforward": 0.0,
        "Net Income Continuous Operations": -7005000.0,
        "Tax Provision": NaN,
        "Pretax Income": -7005000.0,
        "Other Income Expense": 2342000.0,
        "Other Non Operating Income Expenses": 2342000.0,
        "Gain On Sale Of Security": 10522000.0,
        "Net Non Operating Interest Income Expense": -325000.0,
        "Interest Expense Non Operating": 530000.0,
        "Interest Income Non Operating": 205000.0,
        "Operating Income": -9347000.0,
        "Operating Expense": 9119000.0,
        "Research And Development": 3396000.0,
        "Selling General And Administration": 5723000.0,
        "Gross Profit": -228000.0,
        "Cost Of Revenue": 228000.0,
        "Total Revenue": 0.0,
        "Operating Revenue": 0.0
    },
    "2022-09-30": {
        "Tax Effect Of Unusual Items": 0.0,
        "Tax Rate For Calcs": 0.0,
        "Normalized EBITDA": -15473000.0,
        "Total Unusual Items": 669000.0,
        "Total Unusual Items Excluding Goodwill": 669000.0,
        "Net Income From Continuing Operation Net Minority Interest": -15295000.0,
        "Reconciled Depreciation": 90000.0,
        "Reconciled Cost Of Revenue": 2368000.0,
        "EBITDA": -14804000.0,
        "EBIT": -14894000.0,
        "Net Interest Income": -274000.0,
        "Interest Expense": 401000.0,
        "Interest Income": 127000.0,
        "Normalized Income": -15964000.0,
        "Net Income From Continuing And Discontinued Operation": -15295000.0,
        "Total Expenses": 15317000.0,
        "Total Operating Income As Reported": -15755000.0,
        "Diluted Average Shares": 6829013.0,
        "Basic Average Shares": 6829013.0,
        "Diluted EPS": -2.24,
        "Basic EPS": -2.24,
        "Diluted NI Availto Com Stockholders": -15295000.0,
        "Net Income Common Stockholders": -15295000.0,
        "Net Income": -15295000.0,
        "Net Income Including Noncontrolling Interests": -15295000.0,
        "Net Income From Tax Loss Carryforward": NaN,
        "Net Income Continuous Operations": -15295000.0,
        "Tax Provision": NaN,
        "Pretax Income": -15295000.0,
        "Other Income Expense": 734000.0,
        "Other Non Operating Income Expenses": 65000.0,
        "Gain On Sale Of Security": 669000.0,
        "Net Non Operating Interest Income Expense": -274000.0,
        "Interest Expense Non Operating": 401000.0,
        "Interest Income Non Operating": 127000.0,
        "Operating Income": -15755000.0,
        "Operating Expense": 12949000.0,
        "Research And Development": 5266000.0,
        "Selling General And Administration": 7683000.0,
        "Gross Profit": -2806000.0,
        "Cost Of Revenue": 2368000.0,
        "Total Revenue": -438000.0,
        "Operating Revenue": -438000.0
    },
    "2022-06-30": {
        "Tax Effect Of Unusual Items": 0.0,
        "Tax Rate For Calcs": 0.0,
        "Normalized EBITDA": -14549000.0,
        "Total Unusual Items": -2000.0,
        "Total Unusual Items Excluding Goodwill": -2000.0,
        "Net Income From Continuing Operation Net Minority Interest": -14981000.0,
        "Reconciled Depreciation": 105000.0,
        "Reconciled Cost Of Revenue": 216000.0,
        "EBITDA": -14551000.0,
        "EBIT": -14656000.0,
        "Net Interest Income": -230000.0,
        "Interest Expense": 325000.0,
        "Interest Income": 95000.0,
        "Normalized Income": -14979000.0,
        "Net Income From Continuing And Discontinued Operation": -14981000.0,
        "Total Expenses": 14813000.0,
        "Total Operating Income As Reported": -14813000.0,
        "Diluted Average Shares": 6621083.0,
        "Basic Average Shares": 6621083.0,
        "Diluted EPS": -2.26,
        "Basic EPS": -2.26,
        "Diluted NI Availto Com Stockholders": -14981000.0,
        "Net Income Common Stockholders": -14981000.0,
        "Net Income": -14981000.0,
        "Net Income Including Noncontrolling Interests": -14981000.0,
        "Net Income From Tax Loss Carryforward": NaN,
        "Net Income Continuous Operations": -14981000.0,
        "Tax Provision": NaN,
        "Pretax Income": -14981000.0,
        "Other Income Expense": 62000.0,
        "Other Non Operating Income Expenses": 64000.0,
        "Gain On Sale Of Security": -2000.0,
        "Net Non Operating Interest Income Expense": -230000.0,
        "Interest Expense Non Operating": 325000.0,
        "Interest Income Non Operating": 95000.0,
        "Operating Income": -14813000.0,
        "Operating Expense": 14597000.0,
        "Research And Development": 4291000.0,
        "Selling General And Administration": 10306000.0,
        "General And Administrative Expense": 10306000.0,
        "Other Gand A": 10306000.0,
        "Gross Profit": -216000.0,
        "Cost Of Revenue": 216000.0,
        "Total Revenue": 0.0,
        "Operating Revenue": 0.0
    },
    "2022-03-31": {
        "Diluted EPS": -2.48,
        "Total Revenue": 0,
        "Gross Profit": 0,
        "Operating Income": -16,
        "EBIT": -16,
        "Net Income": -16
    },
    "2021-12-31": {
        "Diluted EPS": -2.15,
        "Total Revenue": 0,
        "Gross Profit": 0,
        "Operating Income": -14,
        "EBIT": -14,
        "Net Income": -14
    },
    "2021-09-30": {
        "Diluted EPS": -2.0,
        "Total Revenue": 0,
        "Gross Profit": 0,
        "Operating Income": -14,
        "EBIT": -14,
        "Net Income": -14
    },
    "2021-06-30": {
        "Diluted EPS": -2.25,
        "Total Revenue": 0,
        "Gross Profit": 0,
        "Operating Income": -14,
        "EBIT": -14,
        "Net Income": -14
    },
    "2021-03-31": {
        "Diluted EPS": -1.5,
        "Total Revenue": 0,
        "Gross Profit": 0,
        "Operating Income": -10,
        "EBIT": -10,
        "Net Income": -10
    },
    "2020-12-31": {
        "Diluted EPS": -1.75,
        "Total Revenue": 0,
        "Gross Profit": 0,
        "Operating Income": -12,
        "EBIT": -12,
        "Net Income": -12
    },
    "2020-09-30": {
        "Diluted EPS": -1.0,
        "Total Revenue": 3,
        "Gross Profit": 3,
        "Operating Income": -5,
        "EBIT": -5,
        "Net Income": -6
    },
    "2020-06-30": {
        "Diluted EPS": -1.5,
        "Total Revenue": NaN,
        "Gross Profit": NaN,
        "Operating Income": -6,
        "EBIT": -6,
        "Net Income": -6
    },
    "2020-03-31": {
        "Diluted EPS": -1.5,
        "Total Revenue": NaN,
        "Gross Profit": NaN,
        "Operating Income": -6,
        "EBIT": -6,
        "Net Income": -6
    },
    "2019-12-31": {
        "Diluted EPS": -1.75,
        "Total Revenue": NaN,
        "Gross Profit": NaN,
        "Operating Income": -7,
        "EBIT": -6,
        "Net Income": -6
    },
    "2019-09-30": {
        "Diluted EPS": -2.25,
        "Total Revenue": NaN,
        "Gross Profit": NaN,
        "Operating Income": -9,
        "EBIT": -9,
        "Net Income": -9
    },
    "2019-06-30": {
        "Diluted EPS": -1.25,
        "Total Revenue": NaN,
        "Gross Profit": NaN,
        "Operating Income": -6,
        "EBIT": -6,
        "Net Income": -5
    },
    "2019-03-31": {
        "Diluted EPS": -1.5,
        "Total Revenue": NaN,
        "Gross Profit": NaN,
        "Operating Income": -5,
        "EBIT": -5,
        "Net Income": -5
    },
    "2018-12-31": {
        "Diluted EPS": -2.25,
        "Total Revenue": 0,
        "Gross Profit": 0,
        "Operating Income": -8,
        "EBIT": -8,
        "Net Income": -8
    },
    "2018-09-30": {
        "Diluted EPS": -1.5,
        "Total Revenue": 3,
        "Gross Profit": 3,
        "Operating Income": -4,
        "EBIT": -4,
        "Net Income": -4
    },
    "2018-06-30": {
        "Diluted EPS": -3.25,
        "Total Revenue": 3,
        "Gross Profit": 3,
        "Operating Income": -9,
        "EBIT": -8,
        "Net Income": -9
    },
    "2018-03-31": {
        "Diluted EPS": -3.5,
        "Total Revenue": NaN,
        "Gross Profit": NaN,
        "Operating Income": -10,
        "EBIT": -10,
        "Net Income": -9
    },
    "2017-12-31": {
        "Diluted EPS": -5.75,
        "Total Revenue": NaN,
        "Gross Profit": NaN,
        "Operating Income": -14,
        "EBIT": -14,
        "Net Income": -15
    },
    "2017-09-30": {
        "Diluted EPS": -6.75,
        "Total Revenue": NaN,
        "Gross Profit": NaN,
        "Operating Income": -15,
        "EBIT": -15,
        "Net Income": -16
    },
    "2017-06-30": {
        "Diluted EPS": -8.75,
        "Total Revenue": NaN,
        "Gross Profit": NaN,
        "Operating Income": -20,
        "EBIT": -20,
        "Net Income": -20
    },
    "2017-03-31": {
        "Diluted EPS": -9.0,
        "Total Revenue": NaN,
        "Gross Profit": NaN,
        "Operating Income": -21,
        "EBIT": -21,
        "Net Income": -21
    },
    "2016-12-31": {
        "Diluted EPS": -17.0,
        "Total Revenue": NaN,
        "Gross Profit": NaN,
        "Operating Income": -36,
        "EBIT": -36,
        "Net Income": -36
    },
    "2016-09-30": {
        "Diluted EPS": -14.25,
        "Total Revenue": NaN,
        "Gross Profit": NaN,
        "Operating Income": -30,
        "EBIT": -29,
        "Net Income": -30
    },
    "2016-06-30": {
        "Diluted EPS": -9.25,
        "Total Revenue": 2,
        "Gross Profit": 2,
        "Operating Income": -19,
        "EBIT": -19,
        "Net Income": -19
    },
    "2016-03-31": {
        "Diluted EPS": -8.75,
        "Total Revenue": 2,
        "Gross Profit": 2,
        "Operating Income": -18,
        "EBIT": -17,
        "Net Income": -18
    },
    "2015-12-31": {
        "Diluted EPS": -7.5,
        "Total Revenue": 2,
        "Gross Profit": 2,
        "Operating Income": -15,
        "EBIT": -15,
        "Net Income": -15
    },
    "2015-09-30": {
        "Diluted EPS": -6.0,
        "Total Revenue": 2,
        "Gross Profit": 2,
        "Operating Income": -11,
        "EBIT": -10,
        "Net Income": -11
    },
    "2015-06-30": {
        "Diluted EPS": -7.0,
        "Total Revenue": 2,
        "Gross Profit": 2,
        "Operating Income": -12,
        "EBIT": -11,
        "Net Income": -12
    },
    "2015-03-31": {
        "Diluted EPS": -8.25,
        "Total Revenue": 1,
        "Gross Profit": 1,
        "Operating Income": -13,
        "EBIT": -13,
        "Net Income": -13
    },
    "2014-12-31": {
        "Diluted EPS": -10.0,
        "Total Revenue": NaN,
        "Gross Profit": NaN,
        "Operating Income": -13,
        "EBIT": -13,
        "Net Income": -13
    },
    "2014-09-30": {
        "Diluted EPS": -14.75,
        "Total Revenue": NaN,
        "Gross Profit": NaN,
        "Operating Income": -16,
        "EBIT": -16,
        "Net Income": -16
    },
    "2014-06-30": {
        "Diluted EPS": -11.0,
        "Total Revenue": NaN,
        "Gross Profit": NaN,
        "Operating Income": -12,
        "EBIT": -11,
        "Net Income": -11
    },
    "2014-03-31": {
        "Diluted EPS": -14.75,
        "Total Revenue": NaN,
        "Gross Profit": NaN,
        "Operating Income": -10,
        "EBIT": -10,
        "Net Income": -9
    },
    "2013-12-31": {
        "Diluted EPS": -187.0,
        "Total Revenue": NaN,
        "Gross Profit": NaN,
        "Operating Income": -8,
        "EBIT": -8,
        "Net Income": -7
    },
    "2013-09-30": {
        "Diluted EPS": -279.5,
        "Total Revenue": NaN,
        "Gross Profit": NaN,
        "Operating Income": -8,
        "EBIT": -8,
        "Net Income": -9
    },
    "2013-06-30": {
        "Diluted EPS": -157.5,
        "Total Revenue": 0,
        "Gross Profit": 0,
        "Operating Income": -4,
        "EBIT": -4,
        "Net Income": -5
    },
    "2013-03-31": {
        "Diluted EPS": -107.5,
        "Total Revenue": 0,
        "Gross Profit": 0,
        "Operating Income": -3,
        "EBIT": -3,
        "Net Income": -3
    },
    "2012-12-31": {
        "Diluted EPS": 0.0,
        "Total Revenue": NaN,
        "Gross Profit": NaN,
        "Operating Income": NaN,
        "EBIT": NaN,
        "Net Income": NaN
    },
    "2011-12-31": {
        "Diluted EPS": 0.0,
        "Total Revenue": NaN,
        "Gross Profit": NaN,
        "Operating Income": NaN,
        "EBIT": NaN,
        "Net Income": NaN
    },
    "2023-06-30": {
        "Tax Effect Of Unusual Items": 0.0,
        "Tax Rate For Calcs": 0.0,
        "Normalized EBITDA": -6196000.0,
        "Total Unusual Items": -766000.0,
        "Total Unusual Items Excluding Goodwill": -766000.0,
        "Net Income From Continuing Operation Net Minority Interest": -8012000.0,
        "Reconciled Depreciation": 83000.0,
        "Reconciled Cost Of Revenue": 88000.0,
        "EBITDA": -6196000.0,
        "EBIT": -6196000.0,
        "Net Interest Income": -799000.0,
        "Interest Expense": 1122000.0,
        "Interest Income": 323000.0,
        "Normalized Income": -8012000.0,
        "Net Income From Continuing And Discontinued Operation": -8012000.0,
        "Total Expenses": 9217000.0,
        "Total Operating Income As Reported": -6196000.0,
        "Diluted Average Shares": 11580128.0,
        "Basic Average Shares": 11580128.0,
        "Diluted EPS": -0.69,
        "Basic EPS": -0.69,
        "Diluted NI Availto Com Stockholders": -8012000.0,
        "Net Income Common Stockholders": -8012000.0,
        "Net Income": -8012000.0,
        "Net Income Including Noncontrolling Interests": -8012000.0,
        "Net Income From Tax Loss Carryforward": NaN,
        "Net Income Continuous Operations": -8012000.0,
        "Tax Provision": 300000.0,
        "Pretax Income": -8012000.0,
        "Other Income Expense": -1816000.0,
        "Other Non Operating Income Expenses": -1816000.0,
        "Gain On Sale Of Security": -766000.0,
        "Net Non Operating Interest Income Expense": -799000.0,
        "Interest Expense Non Operating": 1122000.0,
        "Interest Income Non Operating": 323000.0,
        "Operating Income": -6196000.0,
        "Operating Expense": 9129000.0,
        "Research And Development": 3991000.0,
        "Selling General And Administration": 5138000.0,
        "Gross Profit": 2933000.0,
        "Cost Of Revenue": 88000.0,
        "Total Revenue": 3021000.0,
        "Operating Revenue": 3021000.0
    },
    "2023-09-30": {
        "Tax Effect Of Unusual Items": 0.0,
        "Tax Rate For Calcs": 0.0,
        "Normalized EBITDA": -8305000.0,
        "Total Unusual Items": 669000.0,
        "Total Unusual Items Excluding Goodwill": 669000.0,
        "Net Income From Continuing Operation Net Minority Interest": -7930000.0,
        "Reconciled Depreciation": 84000.0,
        "Reconciled Cost Of Revenue": 175000.0,
        "EBITDA": -7636000.0,
        "EBIT": -7720000.0,
        "Net Interest Income": 167000.0,
        "Interest Expense": 210000.0,
        "Interest Income": 377000.0,
        "Normalized Income": -8599000.0,
        "Net Income From Continuing And Discontinued Operation": -7930000.0,
        "Total Expenses": 9007000.0,
        "Total Operating Income As Reported": -8827000.0,
        "Diluted Average Shares": 13964301.0,
        "Basic Average Shares": 13964301.0,
        "Diluted EPS": -0.57,
        "Basic EPS": -0.57,
        "Diluted NI Availto Com Stockholders": -7930000.0,
        "Net Income Common Stockholders": -7930000.0,
        "Net Income": -7930000.0,
        "Net Income Including Noncontrolling Interests": -7930000.0,
        "Net Income From Tax Loss Carryforward": 0.0,
        "Net Income Continuous Operations": -7930000.0,
        "Tax Provision": 0.0,
        "Pretax Income": -7930000.0,
        "Other Income Expense": 730000.0,
        "Other Non Operating Income Expenses": 61000.0,
        "Gain On Sale Of Security": 669000.0,
        "Net Non Operating Interest Income Expense": 167000.0,
        "Interest Expense Non Operating": 210000.0,
        "Interest Income Non Operating": 377000.0,
        "Operating Income": -8827000.0,
        "Operating Expense": 8832000.0,
        "Research And Development": 4260000.0,
        "Selling General And Administration": 4572000.0,
        "Gross Profit": 5000.0,
        "Cost Of Revenue": 175000.0,
        "Total Revenue": 180000.0,
        "Operating Revenue": 180000.0
    }
}