{
    "2023-03-31": {
        "Tax Effect Of Unusual Items": NaN,
        "Tax Rate For Calcs": NaN,
        "Normalized EBITDA": NaN,
        "Total Unusual Items": NaN,
        "Total Unusual Items Excluding Goodwill": NaN,
        "Net Income From Continuing Operation Net Minority Interest": NaN,
        "Reconciled Depreciation": NaN,
        "Reconciled Cost Of Revenue": NaN,
        "EBITDA": NaN,
        "EBIT": NaN,
        "Net Interest Income": NaN,
        "Interest Expense": NaN,
        "Interest Income": NaN,
        "Normalized Income": NaN,
        "Net Income From Continuing And Discontinued Operation": NaN,
        "Total Expenses": NaN,
        "Total Operating Income As Reported": NaN,
        "Diluted Average Shares": 14638067.0,
        "Basic Average Shares": 13022905.0,
        "Diluted EPS": 0.6,
        "Basic EPS": 0.61,
        "Diluted NI Availto Com Stockholders": NaN,
        "Average Dilution Earnings": 774000.0,
        "Net Income Common Stockholders": NaN,
        "Net Income": NaN,
        "Minority Interests": NaN,
        "Net Income Including Noncontrolling Interests": NaN,
        "Net Income Continuous Operations": NaN,
        "Tax Provision": NaN,
        "Pretax Income": NaN,
        "Other Income Expense": NaN,
        "Special Income Charges": 0.0,
        "Gain On Sale Of Ppe": NaN,
        "Other Special Charges": NaN,
        "Gain On Sale Of Security": NaN,
        "Net Non Operating Interest Income Expense": NaN,
        "Interest Expense Non Operating": NaN,
        "Interest Income Non Operating": NaN,
        "Operating Income": NaN,
        "Operating Expense": NaN,
        "Other Operating Expenses": NaN,
        "Depreciation Amortization Depletion Income Statement": NaN,
        "Depreciation And Amortization In Income Statement": NaN,
        "Amortization": NaN,
        "Amortization Of Intangibles Income Statement": NaN,
        "Depreciation Income Statement": NaN,
        "Selling General And Administration": NaN,
        "General And Administrative Expense": NaN,
        "Salaries And Wages": NaN,
        "Gross Profit": NaN,
        "Cost Of Revenue": NaN,
        "Total Revenue": NaN,
        "Operating Revenue": NaN
    },
    "2022-12-31": {
        "Tax Effect Of Unusual Items": NaN,
        "Tax Rate For Calcs": NaN,
        "Normalized EBITDA": NaN,
        "Total Unusual Items": NaN,
        "Total Unusual Items Excluding Goodwill": NaN,
        "Net Income From Continuing Operation Net Minority Interest": NaN,
        "Reconciled Depreciation": NaN,
        "Reconciled Cost Of Revenue": NaN,
        "EBITDA": NaN,
        "EBIT": NaN,
        "Net Interest Income": NaN,
        "Interest Expense": NaN,
        "Interest Income": NaN,
        "Normalized Income": NaN,
        "Net Income From Continuing And Discontinued Operation": NaN,
        "Total Expenses": NaN,
        "Total Operating Income As Reported": NaN,
        "Diluted Average Shares": NaN,
        "Basic Average Shares": NaN,
        "Diluted EPS": NaN,
        "Basic EPS": NaN,
        "Diluted NI Availto Com Stockholders": NaN,
        "Average Dilution Earnings": NaN,
        "Net Income Common Stockholders": NaN,
        "Net Income": NaN,
        "Minority Interests": NaN,
        "Net Income Including Noncontrolling Interests": NaN,
        "Net Income Continuous Operations": NaN,
        "Tax Provision": NaN,
        "Pretax Income": NaN,
        "Other Income Expense": NaN,
        "Special Income Charges": NaN,
        "Gain On Sale Of Ppe": NaN,
        "Other Special Charges": 0.0,
        "Gain On Sale Of Security": NaN,
        "Net Non Operating Interest Income Expense": NaN,
        "Interest Expense Non Operating": NaN,
        "Interest Income Non Operating": NaN,
        "Operating Income": NaN,
        "Operating Expense": NaN,
        "Other Operating Expenses": NaN,
        "Depreciation Amortization Depletion Income Statement": NaN,
        "Depreciation And Amortization In Income Statement": NaN,
        "Amortization": NaN,
        "Amortization Of Intangibles Income Statement": NaN,
        "Depreciation Income Statement": NaN,
        "Selling General And Administration": NaN,
        "General And Administrative Expense": NaN,
        "Salaries And Wages": NaN,
        "Gross Profit": NaN,
        "Cost Of Revenue": NaN,
        "Total Revenue": NaN,
        "Operating Revenue": NaN
    },
    "2022-09-30": {
        "Tax Effect Of Unusual Items": NaN,
        "Tax Rate For Calcs": NaN,
        "Normalized EBITDA": NaN,
        "Total Unusual Items": NaN,
        "Total Unusual Items Excluding Goodwill": NaN,
        "Net Income From Continuing Operation Net Minority Interest": NaN,
        "Reconciled Depreciation": NaN,
        "Reconciled Cost Of Revenue": NaN,
        "EBITDA": NaN,
        "EBIT": NaN,
        "Net Interest Income": NaN,
        "Interest Expense": NaN,
        "Interest Income": NaN,
        "Normalized Income": NaN,
        "Net Income From Continuing And Discontinued Operation": NaN,
        "Total Expenses": NaN,
        "Total Operating Income As Reported": NaN,
        "Diluted Average Shares": NaN,
        "Basic Average Shares": NaN,
        "Diluted EPS": NaN,
        "Basic EPS": NaN,
        "Diluted NI Availto Com Stockholders": NaN,
        "Average Dilution Earnings": 0.0,
        "Net Income Common Stockholders": NaN,
        "Net Income": NaN,
        "Minority Interests": NaN,
        "Net Income Including Noncontrolling Interests": NaN,
        "Net Income Continuous Operations": NaN,
        "Tax Provision": NaN,
        "Pretax Income": NaN,
        "Other Income Expense": NaN,
        "Special Income Charges": NaN,
        "Gain On Sale Of Ppe": 53000.0,
        "Other Special Charges": NaN,
        "Gain On Sale Of Security": NaN,
        "Net Non Operating Interest Income Expense": NaN,
        "Interest Expense Non Operating": NaN,
        "Interest Income Non Operating": NaN,
        "Operating Income": NaN,
        "Operating Expense": NaN,
        "Other Operating Expenses": NaN,
        "Depreciation Amortization Depletion Income Statement": NaN,
        "Depreciation And Amortization In Income Statement": NaN,
        "Amortization": NaN,
        "Amortization Of Intangibles Income Statement": NaN,
        "Depreciation Income Statement": NaN,
        "Selling General And Administration": NaN,
        "General And Administrative Expense": NaN,
        "Salaries And Wages": NaN,
        "Gross Profit": NaN,
        "Cost Of Revenue": NaN,
        "Total Revenue": NaN,
        "Operating Revenue": NaN
    },
    "2022-06-30": {
        "Tax Effect Of Unusual Items": -4268400.0,
        "Tax Rate For Calcs": 0.4,
        "Normalized EBITDA": 130247000.0,
        "Total Unusual Items": -10671000.0,
        "Total Unusual Items Excluding Goodwill": -10671000.0,
        "Net Income From Continuing Operation Net Minority Interest": -1948000.0,
        "Reconciled Depreciation": 50235000.0,
        "Reconciled Cost Of Revenue": 7108000.0,
        "EBITDA": 119576000.0,
        "EBIT": 69341000.0,
        "Net Interest Income": -47091000.0,
        "Interest Expense": 49671000.0,
        "Interest Income": 2580000.0,
        "Normalized Income": 4454600.0,
        "Net Income From Continuing And Discontinued Operation": -1948000.0,
        "Total Expenses": 109182000.0,
        "Total Operating Income As Reported": 77432000.0,
        "Diluted Average Shares": 12113123.0,
        "Basic Average Shares": 12113123.0,
        "Diluted EPS": -0.16,
        "Basic EPS": -0.16,
        "Diluted NI Availto Com Stockholders": -1948000.0,
        "Average Dilution Earnings": 0.0,
        "Net Income Common Stockholders": -1948000.0,
        "Net Income": -1948000.0,
        "Minority Interests": 2427000.0,
        "Net Income Including Noncontrolling Interests": -4375000.0,
        "Net Income Continuous Operations": -4375000.0,
        "Tax Provision": 24045000.0,
        "Pretax Income": 19670000.0,
        "Other Income Expense": -10671000.0,
        "Special Income Charges": 85886000.0,
        "Gain On Sale Of Ppe": NaN,
        "Other Special Charges": -85886000.0,
        "Gain On Sale Of Security": -96557000.0,
        "Net Non Operating Interest Income Expense": -47091000.0,
        "Interest Expense Non Operating": 49671000.0,
        "Interest Income Non Operating": 2580000.0,
        "Operating Income": 77432000.0,
        "Operating Expense": 102074000.0,
        "Other Operating Expenses": 11534000.0,
        "Depreciation Amortization Depletion Income Statement": 50235000.0,
        "Depreciation And Amortization In Income Statement": 50235000.0,
        "Amortization": 3748000.0,
        "Amortization Of Intangibles Income Statement": 3748000.0,
        "Depreciation Income Statement": 46487000.0,
        "Selling General And Administration": 40305000.0,
        "General And Administrative Expense": 40305000.0,
        "Salaries And Wages": 40305000.0,
        "Gross Profit": 179506000.0,
        "Cost Of Revenue": 7108000.0,
        "Total Revenue": 186614000.0,
        "Operating Revenue": 186614000.0
    },
    "2022-03-31": {
        "Diluted EPS": 0.89,
        "Total Revenue": 147,
        "Gross Profit": 96,
        "Operating Income": 54,
        "EBIT": 96,
        "Net Income": 11
    },
    "2021-12-31": {
        "Diluted EPS": 0.96,
        "Total Revenue": NaN,
        "Gross Profit": NaN,
        "Operating Income": -264,
        "EBIT": -264,
        "Net Income": 56
    },
    "2021-09-30": {
        "Diluted EPS": -0.81,
        "Total Revenue": NaN,
        "Gross Profit": NaN,
        "Operating Income": -9,
        "EBIT": -9,
        "Net Income": -25
    },
    "2021-06-30": {
        "Diluted EPS": 0.64,
        "Total Revenue": NaN,
        "Gross Profit": NaN,
        "Operating Income": -2,
        "EBIT": -2,
        "Net Income": 21
    },
    "2021-03-31": {
        "Diluted EPS": 0.98,
        "Total Revenue": NaN,
        "Gross Profit": NaN,
        "Operating Income": -2,
        "EBIT": -2,
        "Net Income": 31
    },
    "2020-12-31": {
        "Diluted EPS": 2.9,
        "Total Revenue": NaN,
        "Gross Profit": NaN,
        "Operating Income": -2,
        "EBIT": -2,
        "Net Income": 90
    },
    "2020-09-30": {
        "Diluted EPS": 1.64,
        "Total Revenue": NaN,
        "Gross Profit": NaN,
        "Operating Income": 4,
        "EBIT": 4,
        "Net Income": 51
    },
    "2020-06-30": {
        "Diluted EPS": 2.36,
        "Total Revenue": NaN,
        "Gross Profit": NaN,
        "Operating Income": -2,
        "EBIT": -2,
        "Net Income": 74
    },
    "2020-03-31": {
        "Diluted EPS": -3.92,
        "Total Revenue": NaN,
        "Gross Profit": NaN,
        "Operating Income": -2,
        "EBIT": -2,
        "Net Income": -121
    },
    "2019-12-31": {
        "Diluted EPS": 0.22,
        "Total Revenue": NaN,
        "Gross Profit": NaN,
        "Operating Income": -1,
        "EBIT": -1,
        "Net Income": 7
    },
    "2019-09-30": {
        "Diluted EPS": 0.2,
        "Total Revenue": NaN,
        "Gross Profit": NaN,
        "Operating Income": -2,
        "EBIT": -2,
        "Net Income": 6
    },
    "2019-06-30": {
        "Diluted EPS": 1.23,
        "Total Revenue": NaN,
        "Gross Profit": NaN,
        "Operating Income": -2,
        "EBIT": -2,
        "Net Income": 38
    },
    "2019-03-31": {
        "Diluted EPS": 1.23,
        "Total Revenue": NaN,
        "Gross Profit": NaN,
        "Operating Income": -2,
        "EBIT": -2,
        "Net Income": 39
    },
    "2018-12-31": {
        "Diluted EPS": -1.33,
        "Total Revenue": NaN,
        "Gross Profit": NaN,
        "Operating Income": -1,
        "EBIT": -1,
        "Net Income": -41
    },
    "2018-09-30": {
        "Diluted EPS": 1.48,
        "Total Revenue": NaN,
        "Gross Profit": NaN,
        "Operating Income": -2,
        "EBIT": -2,
        "Net Income": 46
    },
    "2018-06-30": {
        "Diluted EPS": 0.02,
        "Total Revenue": NaN,
        "Gross Profit": NaN,
        "Operating Income": -2,
        "EBIT": -2,
        "Net Income": 0
    },
    "2018-03-31": {
        "Diluted EPS": 0.14,
        "Total Revenue": NaN,
        "Gross Profit": NaN,
        "Operating Income": -2,
        "EBIT": -2,
        "Net Income": 4
    },
    "2017-12-31": {
        "Diluted EPS": 1.3,
        "Total Revenue": NaN,
        "Gross Profit": NaN,
        "Operating Income": -2,
        "EBIT": -2,
        "Net Income": 41
    },
    "2017-09-30": {
        "Diluted EPS": 0.77,
        "Total Revenue": NaN,
        "Gross Profit": NaN,
        "Operating Income": -2,
        "EBIT": -2,
        "Net Income": 25
    },
    "2017-06-30": {
        "Diluted EPS": -0.07,
        "Total Revenue": NaN,
        "Gross Profit": NaN,
        "Operating Income": -2,
        "EBIT": -2,
        "Net Income": -2
    },
    "2017-03-31": {
        "Diluted EPS": 2.3,
        "Total Revenue": NaN,
        "Gross Profit": NaN,
        "Operating Income": -2,
        "EBIT": -2,
        "Net Income": 71
    },
    "2016-12-31": {
        "Diluted EPS": -0.36,
        "Total Revenue": NaN,
        "Gross Profit": NaN,
        "Operating Income": -2,
        "EBIT": -2,
        "Net Income": -12
    },
    "2016-09-30": {
        "Diluted EPS": -0.12,
        "Total Revenue": NaN,
        "Gross Profit": NaN,
        "Operating Income": -2,
        "EBIT": -2,
        "Net Income": -4
    },
    "2016-06-30": {
        "Diluted EPS": 1.03,
        "Total Revenue": NaN,
        "Gross Profit": NaN,
        "Operating Income": -2,
        "EBIT": -2,
        "Net Income": 33
    },
    "2016-03-31": {
        "Diluted EPS": 0.94,
        "Total Revenue": NaN,
        "Gross Profit": NaN,
        "Operating Income": -2,
        "EBIT": -2,
        "Net Income": 31
    },
    "2015-12-31": {
        "Diluted EPS": -0.04,
        "Total Revenue": NaN,
        "Gross Profit": NaN,
        "Operating Income": -1,
        "EBIT": -1,
        "Net Income": -2
    },
    "2015-09-30": {
        "Diluted EPS": -0.12,
        "Total Revenue": NaN,
        "Gross Profit": NaN,
        "Operating Income": -2,
        "EBIT": -2,
        "Net Income": -4
    },
    "2015-06-30": {
        "Diluted EPS": 0.55,
        "Total Revenue": NaN,
        "Gross Profit": NaN,
        "Operating Income": -2,
        "EBIT": -2,
        "Net Income": 18
    },
    "2015-03-31": {
        "Diluted EPS": -2.67,
        "Total Revenue": NaN,
        "Gross Profit": NaN,
        "Operating Income": -2,
        "EBIT": -2,
        "Net Income": -83
    },
    "2014-12-31": {
        "Diluted EPS": -0.98,
        "Total Revenue": NaN,
        "Gross Profit": NaN,
        "Operating Income": -1,
        "EBIT": -1,
        "Net Income": -32
    },
    "2014-09-30": {
        "Diluted EPS": -1.05,
        "Total Revenue": NaN,
        "Gross Profit": NaN,
        "Operating Income": -1,
        "EBIT": -1,
        "Net Income": -32
    },
    "2014-06-30": {
        "Diluted EPS": 1.67,
        "Total Revenue": NaN,
        "Gross Profit": NaN,
        "Operating Income": -1,
        "EBIT": -1,
        "Net Income": 53
    },
    "2014-03-31": {
        "Diluted EPS": -0.48,
        "Total Revenue": NaN,
        "Gross Profit": NaN,
        "Operating Income": -1,
        "EBIT": -1,
        "Net Income": -15
    },
    "2013-12-31": {
        "Diluted EPS": 0.08,
        "Total Revenue": NaN,
        "Gross Profit": NaN,
        "Operating Income": -5,
        "EBIT": -5,
        "Net Income": 2
    },
    "2013-09-30": {
        "Diluted EPS": 1.13,
        "Total Revenue": NaN,
        "Gross Profit": NaN,
        "Operating Income": -3,
        "EBIT": -3,
        "Net Income": 36
    },
    "2013-06-30": {
        "Diluted EPS": -0.26,
        "Total Revenue": NaN,
        "Gross Profit": NaN,
        "Operating Income": -3,
        "EBIT": -3,
        "Net Income": -8
    },
    "2013-03-31": {
        "Diluted EPS": -0.44,
        "Total Revenue": NaN,
        "Gross Profit": NaN,
        "Operating Income": -4,
        "EBIT": -4,
        "Net Income": -13
    },
    "2012-12-31": {
        "Diluted EPS": 11.29,
        "Total Revenue": NaN,
        "Gross Profit": NaN,
        "Operating Income": -10,
        "EBIT": -10,
        "Net Income": 349
    },
    "2012-09-30": {
        "Diluted EPS": 2.19,
        "Total Revenue": NaN,
        "Gross Profit": NaN,
        "Operating Income": -10,
        "EBIT": -10,
        "Net Income": 70
    },
    "2012-06-30": {
        "Diluted EPS": -0.16,
        "Total Revenue": NaN,
        "Gross Profit": NaN,
        "Operating Income": -4,
        "EBIT": -4,
        "Net Income": -5
    },
    "2012-03-31": {
        "Diluted EPS": 0.25,
        "Total Revenue": NaN,
        "Gross Profit": NaN,
        "Operating Income": -5,
        "EBIT": -5,
        "Net Income": 8
    },
    "2011-12-31": {
        "Diluted EPS": 3.43,
        "Total Revenue": NaN,
        "Gross Profit": NaN,
        "Operating Income": 242,
        "EBIT": 242,
        "Net Income": 107
    },
    "2011-09-30": {
        "Diluted EPS": -2.52,
        "Total Revenue": NaN,
        "Gross Profit": NaN,
        "Operating Income": -4,
        "EBIT": -4,
        "Net Income": -77
    },
    "2011-06-30": {
        "Diluted EPS": 0.91,
        "Total Revenue": NaN,
        "Gross Profit": NaN,
        "Operating Income": 1,
        "EBIT": 1,
        "Net Income": 29
    },
    "2011-03-31": {
        "Diluted EPS": 2.1,
        "Total Revenue": 280,
        "Gross Profit": 48,
        "Operating Income": 27,
        "EBIT": 27,
        "Net Income": 68
    },
    "2010-12-31": {
        "Diluted EPS": 13.03,
        "Total Revenue": NaN,
        "Gross Profit": NaN,
        "Operating Income": 760,
        "EBIT": 760,
        "Net Income": 405
    },
    "2010-09-30": {
        "Diluted EPS": 2.29,
        "Total Revenue": 323,
        "Gross Profit": 60,
        "Operating Income": 40,
        "EBIT": 40,
        "Net Income": 72
    },
    "2010-06-30": {
        "Diluted EPS": -0.66,
        "Total Revenue": 280,
        "Gross Profit": 43,
        "Operating Income": 23,
        "EBIT": 23,
        "Net Income": -20
    },
    "2010-03-31": {
        "Diluted EPS": 0.97,
        "Total Revenue": 229,
        "Gross Profit": 18,
        "Operating Income": -16,
        "EBIT": -16,
        "Net Income": 29
    },
    "2009-12-31": {
        "Diluted EPS": 2.0,
        "Total Revenue": 260,
        "Gross Profit": 43,
        "Operating Income": 19,
        "EBIT": 19,
        "Net Income": 60
    },
    "2009-09-30": {
        "Diluted EPS": 3.61,
        "Total Revenue": 249,
        "Gross Profit": 37,
        "Operating Income": 15,
        "EBIT": 15,
        "Net Income": 108
    },
    "2009-06-30": {
        "Diluted EPS": 2.48,
        "Total Revenue": 271,
        "Gross Profit": 17,
        "Operating Income": -8,
        "EBIT": -8,
        "Net Income": 74
    },
    "2009-03-31": {
        "Diluted EPS": -0.36,
        "Total Revenue": 212,
        "Gross Profit": 15,
        "Operating Income": -5,
        "EBIT": -5,
        "Net Income": -11
    },
    "2023-06-30": {
        "Tax Effect Of Unusual Items": NaN,
        "Tax Rate For Calcs": NaN,
        "Normalized EBITDA": NaN,
        "Total Unusual Items": NaN,
        "Total Unusual Items Excluding Goodwill": NaN,
        "Net Income From Continuing Operation Net Minority Interest": NaN,
        "Reconciled Depreciation": NaN,
        "Reconciled Cost Of Revenue": NaN,
        "EBITDA": NaN,
        "EBIT": NaN,
        "Net Interest Income": NaN,
        "Interest Expense": NaN,
        "Interest Income": NaN,
        "Normalized Income": NaN,
        "Net Income From Continuing And Discontinued Operation": NaN,
        "Total Expenses": NaN,
        "Total Operating Income As Reported": NaN,
        "Diluted Average Shares": 15145888.0,
        "Basic Average Shares": 13452279.0,
        "Diluted EPS": 10.05,
        "Basic EPS": 10.39,
        "Diluted NI Availto Com Stockholders": NaN,
        "Average Dilution Earnings": 12425000.0,
        "Net Income Common Stockholders": NaN,
        "Net Income": NaN,
        "Minority Interests": NaN,
        "Net Income Including Noncontrolling Interests": NaN,
        "Net Income Continuous Operations": NaN,
        "Tax Provision": NaN,
        "Pretax Income": NaN,
        "Other Income Expense": NaN,
        "Special Income Charges": 153388000.0,
        "Gain On Sale Of Ppe": -2000.0,
        "Gain On Sale Of Business": NaN,
        "Other Special Charges": -153390000.0,
        "Gain On Sale Of Security": NaN,
        "Net Non Operating Interest Income Expense": NaN,
        "Interest Expense Non Operating": NaN,
        "Interest Income Non Operating": NaN,
        "Operating Income": NaN,
        "Operating Expense": NaN,
        "Other Operating Expenses": NaN,
        "Depreciation Amortization Depletion Income Statement": NaN,
        "Depreciation And Amortization In Income Statement": NaN,
        "Amortization": NaN,
        "Amortization Of Intangibles Income Statement": NaN,
        "Depreciation Income Statement": NaN,
        "Selling General And Administration": NaN,
        "General And Administrative Expense": NaN,
        "Salaries And Wages": NaN,
        "Gross Profit": NaN,
        "Cost Of Revenue": NaN,
        "Total Revenue": NaN,
        "Operating Revenue": NaN
    },
    "2023-09-30": {
        "Tax Effect Of Unusual Items": -3531200.0,
        "Tax Rate For Calcs": 0.4,
        "Normalized EBITDA": 141917000.0,
        "Total Unusual Items": -8828000.0,
        "Total Unusual Items Excluding Goodwill": -8828000.0,
        "Net Income From Continuing Operation Net Minority Interest": -1086000.0,
        "Reconciled Depreciation": 50222000.0,
        "Reconciled Cost Of Revenue": 10369000.0,
        "EBITDA": 133089000.0,
        "EBIT": 82867000.0,
        "Net Interest Income": -51567000.0,
        "Interest Expense": 67943000.0,
        "Interest Income": 16376000.0,
        "Normalized Income": 4210800.0,
        "Net Income From Continuing And Discontinued Operation": -1086000.0,
        "Total Expenses": 99767000.0,
        "Total Operating Income As Reported": 75305000.0,
        "Diluted Average Shares": 13576099.0,
        "Basic Average Shares": 13576099.0,
        "Diluted EPS": -0.08,
        "Basic EPS": -0.08,
        "Diluted NI Availto Com Stockholders": -1086000.0,
        "Average Dilution Earnings": 0.0,
        "Net Income Common Stockholders": -1086000.0,
        "Net Income": -1086000.0,
        "Minority Interests": 2423000.0,
        "Net Income Including Noncontrolling Interests": -3509000.0,
        "Net Income Continuous Operations": -3509000.0,
        "Tax Provision": 18433000.0,
        "Pretax Income": 14924000.0,
        "Other Income Expense": -8828000.0,
        "Special Income Charges": 68058000.0,
        "Gain On Sale Of Ppe": -14000.0,
        "Gain On Sale Of Business": 0.0,
        "Other Special Charges": -68072000.0,
        "Gain On Sale Of Security": -76886000.0,
        "Net Non Operating Interest Income Expense": -51567000.0,
        "Interest Expense Non Operating": 67943000.0,
        "Interest Income Non Operating": 16376000.0,
        "Operating Income": 75319000.0,
        "Operating Expense": 89398000.0,
        "Other Operating Expenses": 12156000.0,
        "Depreciation Amortization Depletion Income Statement": 50222000.0,
        "Depreciation And Amortization In Income Statement": 50222000.0,
        "Amortization": 3164000.0,
        "Amortization Of Intangibles Income Statement": 3164000.0,
        "Depreciation Income Statement": 47058000.0,
        "Selling General And Administration": 27020000.0,
        "General And Administrative Expense": 27020000.0,
        "Salaries And Wages": 27020000.0,
        "Gross Profit": 164717000.0,
        "Cost Of Revenue": 10369000.0,
        "Total Revenue": 175086000.0,
        "Operating Revenue": 175086000.0
    },
    "2023-12-31": {
        "Tax Effect Of Unusual Items": 2602800.0,
        "Tax Rate For Calcs": 0.4,
        "Normalized EBITDA": 134163000.0,
        "Total Unusual Items": 6507000.0,
        "Total Unusual Items Excluding Goodwill": 6507000.0,
        "Net Income From Continuing Operation Net Minority Interest": 10097000.0,
        "Reconciled Depreciation": 45768000.0,
        "Reconciled Cost Of Revenue": 8775000.0,
        "EBITDA": 140670000.0,
        "EBIT": 94902000.0,
        "Net Interest Income": -47411000.0,
        "Interest Expense": 65786000.0,
        "Interest Income": 18375000.0,
        "Normalized Income": 6192800.0,
        "Net Income From Continuing And Discontinued Operation": 10097000.0,
        "Total Expenses": 95881000.0,
        "Total Operating Income As Reported": -9668000.0,
        "Diluted Average Shares": NaN,
        "Basic Average Shares": NaN,
        "Diluted EPS": NaN,
        "Basic EPS": NaN,
        "Diluted NI Availto Com Stockholders": -3902000.0,
        "Average Dilution Earnings": NaN,
        "Net Income Common Stockholders": 10097000.0,
        "Net Income": 10097000.0,
        "Minority Interests": -27875000.0,
        "Net Income Including Noncontrolling Interests": 37972000.0,
        "Net Income Continuous Operations": 37972000.0,
        "Tax Provision": -8856000.0,
        "Pretax Income": 29116000.0,
        "Other Income Expense": 6507000.0,
        "Special Income Charges": -71070000.0,
        "Gain On Sale Of Ppe": 52000.0,
        "Gain On Sale Of Business": NaN,
        "Other Special Charges": -8618000.0,
        "Gain On Sale Of Security": 77577000.0,
        "Net Non Operating Interest Income Expense": -47411000.0,
        "Interest Expense Non Operating": 65786000.0,
        "Interest Income Non Operating": 18375000.0,
        "Operating Income": 70020000.0,
        "Operating Expense": 87106000.0,
        "Other Operating Expenses": 12189000.0,
        "Depreciation Amortization Depletion Income Statement": 45768000.0,
        "Depreciation And Amortization In Income Statement": 45768000.0,
        "Amortization": 3166000.0,
        "Amortization Of Intangibles Income Statement": 3166000.0,
        "Depreciation Income Statement": 42602000.0,
        "Selling General And Administration": 29149000.0,
        "General And Administrative Expense": 29149000.0,
        "Salaries And Wages": 29149000.0,
        "Gross Profit": 157126000.0,
        "Cost Of Revenue": 8775000.0,
        "Total Revenue": 165901000.0,
        "Operating Revenue": 165901000.0
    },
    "2024-03-31": {
        "Tax Effect Of Unusual Items": -9673598.2,
        "Tax Rate For Calcs": 0.1414,
        "Normalized EBITDA": 126246000.0,
        "Total Unusual Items": -68413000.0,
        "Total Unusual Items Excluding Goodwill": -68413000.0,
        "Net Income From Continuing Operation Net Minority Interest": -14762000.0,
        "Reconciled Depreciation": 39218000.0,
        "Reconciled Cost Of Revenue": 10697000.0,
        "EBITDA": 57833000.0,
        "EBIT": 18615000.0,
        "Net Interest Income": -43302000.0,
        "Interest Expense": 64470000.0,
        "Interest Income": 21168000.0,
        "Normalized Income": 43977401.8,
        "Net Income From Continuing And Discontinued Operation": -14762000.0,
        "Total Expenses": 86315000.0,
        "Total Operating Income As Reported": 65860000.0,
        "Diluted Average Shares": 13706546.0,
        "Basic Average Shares": 13706546.0,
        "Diluted EPS": -1.08,
        "Basic EPS": -1.08,
        "Diluted NI Availto Com Stockholders": -14762000.0,
        "Average Dilution Earnings": 0.0,
        "Net Income Common Stockholders": -14762000.0,
        "Net Income": -14762000.0,
        "Minority Interests": 37575000.0,
        "Net Income Including Noncontrolling Interests": -52337000.0,
        "Net Income Continuous Operations": -52337000.0,
        "Tax Provision": 6482000.0,
        "Pretax Income": -45855000.0,
        "Other Income Expense": -68413000.0,
        "Special Income Charges": NaN,
        "Gain On Sale Of Ppe": NaN,
        "Gain On Sale Of Business": NaN,
        "Other Special Charges": NaN,
        "Gain On Sale Of Security": -68413000.0,
        "Net Non Operating Interest Income Expense": -43302000.0,
        "Interest Expense Non Operating": 64470000.0,
        "Interest Income Non Operating": 21168000.0,
        "Operating Income": 65860000.0,
        "Operating Expense": 75618000.0,
        "Other Operating Expenses": 11106000.0,
        "Depreciation Amortization Depletion Income Statement": 39218000.0,
        "Depreciation And Amortization In Income Statement": 39218000.0,
        "Amortization": 2823000.0,
        "Amortization Of Intangibles Income Statement": 2823000.0,
        "Depreciation Income Statement": 36395000.0,
        "Selling General And Administration": 25294000.0,
        "General And Administrative Expense": 25294000.0,
        "Salaries And Wages": 25294000.0,
        "Gross Profit": 141478000.0,
        "Cost Of Revenue": 10697000.0,
        "Total Revenue": 152175000.0,
        "Operating Revenue": 152175000.0
    },
    "2024-06-30": {
        "Tax Effect Of Unusual Items": 24929383.428915,
        "Tax Rate For Calcs": 0.180894,
        "Normalized EBITDA": 116425000.0,
        "Total Unusual Items": 137812000.0,
        "Total Unusual Items Excluding Goodwill": 137812000.0,
        "Net Income From Continuing Operation Net Minority Interest": 35452000.0,
        "Reconciled Depreciation": 34452000.0,
        "Reconciled Cost Of Revenue": 11091000.0,
        "EBITDA": 254237000.0,
        "EBIT": 219785000.0,
        "Net Interest Income": -41705000.0,
        "Interest Expense": 61980000.0,
        "Interest Income": 20275000.0,
        "Normalized Income": -77430616.571085,
        "Net Income From Continuing And Discontinued Operation": 35452000.0,
        "Total Expenses": 90735000.0,
        "Total Operating Income As Reported": 61665000.0,
        "Diluted Average Shares": 15856505.0,
        "Basic Average Shares": 13910463.0,
        "Diluted EPS": 2.45,
        "Basic EPS": 2.55,
        "Diluted NI Availto Com Stockholders": 38912000.0,
        "Average Dilution Earnings": 3460000.0,
        "Net Income Common Stockholders": 35452000.0,
        "Net Income": 35452000.0,
        "Minority Interests": -93807000.0,
        "Net Income Including Noncontrolling Interests": 129259000.0,
        "Net Income Continuous Operations": 129259000.0,
        "Tax Provision": 28546000.0,
        "Pretax Income": 157805000.0,
        "Other Income Expense": 137812000.0,
        "Special Income Charges": 172289000.0,
        "Gain On Sale Of Ppe": -33000.0,
        "Gain On Sale Of Business": NaN,
        "Other Special Charges": -172322000.0,
        "Gain On Sale Of Security": -34477000.0,
        "Net Non Operating Interest Income Expense": -41705000.0,
        "Interest Expense Non Operating": 61980000.0,
        "Interest Income Non Operating": 20275000.0,
        "Operating Income": 61698000.0,
        "Operating Expense": 79644000.0,
        "Other Operating Expenses": 16815000.0,
        "Depreciation Amortization Depletion Income Statement": 34452000.0,
        "Depreciation And Amortization In Income Statement": 34452000.0,
        "Amortization": 2808000.0,
        "Amortization Of Intangibles Income Statement": 2808000.0,
        "Depreciation Income Statement": 31644000.0,
        "Selling General And Administration": 28377000.0,
        "General And Administrative Expense": 28377000.0,
        "Salaries And Wages": 28377000.0,
        "Gross Profit": 141342000.0,
        "Cost Of Revenue": 11091000.0,
        "Total Revenue": 152433000.0,
        "Operating Revenue": 152433000.0
    },
    "2024-09-30": {
        "Tax Effect Of Unusual Items": 4195582.006958,
        "Tax Rate For Calcs": 0.070734,
        "Normalized EBITDA": 108212000.0,
        "Total Unusual Items": 59315000.0,
        "Total Unusual Items Excluding Goodwill": 59315000.0,
        "Net Income From Continuing Operation Net Minority Interest": 17901000.0,
        "Reconciled Depreciation": 35040000.0,
        "Reconciled Cost Of Revenue": 6214000.0,
        "EBITDA": 167527000.0,
        "EBIT": 132487000.0,
        "Net Interest Income": -43775000.0,
        "Interest Expense": 59481000.0,
        "Interest Income": 15706000.0,
        "Normalized Income": -37218417.993042,
        "Net Income From Continuing And Discontinued Operation": 17901000.0,
        "Total Expenses": 80975000.0,
        "Total Operating Income As Reported": 59738000.0,
        "Diluted Average Shares": 16059104.0,
        "Basic Average Shares": 14046257.0,
        "Diluted EPS": 1.23,
        "Basic EPS": 1.27,
        "Diluted NI Availto Com Stockholders": 19753000.0,
        "Average Dilution Earnings": 1852000.0,
        "Net Income Common Stockholders": 17901000.0,
        "Net Income": 17901000.0,
        "Minority Interests": -49941000.0,
        "Net Income Including Noncontrolling Interests": 67842000.0,
        "Net Income Continuous Operations": 67842000.0,
        "Tax Provision": 5164000.0,
        "Pretax Income": 73006000.0,
        "Other Income Expense": 59315000.0,
        "Special Income Charges": 23640000.0,
        "Gain On Sale Of Ppe": -348000.0,
        "Gain On Sale Of Business": 2620000.0,
        "Other Special Charges": -21368000.0,
        "Gain On Sale Of Security": 35675000.0,
        "Net Non Operating Interest Income Expense": -43775000.0,
        "Interest Expense Non Operating": 59481000.0,
        "Interest Income Non Operating": 15706000.0,
        "Operating Income": 57466000.0,
        "Operating Expense": 74761000.0,
        "Other Operating Expenses": 17636000.0,
        "Depreciation Amortization Depletion Income Statement": 35040000.0,
        "Depreciation And Amortization In Income Statement": 35040000.0,
        "Amortization": 2807000.0,
        "Amortization Of Intangibles Income Statement": 2807000.0,
        "Depreciation Income Statement": 32233000.0,
        "Selling General And Administration": 22085000.0,
        "General And Administrative Expense": 22085000.0,
        "Salaries And Wages": 22085000.0,
        "Gross Profit": 132227000.0,
        "Cost Of Revenue": 6214000.0,
        "Total Revenue": 138441000.0,
        "Operating Revenue": 138441000.0
    }
}