{
    "2023-06-30": {
        "Tax Effect Of Unusual Items": 0.0,
        "Tax Rate For Calcs": 0.23,
        "Normalized EBITDA": 661611000.0,
        "Net Income From Continuing Operation Net Minority Interest": 421234000.0,
        "Reconciled Depreciation": 102279000.0,
        "Reconciled Cost Of Revenue": 2669926000.0,
        "EBITDA": 661611000.0,
        "EBIT": 559332000.0,
        "Net Interest Income": -12343000.0,
        "Interest Expense": 12343000.0,
        "Normalized Income": 421234000.0,
        "Net Income From Continuing And Discontinued Operation": 421234000.0,
        "Total Expenses": 3625363000.0,
        "Total Operating Income As Reported": 559332000.0,
        "Diluted Average Shares": 110041000.0,
        "Basic Average Shares": 109426000.0,
        "Diluted EPS": 3.83,
        "Basic EPS": 3.85,
        "Diluted NI Availto Com Stockholders": 421234000.0,
        "Average Dilution Earnings": 0.0,
        "Net Income Common Stockholders": 421234000.0,
        "Net Income": 421234000.0,
        "Net Income Including Noncontrolling Interests": 421234000.0,
        "Net Income Continuous Operations": 421234000.0,
        "Tax Provision": 125755000.0,
        "Pretax Income": 546989000.0,
        "Net Non Operating Interest Income Expense": -12343000.0,
        "Interest Expense Non Operating": 12343000.0,
        "Operating Income": 559332000.0,
        "Operating Expense": 955437000.0,
        "Depreciation Amortization Depletion Income Statement": 102279000.0,
        "Depreciation And Amortization In Income Statement": 102279000.0,
        "Selling General And Administration": 853158000.0,
        "Gross Profit": 1514769000.0,
        "Cost Of Revenue": 2669926000.0,
        "Total Revenue": 4184695000.0,
        "Operating Revenue": 4184695000.0
    },
    "2023-03-31": {
        "Tax Effect Of Unusual Items": 0.0,
        "Tax Rate For Calcs": 0.21,
        "Normalized EBITDA": 341673000.0,
        "Net Income From Continuing Operation Net Minority Interest": 183088000.0,
        "Reconciled Depreciation": 97233000.0,
        "Reconciled Cost Of Revenue": 2129317000.0,
        "EBITDA": 341673000.0,
        "EBIT": 244440000.0,
        "Net Interest Income": -12680000.0,
        "Interest Expense": 12680000.0,
        "Normalized Income": 183088000.0,
        "Net Income From Continuing And Discontinued Operation": 183088000.0,
        "Total Expenses": 3054785000.0,
        "Total Operating Income As Reported": 244440000.0,
        "Diluted Average Shares": 110781000.0,
        "Basic Average Shares": 110045000.0,
        "Diluted EPS": 1.65,
        "Basic EPS": 1.66,
        "Diluted NI Availto Com Stockholders": 183088000.0,
        "Net Income Common Stockholders": 183088000.0,
        "Net Income": 183088000.0,
        "Net Income Including Noncontrolling Interests": 183088000.0,
        "Net Income Continuous Operations": 183088000.0,
        "Tax Provision": 48672000.0,
        "Pretax Income": 231760000.0,
        "Net Non Operating Interest Income Expense": -12680000.0,
        "Interest Expense Non Operating": 12680000.0,
        "Operating Income": 244440000.0,
        "Operating Expense": 925468000.0,
        "Depreciation Amortization Depletion Income Statement": 97233000.0,
        "Depreciation And Amortization In Income Statement": 97233000.0,
        "Selling General And Administration": 828235000.0,
        "Gross Profit": 1169908000.0,
        "Cost Of Revenue": 2129317000.0,
        "Total Revenue": 3299225000.0,
        "Operating Revenue": 3299225000.0
    },
    "2022-12-31": {
        "Tax Effect Of Unusual Items": 0.0,
        "Tax Rate For Calcs": 0.223799,
        "Normalized EBITDA": 454030000.0,
        "Net Income From Continuing Operation Net Minority Interest": 270870000.0,
        "Reconciled Depreciation": 94820000.0,
        "Reconciled Cost Of Revenue": 2642750000.0,
        "EBITDA": 454030000.0,
        "EBIT": 359210000.0,
        "Net Interest Income": -10241000.0,
        "Interest Expense": 10241000.0,
        "Normalized Income": 270870000.0,
        "Net Income From Continuing And Discontinued Operation": 270870000.0,
        "Total Expenses": 3647165000.0,
        "Total Operating Income As Reported": 359210000.0,
        "Diluted Average Shares": 111282000.0,
        "Basic Average Shares": 110433000.0,
        "Diluted EPS": 2.43,
        "Basic EPS": 2.45,
        "Diluted NI Availto Com Stockholders": 270870000.0,
        "Net Income Common Stockholders": 270870000.0,
        "Net Income": 270870000.0,
        "Net Income Including Noncontrolling Interests": 270870000.0,
        "Net Income Continuous Operations": 270870000.0,
        "Tax Provision": 78099000.0,
        "Pretax Income": 348969000.0,
        "Net Non Operating Interest Income Expense": -10241000.0,
        "Interest Expense Non Operating": 10241000.0,
        "Operating Income": 359210000.0,
        "Operating Expense": 1004415000.0,
        "Depreciation Amortization Depletion Income Statement": 94820000.0,
        "Depreciation And Amortization In Income Statement": 94820000.0,
        "Selling General And Administration": 909595000.0,
        "Gross Profit": 1363625000.0,
        "Cost Of Revenue": 2642750000.0,
        "Total Revenue": 4006375000.0,
        "Operating Revenue": 4006375000.0
    },
    "2022-09-30": {
        "Tax Effect Of Unusual Items": 0.0,
        "Tax Rate For Calcs": 0.22,
        "Normalized EBITDA": 393648000.0,
        "Net Income From Continuing Operation Net Minority Interest": 234137000.0,
        "Reconciled Depreciation": 87236000.0,
        "Reconciled Cost Of Revenue": 2104989000.0,
        "EBITDA": 393648000.0,
        "EBIT": 306412000.0,
        "Net Interest Income": -6226000.0,
        "Interest Expense": 6226000.0,
        "Normalized Income": 234137000.0,
        "Net Income From Continuing And Discontinued Operation": 234137000.0,
        "Total Expenses": 2964392000.0,
        "Total Operating Income As Reported": 306412000.0,
        "Diluted Average Shares": 111560000.0,
        "Basic Average Shares": 110861000.0,
        "Diluted EPS": 2.1,
        "Basic EPS": 2.11,
        "Diluted NI Availto Com Stockholders": 234137000.0,
        "Net Income Common Stockholders": 234137000.0,
        "Net Income": 234137000.0,
        "Net Income Including Noncontrolling Interests": 234137000.0,
        "Net Income Continuous Operations": 234137000.0,
        "Tax Provision": 66049000.0,
        "Pretax Income": 300186000.0,
        "Net Non Operating Interest Income Expense": -6226000.0,
        "Interest Expense Non Operating": 6226000.0,
        "Operating Income": 306412000.0,
        "Operating Expense": 859403000.0,
        "Depreciation Amortization Depletion Income Statement": 87236000.0,
        "Depreciation And Amortization In Income Statement": 87236000.0,
        "Selling General And Administration": 772167000.0,
        "Gross Profit": 1165815000.0,
        "Cost Of Revenue": 2104989000.0,
        "Total Revenue": 3270804000.0,
        "Operating Revenue": 3270804000.0
    },
    "2022-06-30": {
        "Tax Effect Of Unusual Items": 0.0,
        "Tax Rate For Calcs": 0.235,
        "Normalized EBITDA": 608395000.0,
        "Net Income From Continuing Operation Net Minority Interest": 396478000.0,
        "Reconciled Depreciation": 83360000.0,
        "Reconciled Cost Of Revenue": 2517151000.0,
        "EBITDA": 608395000.0,
        "EBIT": 525035000.0,
        "Net Interest Income": -7097000.0,
        "Interest Expense": 7097000.0,
        "Normalized Income": 396478000.0,
        "Net Income From Continuing And Discontinued Operation": 396478000.0,
        "Total Expenses": 3378371000.0,
        "Total Operating Income As Reported": 525035000.0,
        "Diluted Average Shares": 112318000.0,
        "Basic Average Shares": 111590000.0,
        "Diluted EPS": 3.53,
        "Basic EPS": 3.55,
        "Diluted NI Availto Com Stockholders": 396478000.0,
        "Net Income Common Stockholders": 396478000.0,
        "Net Income": 396478000.0,
        "Net Income Including Noncontrolling Interests": 396478000.0,
        "Net Income Continuous Operations": 396478000.0,
        "Tax Provision": 121460000.0,
        "Pretax Income": 517938000.0,
        "Net Non Operating Interest Income Expense": -7097000.0,
        "Interest Expense Non Operating": 7097000.0,
        "Operating Income": 525035000.0,
        "Operating Expense": 861220000.0,
        "Depreciation Amortization Depletion Income Statement": 83360000.0,
        "Depreciation And Amortization In Income Statement": 83360000.0,
        "Selling General And Administration": 777860000.0,
        "Gross Profit": 1386255000.0,
        "Cost Of Revenue": 2517151000.0,
        "Total Revenue": 3903406000.0,
        "Operating Revenue": 3903406000.0
    },
    "2022-03-31": {
        "Diluted EPS": 1.65,
        "Total Revenue": NaN,
        "Gross Profit": NaN,
        "Operating Income": 244,
        "EBIT": 322,
        "Net Income": 187
    },
    "2021-12-31": {
        "Diluted EPS": 1.92,
        "Total Revenue": NaN,
        "Gross Profit": NaN,
        "Operating Income": 293,
        "EBIT": 368,
        "Net Income": 221
    },
    "2021-09-30": {
        "Diluted EPS": 1.95,
        "Total Revenue": NaN,
        "Gross Profit": NaN,
        "Operating Income": 297,
        "EBIT": 367,
        "Net Income": 224
    },
    "2021-06-30": {
        "Diluted EPS": 3.19,
        "Total Revenue": NaN,
        "Gross Profit": NaN,
        "Operating Income": 486,
        "EBIT": 551,
        "Net Income": 370
    },
    "2021-03-31": {
        "Diluted EPS": 1.55,
        "Total Revenue": NaN,
        "Gross Profit": 984,
        "Operating Income": 231,
        "EBIT": 291,
        "Net Income": 181
    },
    "2020-12-31": {
        "Diluted EPS": 1.15,
        "Total Revenue": NaN,
        "Gross Profit": 996,
        "Operating Income": 184,
        "EBIT": 243,
        "Net Income": 136
    },
    "2020-09-30": {
        "Diluted EPS": 1.62,
        "Total Revenue": NaN,
        "Gross Profit": 948,
        "Operating Income": 252,
        "EBIT": 307,
        "Net Income": 191
    },
    "2020-06-30": {
        "Diluted EPS": 2.9,
        "Total Revenue": NaN,
        "Gross Profit": NaN,
        "Operating Income": 448,
        "EBIT": 500,
        "Net Income": 339
    },
    "2020-03-31": {
        "Diluted EPS": 0.71,
        "Total Revenue": NaN,
        "Gross Profit": 661,
        "Operating Income": 113,
        "EBIT": 164,
        "Net Income": 84
    },
    "2019-12-31": {
        "Diluted EPS": 1.21,
        "Total Revenue": NaN,
        "Gross Profit": 742,
        "Operating Income": 190,
        "EBIT": 242,
        "Net Income": 144
    },
    "2019-09-30": {
        "Diluted EPS": 1.02,
        "Total Revenue": NaN,
        "Gross Profit": 694,
        "Operating Income": 162,
        "EBIT": 212,
        "Net Income": 122
    },
    "2019-06-30": {
        "Diluted EPS": 1.8,
        "Total Revenue": NaN,
        "Gross Profit": 821,
        "Operating Income": 288,
        "EBIT": 337,
        "Net Income": 219
    },
    "2019-03-31": {
        "Diluted EPS": 0.63,
        "Total Revenue": NaN,
        "Gross Profit": 615,
        "Operating Income": 103,
        "EBIT": 149,
        "Net Income": 77
    },
    "2018-12-31": {
        "Diluted EPS": 1.1,
        "Total Revenue": NaN,
        "Gross Profit": 716,
        "Operating Income": 180,
        "EBIT": 226,
        "Net Income": 137
    },
    "2018-09-30": {
        "Diluted EPS": 0.95,
        "Total Revenue": NaN,
        "Gross Profit": 653,
        "Operating Income": 153,
        "EBIT": 198,
        "Net Income": 117
    },
    "2018-06-30": {
        "Diluted EPS": 1.69,
        "Total Revenue": NaN,
        "Gross Profit": 769,
        "Operating Income": 273,
        "EBIT": 317,
        "Net Income": 207
    },
    "2018-03-31": {
        "Diluted EPS": 0.57,
        "Total Revenue": NaN,
        "Gross Profit": 564,
        "Operating Income": 95,
        "EBIT": 138,
        "Net Income": 71
    },
    "2017-12-31": {
        "Diluted EPS": 0.87,
        "Total Revenue": NaN,
        "Gross Profit": 669,
        "Operating Income": 184,
        "EBIT": 227,
        "Net Income": 110
    },
    "2017-09-30": {
        "Diluted EPS": 0.72,
        "Total Revenue": NaN,
        "Gross Profit": 600,
        "Operating Income": 148,
        "EBIT": 190,
        "Net Income": 92
    },
    "2017-06-30": {
        "Diluted EPS": 1.25,
        "Total Revenue": NaN,
        "Gross Profit": 705,
        "Operating Income": 258,
        "EBIT": 299,
        "Net Income": 161
    },
    "2017-03-31": {
        "Diluted EPS": 0.46,
        "Total Revenue": NaN,
        "Gross Profit": 518,
        "Operating Income": 96,
        "EBIT": 136,
        "Net Income": 60
    },
    "2016-12-31": {
        "Diluted EPS": 0.94,
        "Total Revenue": NaN,
        "Gross Profit": 646,
        "Operating Income": 195,
        "EBIT": 234,
        "Net Income": 124
    },
    "2016-09-30": {
        "Diluted EPS": 0.67,
        "Total Revenue": NaN,
        "Gross Profit": 535,
        "Operating Income": 142,
        "EBIT": 178,
        "Net Income": 89
    },
    "2016-06-30": {
        "Diluted EPS": 1.16,
        "Total Revenue": NaN,
        "Gross Profit": 649,
        "Operating Income": 249,
        "EBIT": 283,
        "Net Income": 156
    },
    "2016-03-31": {
        "Diluted EPS": 0.5,
        "Total Revenue": NaN,
        "Gross Profit": 494,
        "Operating Income": 108,
        "EBIT": 142,
        "Net Income": 68
    },
    "2015-12-31": {
        "Diluted EPS": 0.82,
        "Total Revenue": NaN,
        "Gross Profit": 561,
        "Operating Income": 173,
        "EBIT": 206,
        "Net Income": 112
    },
    "2015-09-30": {
        "Diluted EPS": 0.64,
        "Total Revenue": NaN,
        "Gross Profit": 512,
        "Operating Income": 139,
        "EBIT": 169,
        "Net Income": 87
    },
    "2015-06-30": {
        "Diluted EPS": 1.12,
        "Total Revenue": NaN,
        "Gross Profit": 625,
        "Operating Income": 245,
        "EBIT": 275,
        "Net Income": 153
    },
    "2015-03-31": {
        "Diluted EPS": 0.42,
        "Total Revenue": NaN,
        "Gross Profit": 445,
        "Operating Income": 93,
        "EBIT": 123,
        "Net Income": 58
    },
    "2014-12-31": {
        "Diluted EPS": 0.81,
        "Total Revenue": NaN,
        "Gross Profit": 540,
        "Operating Income": 178,
        "EBIT": 208,
        "Net Income": 112
    },
    "2014-09-30": {
        "Diluted EPS": 0.55,
        "Total Revenue": NaN,
        "Gross Profit": 464,
        "Operating Income": 122,
        "EBIT": 151,
        "Net Income": 77
    },
    "2014-06-30": {
        "Diluted EPS": 0.95,
        "Total Revenue": NaN,
        "Gross Profit": 551,
        "Operating Income": 211,
        "EBIT": 239,
        "Net Income": 133
    },
    "2014-03-31": {
        "Diluted EPS": 0.35,
        "Total Revenue": NaN,
        "Gross Profit": 396,
        "Operating Income": 79,
        "EBIT": 106,
        "Net Income": 49
    },
    "2013-12-31": {
        "Diluted EPS": 0.68,
        "Total Revenue": NaN,
        "Gross Profit": 480,
        "Operating Income": 147,
        "EBIT": 174,
        "Net Income": 96
    },
    "2013-09-30": {
        "Diluted EPS": 0.46,
        "Total Revenue": NaN,
        "Gross Profit": 416,
        "Operating Income": 102,
        "EBIT": 128,
        "Net Income": 65
    },
    "2013-06-30": {
        "Diluted EPS": 0.87,
        "Total Revenue": NaN,
        "Gross Profit": 506,
        "Operating Income": 198,
        "EBIT": 222,
        "Net Income": 124
    },
    "2013-03-31": {
        "Diluted EPS": 0.31,
        "Total Revenue": NaN,
        "Gross Profit": 352,
        "Operating Income": 68,
        "EBIT": 91,
        "Net Income": 44
    },
    "2012-12-31": {
        "Diluted EPS": 0.55,
        "Total Revenue": NaN,
        "Gross Profit": 425,
        "Operating Income": 125,
        "EBIT": 147,
        "Net Income": 79
    },
    "2012-09-30": {
        "Diluted EPS": 0.35,
        "Total Revenue": NaN,
        "Gross Profit": 357,
        "Operating Income": 78,
        "EBIT": 100,
        "Net Income": 50
    },
    "2012-06-30": {
        "Diluted EPS": 0.73,
        "Total Revenue": NaN,
        "Gross Profit": 451,
        "Operating Income": 170,
        "EBIT": 192,
        "Net Income": 107
    },
    "2012-03-31": {
        "Diluted EPS": 0.28,
        "Total Revenue": NaN,
        "Gross Profit": 333,
        "Operating Income": 64,
        "EBIT": 86,
        "Net Income": 40
    },
    "2011-12-31": {
        "Diluted EPS": 0.49,
        "Total Revenue": NaN,
        "Gross Profit": 403,
        "Operating Income": 112,
        "EBIT": 135,
        "Net Income": 71
    },
    "2011-09-30": {
        "Diluted EPS": 0.29,
        "Total Revenue": 978,
        "Gross Profit": 328,
        "Operating Income": 68,
        "EBIT": 88,
        "Net Income": 43
    },
    "2011-06-30": {
        "Diluted EPS": 0.62,
        "Total Revenue": NaN,
        "Gross Profit": 402,
        "Operating Income": 144,
        "EBIT": 163,
        "Net Income": 91
    },
    "2011-03-31": {
        "Diluted EPS": 0.12,
        "Total Revenue": 837,
        "Gross Profit": 274,
        "Operating Income": 29,
        "EBIT": 47,
        "Net Income": 18
    },
    "2010-12-31": {
        "Diluted EPS": 0.34,
        "Total Revenue": NaN,
        "Gross Profit": 337,
        "Operating Income": 79,
        "EBIT": 97,
        "Net Income": 50
    },
    "2010-09-30": {
        "Diluted EPS": 0.2,
        "Total Revenue": 829,
        "Gross Profit": 276,
        "Operating Income": 47,
        "EBIT": 65,
        "Net Income": 30
    },
    "2010-06-30": {
        "Diluted EPS": 0.52,
        "Total Revenue": NaN,
        "Gross Profit": 360,
        "Operating Income": 124,
        "EBIT": 141,
        "Net Income": 77
    },
    "2010-03-31": {
        "Diluted EPS": 0.07,
        "Total Revenue": 711,
        "Gross Profit": 231,
        "Operating Income": 16,
        "EBIT": 33,
        "Net Income": 11
    },
    "2009-12-31": {
        "Diluted EPS": 0.29,
        "Total Revenue": 863,
        "Gross Profit": 293,
        "Operating Income": 66,
        "EBIT": 84,
        "Net Income": 43
    },
    "2009-09-30": {
        "Diluted EPS": 0.15,
        "Total Revenue": 748,
        "Gross Profit": 246,
        "Operating Income": 36,
        "EBIT": 52,
        "Net Income": 22
    },
    "2009-06-30": {
        "Diluted EPS": 0.38,
        "Total Revenue": 947,
        "Gross Profit": 302,
        "Operating Income": 88,
        "EBIT": 104,
        "Net Income": 55
    },
    "2009-03-31": {
        "Diluted EPS": 0.0,
        "Total Revenue": 650,
        "Gross Profit": 201,
        "Operating Income": 1,
        "EBIT": 17,
        "Net Income": 0
    },
    "2023-09-30": {
        "Tax Effect Of Unusual Items": 0.0,
        "Tax Rate For Calcs": 0.23,
        "Normalized EBITDA": 431168000.0,
        "Net Income From Continuing Operation Net Minority Interest": 255001000.0,
        "Reconciled Depreciation": 90263000.0,
        "Reconciled Cost Of Revenue": 2161501000.0,
        "EBITDA": 431168000.0,
        "EBIT": 340905000.0,
        "Net Interest Income": -9539000.0,
        "Interest Expense": 9539000.0,
        "Normalized Income": 255001000.0,
        "Net Income From Continuing And Discontinued Operation": 255001000.0,
        "Total Expenses": 3071075000.0,
        "Total Operating Income As Reported": 340905000.0,
        "Diluted Average Shares": 109342000.0,
        "Basic Average Shares": 108774000.0,
        "Diluted EPS": 2.33,
        "Basic EPS": 2.34,
        "Diluted NI Availto Com Stockholders": 255001000.0,
        "Average Dilution Earnings": NaN,
        "Net Income Common Stockholders": 255001000.0,
        "Net Income": 255001000.0,
        "Net Income Including Noncontrolling Interests": 255001000.0,
        "Net Income Continuous Operations": 255001000.0,
        "Tax Provision": 76365000.0,
        "Pretax Income": 331366000.0,
        "Net Non Operating Interest Income Expense": -9539000.0,
        "Interest Expense Non Operating": 9539000.0,
        "Operating Income": 340905000.0,
        "Operating Expense": 909574000.0,
        "Depreciation Amortization Depletion Income Statement": 90263000.0,
        "Depreciation And Amortization In Income Statement": 90263000.0,
        "Selling General And Administration": 819311000.0,
        "Gross Profit": 1250479000.0,
        "Cost Of Revenue": 2161501000.0,
        "Total Revenue": 3411980000.0,
        "Operating Revenue": 3411980000.0
    },
    "2023-12-31": {
        "Tax Effect Of Unusual Items": 0.0,
        "Tax Rate For Calcs": 0.2308,
        "Normalized EBITDA": 437509000.0,
        "Net Income From Continuing Operation Net Minority Interest": 247903000.0,
        "Reconciled Depreciation": 103274000.0,
        "Reconciled Cost Of Revenue": 2366778000.0,
        "EBITDA": 437509000.0,
        "EBIT": 334235000.0,
        "Net Interest Income": -11948000.0,
        "Interest Expense": 11948000.0,
        "Normalized Income": 247903000.0,
        "Net Income From Continuing And Discontinued Operation": 247903000.0,
        "Total Expenses": 3325606000.0,
        "Total Operating Income As Reported": 334235000.0,
        "Diluted Average Shares": 108819000.0,
        "Basic Average Shares": 108139000.0,
        "Diluted EPS": 2.28,
        "Basic EPS": 2.29,
        "Diluted NI Availto Com Stockholders": 247903000.0,
        "Average Dilution Earnings": NaN,
        "Net Income Common Stockholders": 247903000.0,
        "Net Income": 247903000.0,
        "Net Income Including Noncontrolling Interests": 247903000.0,
        "Net Income Continuous Operations": 247903000.0,
        "Tax Provision": 74384000.0,
        "Pretax Income": 322287000.0,
        "Net Non Operating Interest Income Expense": -11948000.0,
        "Interest Expense Non Operating": 11948000.0,
        "Operating Income": 334235000.0,
        "Operating Expense": 958828000.0,
        "Depreciation Amortization Depletion Income Statement": 103274000.0,
        "Depreciation And Amortization In Income Statement": 103274000.0,
        "Selling General And Administration": 855554000.0,
        "Gross Profit": 1293063000.0,
        "Cost Of Revenue": 2366778000.0,
        "Total Revenue": 3659841000.0,
        "Operating Revenue": 3659841000.0
    },
    "2024-03-31": {
        "Tax Effect Of Unusual Items": 0.0,
        "Tax Rate For Calcs": 0.211,
        "Normalized EBITDA": 367418000.0,
        "Net Income From Continuing Operation Net Minority Interest": 198167000.0,
        "Reconciled Depreciation": 104293000.0,
        "Reconciled Cost Of Revenue": 2173980000.0,
        "EBITDA": 367418000.0,
        "EBIT": 263125000.0,
        "Net Interest Income": -11902000.0,
        "Interest Expense": 11902000.0,
        "Normalized Income": 198167000.0,
        "Net Income From Continuing And Discontinued Operation": 198167000.0,
        "Total Expenses": 3131709000.0,
        "Total Operating Income As Reported": 263125000.0,
        "Diluted Average Shares": 108528000.0,
        "Basic Average Shares": 107946000.0,
        "Diluted EPS": 1.83,
        "Basic EPS": 1.84,
        "Diluted NI Availto Com Stockholders": 198167000.0,
        "Average Dilution Earnings": NaN,
        "Net Income Common Stockholders": 198167000.0,
        "Net Income": 198167000.0,
        "Net Income Including Noncontrolling Interests": 198167000.0,
        "Net Income Continuous Operations": 198167000.0,
        "Tax Provision": 53056000.0,
        "Pretax Income": 251223000.0,
        "Net Non Operating Interest Income Expense": -11902000.0,
        "Interest Expense Non Operating": 11902000.0,
        "Operating Income": 263125000.0,
        "Operating Expense": 957729000.0,
        "Depreciation Amortization Depletion Income Statement": 104293000.0,
        "Depreciation And Amortization In Income Statement": 104293000.0,
        "Selling General And Administration": 853436000.0,
        "Gross Profit": 1220854000.0,
        "Cost Of Revenue": 2173980000.0,
        "Total Revenue": 3394834000.0,
        "Operating Revenue": 3394834000.0
    },
    "2024-06-30": {
        "Tax Effect Of Unusual Items": 0.0,
        "Tax Rate For Calcs": 0.227,
        "Normalized EBITDA": 670723000.0,
        "Net Income From Continuing Operation Net Minority Interest": 425196000.0,
        "Reconciled Depreciation": 109265000.0,
        "Reconciled Cost Of Revenue": 2690996000.0,
        "EBITDA": 670723000.0,
        "EBIT": 561458000.0,
        "Net Interest Income": -11612000.0,
        "Interest Expense": 11612000.0,
        "Normalized Income": 425196000.0,
        "Net Income From Continuing And Discontinued Operation": 425196000.0,
        "Total Expenses": 3685164000.0,
        "Total Operating Income As Reported": 561458000.0,
        "Diluted Average Shares": 108235000.0,
        "Basic Average Shares": 107730000.0,
        "Diluted EPS": 3.93,
        "Basic EPS": 3.95,
        "Diluted NI Availto Com Stockholders": 425196000.0,
        "Average Dilution Earnings": 0.0,
        "Net Income Common Stockholders": 425196000.0,
        "Net Income": 425196000.0,
        "Net Income Including Noncontrolling Interests": 425196000.0,
        "Net Income Continuous Operations": 425196000.0,
        "Tax Provision": 124650000.0,
        "Pretax Income": 549846000.0,
        "Net Non Operating Interest Income Expense": -11612000.0,
        "Interest Expense Non Operating": 11612000.0,
        "Operating Income": 561458000.0,
        "Operating Expense": 994168000.0,
        "Depreciation Amortization Depletion Income Statement": 109265000.0,
        "Depreciation And Amortization In Income Statement": 109265000.0,
        "Selling General And Administration": 884903000.0,
        "Gross Profit": 1555626000.0,
        "Cost Of Revenue": 2690996000.0,
        "Total Revenue": 4246622000.0,
        "Operating Revenue": 4246622000.0
    }
}