{
    "2023-03-31": {
        "Tax Effect Of Unusual Items": 0.0,
        "Tax Rate For Calcs": 0.0,
        "Normalized EBITDA": -15917000.0,
        "Total Unusual Items": NaN,
        "Total Unusual Items Excluding Goodwill": NaN,
        "Net Income From Continuing Operation Net Minority Interest": -17622000.0,
        "Reconciled Depreciation": 331000.0,
        "EBITDA": -15917000.0,
        "EBIT": -16248000.0,
        "Net Interest Income": -1055000.0,
        "Interest Expense": 1374000.0,
        "Interest Income": 319000.0,
        "Normalized Income": -17622000.0,
        "Net Income From Continuing And Discontinued Operation": -17622000.0,
        "Total Expenses": 21265000.0,
        "Total Operating Income As Reported": -16559000.0,
        "Diluted Average Shares": 63260905.0,
        "Basic Average Shares": 63260905.0,
        "Diluted EPS": -0.28,
        "Basic EPS": -0.28,
        "Diluted NI Availto Com Stockholders": -17622000.0,
        "Net Income Common Stockholders": -17622000.0,
        "Net Income": -17622000.0,
        "Net Income Including Noncontrolling Interests": -17622000.0,
        "Net Income Continuous Operations": -17622000.0,
        "Pretax Income": -17622000.0,
        "Other Income Expense": -8000.0,
        "Other Non Operating Income Expenses": -8000.0,
        "Special Income Charges": NaN,
        "Impairment Of Capital Assets": NaN,
        "Gain On Sale Of Security": NaN,
        "Net Non Operating Interest Income Expense": -1055000.0,
        "Interest Expense Non Operating": 1374000.0,
        "Interest Income Non Operating": 319000.0,
        "Operating Income": -16559000.0,
        "Operating Expense": 21265000.0,
        "Research And Development": 12514000.0,
        "Selling General And Administration": 8751000.0,
        "General And Administrative Expense": 8751000.0,
        "Other Gand A": 8751000.0,
        "Salaries And Wages": NaN,
        "Total Revenue": 4706000.0,
        "Operating Revenue": 4706000.0
    },
    "2022-12-31": {
        "Tax Effect Of Unusual Items": NaN,
        "Tax Rate For Calcs": NaN,
        "Normalized EBITDA": NaN,
        "Total Unusual Items": NaN,
        "Total Unusual Items Excluding Goodwill": NaN,
        "Net Income From Continuing Operation Net Minority Interest": NaN,
        "Reconciled Depreciation": NaN,
        "EBITDA": NaN,
        "EBIT": NaN,
        "Net Interest Income": NaN,
        "Interest Expense": NaN,
        "Interest Income": NaN,
        "Normalized Income": NaN,
        "Net Income From Continuing And Discontinued Operation": NaN,
        "Total Expenses": NaN,
        "Total Operating Income As Reported": NaN,
        "Diluted Average Shares": 56386130.0,
        "Basic Average Shares": 56386130.0,
        "Diluted EPS": -0.99,
        "Basic EPS": -0.99,
        "Diluted NI Availto Com Stockholders": NaN,
        "Net Income Common Stockholders": NaN,
        "Net Income": NaN,
        "Net Income Including Noncontrolling Interests": NaN,
        "Net Income Continuous Operations": NaN,
        "Pretax Income": NaN,
        "Other Income Expense": NaN,
        "Other Non Operating Income Expenses": NaN,
        "Special Income Charges": NaN,
        "Impairment Of Capital Assets": NaN,
        "Gain On Sale Of Security": NaN,
        "Net Non Operating Interest Income Expense": NaN,
        "Interest Expense Non Operating": NaN,
        "Interest Income Non Operating": NaN,
        "Operating Income": NaN,
        "Operating Expense": NaN,
        "Research And Development": NaN,
        "Selling General And Administration": NaN,
        "General And Administrative Expense": NaN,
        "Other Gand A": NaN,
        "Salaries And Wages": NaN,
        "Total Revenue": NaN,
        "Operating Revenue": NaN
    },
    "2022-09-30": {
        "Tax Effect Of Unusual Items": NaN,
        "Tax Rate For Calcs": NaN,
        "Normalized EBITDA": NaN,
        "Total Unusual Items": 0.0,
        "Total Unusual Items Excluding Goodwill": 0.0,
        "Net Income From Continuing Operation Net Minority Interest": NaN,
        "Reconciled Depreciation": NaN,
        "EBITDA": NaN,
        "EBIT": NaN,
        "Net Interest Income": NaN,
        "Interest Expense": NaN,
        "Interest Income": NaN,
        "Normalized Income": NaN,
        "Net Income From Continuing And Discontinued Operation": NaN,
        "Total Expenses": NaN,
        "Total Operating Income As Reported": NaN,
        "Diluted Average Shares": NaN,
        "Basic Average Shares": NaN,
        "Diluted EPS": NaN,
        "Basic EPS": NaN,
        "Diluted NI Availto Com Stockholders": NaN,
        "Net Income Common Stockholders": NaN,
        "Net Income": NaN,
        "Net Income Including Noncontrolling Interests": NaN,
        "Net Income Continuous Operations": NaN,
        "Pretax Income": NaN,
        "Other Income Expense": NaN,
        "Other Non Operating Income Expenses": NaN,
        "Special Income Charges": 0.0,
        "Impairment Of Capital Assets": 0.0,
        "Gain On Sale Of Security": NaN,
        "Net Non Operating Interest Income Expense": NaN,
        "Interest Expense Non Operating": NaN,
        "Interest Income Non Operating": NaN,
        "Operating Income": NaN,
        "Operating Expense": NaN,
        "Research And Development": NaN,
        "Selling General And Administration": NaN,
        "General And Administrative Expense": NaN,
        "Other Gand A": NaN,
        "Salaries And Wages": NaN,
        "Total Revenue": NaN,
        "Operating Revenue": NaN
    },
    "2022-06-30": {
        "Tax Effect Of Unusual Items": 0.0,
        "Tax Rate For Calcs": 0.0,
        "Normalized EBITDA": -32687000.0,
        "Total Unusual Items": NaN,
        "Total Unusual Items Excluding Goodwill": NaN,
        "Net Income From Continuing Operation Net Minority Interest": -33873000.0,
        "Reconciled Depreciation": 274000.0,
        "EBITDA": -32687000.0,
        "EBIT": -32961000.0,
        "Net Interest Income": -885000.0,
        "Interest Expense": 912000.0,
        "Interest Income": 27000.0,
        "Normalized Income": -33873000.0,
        "Net Income From Continuing And Discontinued Operation": -33873000.0,
        "Total Expenses": 32985000.0,
        "Total Operating Income As Reported": -32985000.0,
        "Diluted Average Shares": 40142403.0,
        "Basic Average Shares": 40142403.0,
        "Diluted EPS": -0.85,
        "Basic EPS": -0.85,
        "Diluted NI Availto Com Stockholders": -33873000.0,
        "Net Income Common Stockholders": -33873000.0,
        "Net Income": -33873000.0,
        "Net Income Including Noncontrolling Interests": -33873000.0,
        "Net Income Continuous Operations": -33873000.0,
        "Pretax Income": -33873000.0,
        "Other Income Expense": -3000.0,
        "Other Non Operating Income Expenses": -3000.0,
        "Special Income Charges": NaN,
        "Impairment Of Capital Assets": NaN,
        "Net Non Operating Interest Income Expense": -885000.0,
        "Interest Expense Non Operating": 912000.0,
        "Interest Income Non Operating": 27000.0,
        "Operating Income": -32985000.0,
        "Operating Expense": 32985000.0,
        "Research And Development": 23118000.0,
        "Selling General And Administration": 9867000.0,
        "General And Administrative Expense": 9867000.0,
        "Other Gand A": 9867000.0,
        "Salaries And Wages": NaN,
        "Total Revenue": 0.0,
        "Operating Revenue": 0.0
    },
    "2022-03-31": {
        "Diluted EPS": -1.32,
        "Total Revenue": NaN,
        "Gross Profit": NaN,
        "Operating Income": -50,
        "EBIT": -49,
        "Net Income": -50
    },
    "2021-12-31": {
        "Diluted EPS": -1.33,
        "Total Revenue": NaN,
        "Gross Profit": NaN,
        "Operating Income": -50,
        "EBIT": -50,
        "Net Income": -50
    },
    "2021-09-30": {
        "Diluted EPS": -1.35,
        "Total Revenue": NaN,
        "Gross Profit": NaN,
        "Operating Income": -51,
        "EBIT": -51,
        "Net Income": -51
    },
    "2021-06-30": {
        "Diluted EPS": -1.09,
        "Total Revenue": NaN,
        "Gross Profit": NaN,
        "Operating Income": -41,
        "EBIT": -41,
        "Net Income": -41
    },
    "2021-03-31": {
        "Diluted EPS": -0.87,
        "Total Revenue": NaN,
        "Gross Profit": NaN,
        "Operating Income": -32,
        "EBIT": -32,
        "Net Income": -32
    },
    "2020-12-31": {
        "Diluted EPS": 0.33,
        "Total Revenue": NaN,
        "Gross Profit": NaN,
        "Operating Income": -18,
        "EBIT": -18,
        "Net Income": -18
    },
    "2020-09-30": {
        "Diluted EPS": -1.28,
        "Total Revenue": NaN,
        "Gross Profit": NaN,
        "Operating Income": -15,
        "EBIT": -15,
        "Net Income": -15
    },
    "2020-06-30": {
        "Diluted EPS": -1.95,
        "Total Revenue": NaN,
        "Gross Profit": NaN,
        "Operating Income": -4,
        "EBIT": -4,
        "Net Income": -21
    },
    "2020-03-31": {
        "Diluted EPS": -0.5,
        "Total Revenue": NaN,
        "Gross Profit": NaN,
        "Operating Income": -6,
        "EBIT": -6,
        "Net Income": -5
    },
    "2019-12-31": {
        "Diluted EPS": 0.0,
        "Total Revenue": NaN,
        "Gross Profit": NaN,
        "Operating Income": NaN,
        "EBIT": NaN,
        "Net Income": NaN
    },
    "2023-06-30": {
        "Tax Effect Of Unusual Items": 0.0,
        "Tax Rate For Calcs": 0.0,
        "Normalized EBITDA": -22815000.0,
        "Total Unusual Items": NaN,
        "Total Unusual Items Excluding Goodwill": NaN,
        "Net Income From Continuing Operation Net Minority Interest": -24598000.0,
        "Reconciled Depreciation": 343000.0,
        "EBITDA": -22815000.0,
        "EBIT": -23158000.0,
        "Net Interest Income": -1217000.0,
        "Interest Expense": 1440000.0,
        "Interest Income": 223000.0,
        "Normalized Income": -24598000.0,
        "Net Income From Continuing And Discontinued Operation": -24598000.0,
        "Total Expenses": 25779000.0,
        "Total Operating Income As Reported": -23384000.0,
        "Diluted Average Shares": 64244531.0,
        "Basic Average Shares": 64244531.0,
        "Diluted EPS": -0.38,
        "Basic EPS": -0.38,
        "Diluted NI Availto Com Stockholders": -24598000.0,
        "Net Income Common Stockholders": -24598000.0,
        "Net Income": -24598000.0,
        "Net Income Including Noncontrolling Interests": -24598000.0,
        "Net Income Continuous Operations": -24598000.0,
        "Pretax Income": -24598000.0,
        "Other Income Expense": 3000.0,
        "Other Non Operating Income Expenses": 3000.0,
        "Special Income Charges": NaN,
        "Impairment Of Capital Assets": NaN,
        "Gain On Sale Of Security": NaN,
        "Net Non Operating Interest Income Expense": -1217000.0,
        "Interest Expense Non Operating": 1440000.0,
        "Interest Income Non Operating": 223000.0,
        "Operating Income": -23384000.0,
        "Operating Expense": 25779000.0,
        "Research And Development": 19791000.0,
        "Selling General And Administration": 5988000.0,
        "General And Administrative Expense": 5988000.0,
        "Other Gand A": 5988000.0,
        "Salaries And Wages": 1140000.0,
        "Total Revenue": 2395000.0,
        "Operating Revenue": 2395000.0
    },
    "2023-09-30": {
        "Tax Effect Of Unusual Items": 0.0,
        "Tax Rate For Calcs": 0.0,
        "Normalized EBITDA": -14213000.0,
        "Total Unusual Items": -101072000.0,
        "Total Unusual Items Excluding Goodwill": -101072000.0,
        "Net Income From Continuing Operation Net Minority Interest": -117087000.0,
        "Reconciled Depreciation": 331000.0,
        "EBITDA": -115285000.0,
        "EBIT": -115616000.0,
        "Net Interest Income": -362000.0,
        "Interest Expense": 1471000.0,
        "Interest Income": 1109000.0,
        "Normalized Income": -16015000.0,
        "Net Income From Continuing And Discontinued Operation": -117087000.0,
        "Total Expenses": 20380000.0,
        "Total Operating Income As Reported": -16250000.0,
        "Diluted Average Shares": 125700799.0,
        "Basic Average Shares": 125700799.0,
        "Diluted EPS": -0.93,
        "Basic EPS": -0.93,
        "Diluted NI Availto Com Stockholders": -117087000.0,
        "Net Income Common Stockholders": -117087000.0,
        "Net Income": -117087000.0,
        "Net Income Including Noncontrolling Interests": -117087000.0,
        "Net Income Continuous Operations": -117087000.0,
        "Pretax Income": -117087000.0,
        "Other Income Expense": -101091000.0,
        "Other Non Operating Income Expenses": -19000.0,
        "Special Income Charges": -616000.0,
        "Impairment Of Capital Assets": 616000.0,
        "Gain On Sale Of Security": -100456000.0,
        "Net Non Operating Interest Income Expense": -362000.0,
        "Interest Expense Non Operating": 1471000.0,
        "Interest Income Non Operating": 1109000.0,
        "Operating Income": -15634000.0,
        "Operating Expense": 20380000.0,
        "Research And Development": 11791000.0,
        "Selling General And Administration": 8589000.0,
        "General And Administrative Expense": 8589000.0,
        "Other Gand A": 8589000.0,
        "Salaries And Wages": NaN,
        "Total Revenue": 4746000.0,
        "Operating Revenue": 4746000.0
    },
    "2023-12-31": {
        "Tax Effect Of Unusual Items": 13417110.0,
        "Tax Rate For Calcs": 0.21,
        "Normalized EBITDA": -15071000.0,
        "Total Unusual Items": 63891000.0,
        "Total Unusual Items Excluding Goodwill": 63891000.0,
        "Net Income From Continuing Operation Net Minority Interest": 47741000.0,
        "Reconciled Depreciation": 366000.0,
        "EBITDA": 48820000.0,
        "EBIT": 48454000.0,
        "Net Interest Income": 1208000.0,
        "Interest Expense": 713000.0,
        "Interest Income": 1921000.0,
        "Normalized Income": -2732890.0,
        "Net Income From Continuing And Discontinued Operation": 47741000.0,
        "Total Expenses": 19401000.0,
        "Total Operating Income As Reported": -16246000.0,
        "Diluted Average Shares": NaN,
        "Basic Average Shares": NaN,
        "Diluted EPS": NaN,
        "Basic EPS": NaN,
        "Diluted NI Availto Com Stockholders": 47741000.0,
        "Net Income Common Stockholders": 47741000.0,
        "Net Income": 47741000.0,
        "Net Income Including Noncontrolling Interests": 47741000.0,
        "Net Income Continuous Operations": 47741000.0,
        "Pretax Income": 47741000.0,
        "Other Income Expense": 62330000.0,
        "Other Non Operating Income Expenses": -1561000.0,
        "Special Income Charges": -1847000.0,
        "Impairment Of Capital Assets": 449000.0,
        "Gain On Sale Of Security": 65738000.0,
        "Net Non Operating Interest Income Expense": 1208000.0,
        "Interest Expense Non Operating": 713000.0,
        "Interest Income Non Operating": 1921000.0,
        "Operating Income": -15797000.0,
        "Operating Expense": 19401000.0,
        "Research And Development": 12682000.0,
        "Selling General And Administration": 6719000.0,
        "General And Administrative Expense": 6719000.0,
        "Other Gand A": 6719000.0,
        "Salaries And Wages": NaN,
        "Total Revenue": 3604000.0,
        "Operating Revenue": 3604000.0
    },
    "2024-03-31": {
        "Tax Effect Of Unusual Items": 0.0,
        "Tax Rate For Calcs": 0.0,
        "Normalized EBITDA": -23370000.0,
        "Total Unusual Items": -337000.0,
        "Total Unusual Items Excluding Goodwill": -337000.0,
        "Net Income From Continuing Operation Net Minority Interest": -24061000.0,
        "Reconciled Depreciation": 325000.0,
        "EBITDA": -23707000.0,
        "EBIT": -24032000.0,
        "Net Interest Income": 1664000.0,
        "Interest Expense": 29000.0,
        "Interest Income": 1693000.0,
        "Normalized Income": -23724000.0,
        "Net Income From Continuing And Discontinued Operation": -24061000.0,
        "Total Expenses": 27741000.0,
        "Total Operating Income As Reported": -24330000.0,
        "Diluted Average Shares": 231249344.0,
        "Basic Average Shares": 231249344.0,
        "Diluted EPS": -0.1,
        "Basic EPS": -0.1,
        "Diluted NI Availto Com Stockholders": -24061000.0,
        "Net Income Common Stockholders": -24061000.0,
        "Net Income": -24061000.0,
        "Net Income Including Noncontrolling Interests": -24061000.0,
        "Net Income Continuous Operations": -24061000.0,
        "Pretax Income": -24061000.0,
        "Other Income Expense": -1395000.0,
        "Other Non Operating Income Expenses": -1058000.0,
        "Special Income Charges": NaN,
        "Impairment Of Capital Assets": NaN,
        "Gain On Sale Of Security": -337000.0,
        "Net Non Operating Interest Income Expense": 1664000.0,
        "Interest Expense Non Operating": 29000.0,
        "Interest Income Non Operating": 1693000.0,
        "Operating Income": -24330000.0,
        "Operating Expense": 27741000.0,
        "Research And Development": 20657000.0,
        "Selling General And Administration": 7084000.0,
        "General And Administrative Expense": 7084000.0,
        "Other Gand A": 7084000.0,
        "Salaries And Wages": NaN,
        "Total Revenue": 3411000.0,
        "Operating Revenue": 3411000.0
    }
}