{
    "2023-03-31": {
        "Tax Effect Of Unusual Items": NaN,
        "Tax Rate For Calcs": NaN,
        "Normalized EBITDA": NaN,
        "Total Unusual Items": NaN,
        "Total Unusual Items Excluding Goodwill": NaN,
        "Net Income From Continuing Operation Net Minority Interest": NaN,
        "Reconciled Depreciation": NaN,
        "Reconciled Cost Of Revenue": NaN,
        "EBITDA": NaN,
        "EBIT": NaN,
        "Net Interest Income": NaN,
        "Interest Expense": NaN,
        "Interest Income": NaN,
        "Normalized Income": NaN,
        "Net Income From Continuing And Discontinued Operation": NaN,
        "Total Expenses": NaN,
        "Total Operating Income As Reported": NaN,
        "Diluted Average Shares": 354000000.0,
        "Basic Average Shares": 354000000.0,
        "Diluted EPS": -0.28,
        "Basic EPS": -0.28,
        "Diluted NI Availto Com Stockholders": NaN,
        "Net Income Common Stockholders": NaN,
        "Net Income": NaN,
        "Minority Interests": NaN,
        "Net Income Including Noncontrolling Interests": NaN,
        "Net Income Continuous Operations": NaN,
        "Tax Provision": NaN,
        "Pretax Income": NaN,
        "Other Income Expense": NaN,
        "Other Non Operating Income Expenses": NaN,
        "Special Income Charges": NaN,
        "Impairment Of Capital Assets": NaN,
        "Net Non Operating Interest Income Expense": NaN,
        "Interest Expense Non Operating": NaN,
        "Interest Income Non Operating": NaN,
        "Operating Income": NaN,
        "Operating Expense": NaN,
        "Selling General And Administration": NaN,
        "Gross Profit": NaN,
        "Cost Of Revenue": NaN,
        "Total Revenue": NaN,
        "Operating Revenue": NaN
    },
    "2022-12-31": {
        "Tax Effect Of Unusual Items": NaN,
        "Tax Rate For Calcs": NaN,
        "Normalized EBITDA": NaN,
        "Total Unusual Items": NaN,
        "Total Unusual Items Excluding Goodwill": NaN,
        "Net Income From Continuing Operation Net Minority Interest": NaN,
        "Reconciled Depreciation": NaN,
        "Reconciled Cost Of Revenue": NaN,
        "EBITDA": NaN,
        "EBIT": NaN,
        "Net Interest Income": NaN,
        "Interest Expense": NaN,
        "Interest Income": NaN,
        "Normalized Income": NaN,
        "Net Income From Continuing And Discontinued Operation": NaN,
        "Total Expenses": NaN,
        "Total Operating Income As Reported": NaN,
        "Diluted Average Shares": 358000000.0,
        "Basic Average Shares": 356000000.0,
        "Diluted EPS": 0.88,
        "Basic EPS": 0.91,
        "Diluted NI Availto Com Stockholders": NaN,
        "Net Income Common Stockholders": NaN,
        "Net Income": NaN,
        "Minority Interests": NaN,
        "Net Income Including Noncontrolling Interests": NaN,
        "Net Income Continuous Operations": NaN,
        "Tax Provision": NaN,
        "Pretax Income": NaN,
        "Other Income Expense": NaN,
        "Other Non Operating Income Expenses": NaN,
        "Special Income Charges": NaN,
        "Impairment Of Capital Assets": NaN,
        "Net Non Operating Interest Income Expense": NaN,
        "Interest Expense Non Operating": NaN,
        "Interest Income Non Operating": NaN,
        "Operating Income": NaN,
        "Operating Expense": NaN,
        "Selling General And Administration": NaN,
        "Gross Profit": NaN,
        "Cost Of Revenue": NaN,
        "Total Revenue": NaN,
        "Operating Revenue": NaN
    },
    "2022-09-30": {
        "Tax Effect Of Unusual Items": 0.0,
        "Tax Rate For Calcs": 0.194,
        "Normalized EBITDA": 1059000000.0,
        "Total Unusual Items": NaN,
        "Total Unusual Items Excluding Goodwill": NaN,
        "Net Income From Continuing Operation Net Minority Interest": 538000000.0,
        "Reconciled Depreciation": 310000000.0,
        "Reconciled Cost Of Revenue": 12430000000.0,
        "EBITDA": 1059000000.0,
        "EBIT": 749000000.0,
        "Net Interest Income": -76000000.0,
        "Interest Expense": 83000000.0,
        "Interest Income": 7000000.0,
        "Normalized Income": 538000000.0,
        "Net Income From Continuing And Discontinued Operation": 538000000.0,
        "Total Expenses": 12971000000.0,
        "Total Operating Income As Reported": 766000000.0,
        "Diluted Average Shares": 361000000.0,
        "Basic Average Shares": 358000000.0,
        "Diluted EPS": 1.5,
        "Basic EPS": 1.54,
        "Diluted NI Availto Com Stockholders": 538000000.0,
        "Net Income Common Stockholders": 538000000.0,
        "Net Income": 538000000.0,
        "Minority Interests": 1000000.0,
        "Net Income Including Noncontrolling Interests": 537000000.0,
        "Net Income Continuous Operations": 537000000.0,
        "Tax Provision": 129000000.0,
        "Pretax Income": 666000000.0,
        "Other Income Expense": -24000000.0,
        "Other Non Operating Income Expenses": -24000000.0,
        "Special Income Charges": NaN,
        "Impairment Of Capital Assets": NaN,
        "Net Non Operating Interest Income Expense": -76000000.0,
        "Interest Expense Non Operating": 83000000.0,
        "Interest Income Non Operating": 7000000.0,
        "Operating Income": 766000000.0,
        "Operating Expense": 541000000.0,
        "Selling General And Administration": 541000000.0,
        "Gross Profit": 1307000000.0,
        "Cost Of Revenue": 12430000000.0,
        "Total Revenue": 13737000000.0,
        "Operating Revenue": 13737000000.0
    },
    "2022-06-30": {
        "Tax Effect Of Unusual Items": 0.0,
        "Tax Rate For Calcs": 0.236,
        "Normalized EBITDA": 1368000000.0,
        "Total Unusual Items": NaN,
        "Total Unusual Items Excluding Goodwill": NaN,
        "Net Income From Continuing Operation Net Minority Interest": 750000000.0,
        "Reconciled Depreciation": 297000000.0,
        "Reconciled Cost Of Revenue": 11884000000.0,
        "EBITDA": 1368000000.0,
        "EBIT": 1071000000.0,
        "Net Interest Income": -81000000.0,
        "Interest Expense": 85000000.0,
        "Interest Income": 4000000.0,
        "Normalized Income": 750000000.0,
        "Net Income From Continuing And Discontinued Operation": 750000000.0,
        "Total Expenses": 12462000000.0,
        "Total Operating Income As Reported": 1033000000.0,
        "Diluted Average Shares": 362000000.0,
        "Basic Average Shares": 359000000.0,
        "Diluted EPS": 2.07,
        "Basic EPS": 2.14,
        "Diluted NI Availto Com Stockholders": 750000000.0,
        "Net Income Common Stockholders": 750000000.0,
        "Net Income": 750000000.0,
        "Minority Interests": -3000000.0,
        "Net Income Including Noncontrolling Interests": 753000000.0,
        "Net Income Continuous Operations": 753000000.0,
        "Tax Provision": 233000000.0,
        "Pretax Income": 986000000.0,
        "Other Income Expense": 34000000.0,
        "Other Non Operating Income Expenses": 34000000.0,
        "Special Income Charges": NaN,
        "Impairment Of Capital Assets": NaN,
        "Net Non Operating Interest Income Expense": -81000000.0,
        "Interest Expense Non Operating": 85000000.0,
        "Interest Income Non Operating": 4000000.0,
        "Operating Income": 1033000000.0,
        "Operating Expense": 578000000.0,
        "Selling General And Administration": 578000000.0,
        "Gross Profit": 1611000000.0,
        "Cost Of Revenue": 11884000000.0,
        "Total Revenue": 13495000000.0,
        "Operating Revenue": 13495000000.0
    },
    "2022-03-31": {
        "Diluted EPS": 2.28,
        "Total Revenue": NaN,
        "Gross Profit": NaN,
        "Operating Income": NaN,
        "EBIT": NaN,
        "Net Income": 829
    },
    "2021-12-31": {
        "Diluted EPS": 3.07,
        "Total Revenue": NaN,
        "Gross Profit": NaN,
        "Operating Income": NaN,
        "EBIT": NaN,
        "Net Income": NaN
    },
    "2021-09-30": {
        "Diluted EPS": 3.71,
        "Total Revenue": NaN,
        "Gross Profit": NaN,
        "Operating Income": NaN,
        "EBIT": NaN,
        "Net Income": NaN
    },
    "2021-06-30": {
        "Diluted EPS": 2.05,
        "Total Revenue": NaN,
        "Gross Profit": NaN,
        "Operating Income": NaN,
        "EBIT": NaN,
        "Net Income": 749
    },
    "2021-03-31": {
        "Diluted EPS": 1.3,
        "Total Revenue": NaN,
        "Gross Profit": NaN,
        "Operating Income": 720,
        "EBIT": NaN,
        "Net Income": 476
    },
    "2020-12-31": {
        "Diluted EPS": 1.28,
        "Total Revenue": NaN,
        "Gross Profit": NaN,
        "Operating Income": 705,
        "EBIT": NaN,
        "Net Income": 467
    },
    "2020-09-30": {
        "Diluted EPS": 1.79,
        "Total Revenue": NaN,
        "Gross Profit": NaN,
        "Operating Income": 962,
        "EBIT": NaN,
        "Net Income": 654
    },
    "2020-06-30": {
        "Diluted EPS": 1.44,
        "Total Revenue": NaN,
        "Gross Profit": NaN,
        "Operating Income": 773,
        "EBIT": NaN,
        "Net Income": 526
    },
    "2020-03-31": {
        "Diluted EPS": 1.03,
        "Total Revenue": NaN,
        "Gross Profit": NaN,
        "Operating Income": 515,
        "EBIT": 808,
        "Net Income": 376
    },
    "2019-12-31": {
        "Diluted EPS": 1.38,
        "Total Revenue": NaN,
        "Gross Profit": NaN,
        "Operating Income": 758,
        "EBIT": NaN,
        "Net Income": 505
    },
    "2019-09-30": {
        "Diluted EPS": 0.89,
        "Total Revenue": NaN,
        "Gross Profit": NaN,
        "Operating Income": 547,
        "EBIT": 930,
        "Net Income": 327
    },
    "2019-06-30": {
        "Diluted EPS": 1.84,
        "Total Revenue": NaN,
        "Gross Profit": NaN,
        "Operating Income": 781,
        "EBIT": NaN,
        "Net Income": 676
    },
    "2019-03-31": {
        "Diluted EPS": 1.17,
        "Total Revenue": NaN,
        "Gross Profit": NaN,
        "Operating Income": 635,
        "EBIT": 908,
        "Net Income": 426
    },
    "2018-12-31": {
        "Diluted EPS": 1.5,
        "Total Revenue": NaN,
        "Gross Profit": NaN,
        "Operating Income": 807,
        "EBIT": NaN,
        "Net Income": 551
    },
    "2018-09-30": {
        "Diluted EPS": 1.32,
        "Total Revenue": NaN,
        "Gross Profit": NaN,
        "Operating Income": 756,
        "EBIT": NaN,
        "Net Income": 483
    },
    "2018-06-30": {
        "Diluted EPS": 1.47,
        "Total Revenue": NaN,
        "Gross Profit": NaN,
        "Operating Income": 797,
        "EBIT": NaN,
        "Net Income": 541
    },
    "2018-03-31": {
        "Diluted EPS": 0.85,
        "Total Revenue": NaN,
        "Gross Profit": NaN,
        "Operating Income": 494,
        "EBIT": 724,
        "Net Income": 315
    },
    "2017-12-31": {
        "Diluted EPS": 4.4,
        "Total Revenue": NaN,
        "Gross Profit": NaN,
        "Operating Income": 922,
        "EBIT": NaN,
        "Net Income": NaN
    },
    "2017-09-30": {
        "Diluted EPS": 1.07,
        "Total Revenue": NaN,
        "Gross Profit": NaN,
        "Operating Income": 671,
        "EBIT": 889,
        "Net Income": 394
    },
    "2017-06-30": {
        "Diluted EPS": 1.21,
        "Total Revenue": NaN,
        "Gross Profit": NaN,
        "Operating Income": 697,
        "EBIT": 884,
        "Net Income": 447
    },
    "2017-03-31": {
        "Diluted EPS": 0.92,
        "Total Revenue": NaN,
        "Gross Profit": NaN,
        "Operating Income": 571,
        "EBIT": 750,
        "Net Income": 340
    },
    "2016-12-31": {
        "Diluted EPS": 1.59,
        "Total Revenue": NaN,
        "Gross Profit": NaN,
        "Operating Income": 982,
        "EBIT": NaN,
        "Net Income": 593
    },
    "2016-09-30": {
        "Diluted EPS": 1.03,
        "Total Revenue": NaN,
        "Gross Profit": NaN,
        "Operating Income": 586,
        "EBIT": 765,
        "Net Income": 391
    },
    "2016-06-30": {
        "Diluted EPS": 1.25,
        "Total Revenue": NaN,
        "Gross Profit": NaN,
        "Operating Income": 767,
        "EBIT": 945,
        "Net Income": 484
    },
    "2016-03-31": {
        "Diluted EPS": 1.1,
        "Total Revenue": NaN,
        "Gross Profit": NaN,
        "Operating Income": 704,
        "EBIT": 880,
        "Net Income": 432
    },
    "2015-12-31": {
        "Diluted EPS": 1.15,
        "Total Revenue": NaN,
        "Gross Profit": NaN,
        "Operating Income": 776,
        "EBIT": 948,
        "Net Income": 461
    },
    "2015-09-30": {
        "Diluted EPS": 0.63,
        "Total Revenue": NaN,
        "Gross Profit": 986,
        "Operating Income": 550,
        "EBIT": 737,
        "Net Income": 258
    },
    "2015-06-30": {
        "Diluted EPS": 0.83,
        "Total Revenue": NaN,
        "Gross Profit": 986,
        "Operating Income": 563,
        "EBIT": 740,
        "Net Income": 343
    },
    "2015-03-31": {
        "Diluted EPS": 0.75,
        "Total Revenue": NaN,
        "Gross Profit": 989,
        "Operating Income": 547,
        "EBIT": 719,
        "Net Income": 310
    },
    "2014-12-31": {
        "Diluted EPS": 0.74,
        "Total Revenue": NaN,
        "Gross Profit": 956,
        "Operating Income": 509,
        "EBIT": 684,
        "Net Income": 309
    },
    "2014-09-30": {
        "Diluted EPS": 0.32,
        "Total Revenue": NaN,
        "Gross Profit": 712,
        "Operating Income": 306,
        "EBIT": 454,
        "Net Income": 137
    },
    "2014-06-30": {
        "Diluted EPS": 0.73,
        "Total Revenue": NaN,
        "Gross Profit": 637,
        "Operating Income": 351,
        "EBIT": 479,
        "Net Income": 260
    },
    "2014-03-31": {
        "Diluted EPS": 0.6,
        "Total Revenue": NaN,
        "Gross Profit": 651,
        "Operating Income": 361,
        "EBIT": 488,
        "Net Income": 213
    },
    "2013-12-31": {
        "Diluted EPS": 0.72,
        "Total Revenue": NaN,
        "Gross Profit": 685,
        "Operating Income": 412,
        "EBIT": 539,
        "Net Income": 254
    },
    "2013-09-30": {
        "Diluted EPS": 0.7,
        "Total Revenue": NaN,
        "Gross Profit": 669,
        "Operating Income": 416,
        "EBIT": 548,
        "Net Income": 261
    },
    "2013-06-30": {
        "Diluted EPS": 0.68,
        "Total Revenue": NaN,
        "Gross Profit": 682,
        "Operating Income": 419,
        "EBIT": 547,
        "Net Income": 249
    },
    "2013-03-31": {
        "Diluted EPS": 0.26,
        "Total Revenue": NaN,
        "Gross Profit": 468,
        "Operating Income": 236,
        "EBIT": 365,
        "Net Income": 95
    },
    "2012-12-31": {
        "Diluted EPS": 0.48,
        "Total Revenue": NaN,
        "Gross Profit": 539,
        "Operating Income": 304,
        "EBIT": 434,
        "Net Income": 173
    },
    "2012-09-30": {
        "Diluted EPS": 0.51,
        "Total Revenue": NaN,
        "Gross Profit": 596,
        "Operating Income": 364,
        "EBIT": 494,
        "Net Income": 185
    },
    "2012-06-30": {
        "Diluted EPS": 0.21,
        "Total Revenue": NaN,
        "Gross Profit": 566,
        "Operating Income": 342,
        "EBIT": 466,
        "Net Income": 76
    },
    "2012-03-31": {
        "Diluted EPS": 0.44,
        "Total Revenue": NaN,
        "Gross Profit": 535,
        "Operating Income": 302,
        "EBIT": 425,
        "Net Income": 166
    },
    "2011-12-31": {
        "Diluted EPS": 0.42,
        "Total Revenue": NaN,
        "Gross Profit": 493,
        "Operating Income": 278,
        "EBIT": 400,
        "Net Income": 156
    },
    "2011-09-30": {
        "Diluted EPS": 0.26,
        "Total Revenue": NaN,
        "Gross Profit": 387,
        "Operating Income": 176,
        "EBIT": 298,
        "Net Income": 97
    },
    "2011-06-30": {
        "Diluted EPS": 0.51,
        "Total Revenue": NaN,
        "Gross Profit": 531,
        "Operating Income": 312,
        "EBIT": 440,
        "Net Income": 196
    },
    "2011-03-31": {
        "Diluted EPS": 0.42,
        "Total Revenue": NaN,
        "Gross Profit": 533,
        "Operating Income": 303,
        "EBIT": 431,
        "Net Income": 159
    },
    "2010-12-31": {
        "Diluted EPS": 0.78,
        "Total Revenue": NaN,
        "Gross Profit": 744,
        "Operating Income": 498,
        "EBIT": 626,
        "Net Income": 298
    },
    "2010-09-30": {
        "Diluted EPS": 0.57,
        "Total Revenue": NaN,
        "Gross Profit": 669,
        "Operating Income": 391,
        "EBIT": 545,
        "Net Income": 213
    },
    "2010-06-30": {
        "Diluted EPS": 0.65,
        "Total Revenue": NaN,
        "Gross Profit": 752,
        "Operating Income": 507,
        "EBIT": 632,
        "Net Income": 248
    },
    "2010-03-31": {
        "Diluted EPS": 0.42,
        "Total Revenue": NaN,
        "Gross Profit": 564,
        "Operating Income": 344,
        "EBIT": 468,
        "Net Income": 159
    },
    "2009-12-31": {
        "Diluted EPS": 0.42,
        "Total Revenue": NaN,
        "Gross Profit": 529,
        "Operating Income": 314,
        "EBIT": 437,
        "Net Income": 160
    },
    "2009-09-30": {
        "Diluted EPS": -1.23,
        "Total Revenue": NaN,
        "Gross Profit": 462,
        "Operating Income": -322,
        "EBIT": 368,
        "Net Income": -457
    },
    "2009-06-30": {
        "Diluted EPS": 0.35,
        "Total Revenue": NaN,
        "Gross Profit": 470,
        "Operating Income": 276,
        "EBIT": 406,
        "Net Income": 131
    },
    "2009-03-31": {
        "Diluted EPS": -0.32,
        "Total Revenue": NaN,
        "Gross Profit": 253,
        "Operating Income": 29,
        "EBIT": 160,
        "Net Income": -119
    },
    "2023-06-30": {
        "Tax Effect Of Unusual Items": NaN,
        "Tax Rate For Calcs": NaN,
        "Normalized EBITDA": NaN,
        "Total Unusual Items": -448000000.0,
        "Total Unusual Items Excluding Goodwill": -448000000.0,
        "Net Income From Continuing Operation Net Minority Interest": NaN,
        "Reconciled Depreciation": NaN,
        "Reconciled Cost Of Revenue": NaN,
        "EBITDA": NaN,
        "EBIT": NaN,
        "Net Interest Income": NaN,
        "Interest Expense": NaN,
        "Interest Income": NaN,
        "Normalized Income": NaN,
        "Net Income From Continuing And Discontinued Operation": NaN,
        "Total Expenses": NaN,
        "Total Operating Income As Reported": NaN,
        "Diluted Average Shares": 354000000.0,
        "Basic Average Shares": 354000000.0,
        "Diluted EPS": -1.18,
        "Basic EPS": -1.18,
        "Diluted NI Availto Com Stockholders": NaN,
        "Net Income Common Stockholders": NaN,
        "Net Income": NaN,
        "Minority Interests": NaN,
        "Net Income Including Noncontrolling Interests": NaN,
        "Net Income Continuous Operations": NaN,
        "Tax Provision": NaN,
        "Pretax Income": NaN,
        "Other Income Expense": NaN,
        "Other Non Operating Income Expenses": NaN,
        "Special Income Charges": -448000000.0,
        "Impairment Of Capital Assets": 448000000.0,
        "Net Non Operating Interest Income Expense": NaN,
        "Interest Expense Non Operating": NaN,
        "Interest Income Non Operating": NaN,
        "Operating Income": NaN,
        "Operating Expense": NaN,
        "Selling General And Administration": NaN,
        "Gross Profit": NaN,
        "Cost Of Revenue": NaN,
        "Total Revenue": NaN,
        "Operating Revenue": NaN
    },
    "2023-09-30": {
        "Tax Effect Of Unusual Items": -67678057.553957,
        "Tax Rate For Calcs": 0.203237,
        "Normalized EBITDA": 266000000.0,
        "Total Unusual Items": -333000000.0,
        "Total Unusual Items Excluding Goodwill": -333000000.0,
        "Net Income From Continuing Operation Net Minority Interest": -450000000.0,
        "Reconciled Depreciation": 396000000.0,
        "Reconciled Cost Of Revenue": 12889000000.0,
        "EBITDA": -67000000.0,
        "EBIT": -463000000.0,
        "Net Interest Income": -85000000.0,
        "Interest Expense": 93000000.0,
        "Interest Income": 8000000.0,
        "Normalized Income": -184678057.553957,
        "Net Income From Continuing And Discontinued Operation": -450000000.0,
        "Total Expenses": 13478000000.0,
        "Total Operating Income As Reported": -463000000.0,
        "Diluted Average Shares": NaN,
        "Basic Average Shares": NaN,
        "Diluted EPS": NaN,
        "Basic EPS": NaN,
        "Diluted NI Availto Com Stockholders": -450000000.0,
        "Net Income Common Stockholders": -450000000.0,
        "Net Income": -450000000.0,
        "Minority Interests": -7000000.0,
        "Net Income Including Noncontrolling Interests": -443000000.0,
        "Net Income Continuous Operations": -443000000.0,
        "Tax Provision": -113000000.0,
        "Pretax Income": -556000000.0,
        "Other Income Expense": -341000000.0,
        "Other Non Operating Income Expenses": -8000000.0,
        "Special Income Charges": -333000000.0,
        "Impairment Of Capital Assets": 333000000.0,
        "Net Non Operating Interest Income Expense": -85000000.0,
        "Interest Expense Non Operating": 93000000.0,
        "Interest Income Non Operating": 8000000.0,
        "Operating Income": -130000000.0,
        "Operating Expense": 589000000.0,
        "Selling General And Administration": 589000000.0,
        "Gross Profit": 459000000.0,
        "Cost Of Revenue": 12889000000.0,
        "Total Revenue": 13348000000.0,
        "Operating Revenue": 13348000000.0
    },
    "2023-12-31": {
        "Tax Effect Of Unusual Items": 0.0,
        "Tax Rate For Calcs": 0.294,
        "Normalized EBITDA": 639000000.0,
        "Total Unusual Items": NaN,
        "Total Unusual Items Excluding Goodwill": NaN,
        "Net Income From Continuing Operation Net Minority Interest": 107000000.0,
        "Reconciled Depreciation": 373000000.0,
        "Reconciled Cost Of Revenue": 12496000000.0,
        "EBITDA": 639000000.0,
        "EBIT": 266000000.0,
        "Net Interest Income": -95000000.0,
        "Interest Expense": 105000000.0,
        "Interest Income": 10000000.0,
        "Normalized Income": 107000000.0,
        "Net Income From Continuing And Discontinued Operation": 107000000.0,
        "Total Expenses": 13088000000.0,
        "Total Operating Income As Reported": 231000000.0,
        "Diluted Average Shares": 355000000.0,
        "Basic Average Shares": 354000000.0,
        "Diluted EPS": 0.3,
        "Basic EPS": 0.31,
        "Diluted NI Availto Com Stockholders": 107000000.0,
        "Net Income Common Stockholders": 107000000.0,
        "Net Income": 107000000.0,
        "Minority Interests": -7000000.0,
        "Net Income Including Noncontrolling Interests": 114000000.0,
        "Net Income Continuous Operations": 114000000.0,
        "Tax Provision": 47000000.0,
        "Pretax Income": 161000000.0,
        "Other Income Expense": 25000000.0,
        "Other Non Operating Income Expenses": 25000000.0,
        "Special Income Charges": NaN,
        "Impairment Of Capital Assets": NaN,
        "Net Non Operating Interest Income Expense": -95000000.0,
        "Interest Expense Non Operating": 105000000.0,
        "Interest Income Non Operating": 10000000.0,
        "Operating Income": 231000000.0,
        "Operating Expense": 592000000.0,
        "Selling General And Administration": 592000000.0,
        "Gross Profit": 823000000.0,
        "Cost Of Revenue": 12496000000.0,
        "Total Revenue": 13319000000.0,
        "Operating Revenue": 13319000000.0
    },
    "2024-03-31": {
        "Tax Effect Of Unusual Items": 0.0,
        "Tax Rate For Calcs": 0.269,
        "Normalized EBITDA": 663000000.0,
        "Total Unusual Items": NaN,
        "Total Unusual Items Excluding Goodwill": NaN,
        "Net Income From Continuing Operation Net Minority Interest": 145000000.0,
        "Reconciled Depreciation": 349000000.0,
        "Reconciled Cost Of Revenue": 12206000000.0,
        "EBITDA": 663000000.0,
        "EBIT": 314000000.0,
        "Net Interest Income": -97000000.0,
        "Interest Expense": 111000000.0,
        "Interest Income": 14000000.0,
        "Normalized Income": 145000000.0,
        "Net Income From Continuing And Discontinued Operation": 145000000.0,
        "Total Expenses": 12760000000.0,
        "Total Operating Income As Reported": 312000000.0,
        "Diluted Average Shares": 355000000.0,
        "Basic Average Shares": 354000000.0,
        "Diluted EPS": 0.41,
        "Basic EPS": 0.42,
        "Diluted NI Availto Com Stockholders": 145000000.0,
        "Net Income Common Stockholders": 145000000.0,
        "Net Income": 145000000.0,
        "Minority Interests": -3000000.0,
        "Net Income Including Noncontrolling Interests": 148000000.0,
        "Net Income Continuous Operations": 148000000.0,
        "Tax Provision": 55000000.0,
        "Pretax Income": 203000000.0,
        "Other Income Expense": -12000000.0,
        "Other Non Operating Income Expenses": -12000000.0,
        "Special Income Charges": NaN,
        "Impairment Of Capital Assets": NaN,
        "Net Non Operating Interest Income Expense": -97000000.0,
        "Interest Expense Non Operating": 111000000.0,
        "Interest Income Non Operating": 14000000.0,
        "Operating Income": 312000000.0,
        "Operating Expense": 554000000.0,
        "Selling General And Administration": 554000000.0,
        "Gross Profit": 866000000.0,
        "Cost Of Revenue": 12206000000.0,
        "Total Revenue": 13072000000.0,
        "Operating Revenue": 13072000000.0
    },
    "2024-06-30": {
        "Tax Effect Of Unusual Items": 0.0,
        "Tax Rate For Calcs": 0.229,
        "Normalized EBITDA": 748000000.0,
        "Total Unusual Items": 0.0,
        "Total Unusual Items Excluding Goodwill": 0.0,
        "Net Income From Continuing Operation Net Minority Interest": 191000000.0,
        "Reconciled Depreciation": 360000000.0,
        "Reconciled Cost Of Revenue": 12475000000.0,
        "EBITDA": 748000000.0,
        "EBIT": 388000000.0,
        "Net Interest Income": -99000000.0,
        "Interest Expense": 135000000.0,
        "Interest Income": 36000000.0,
        "Normalized Income": 191000000.0,
        "Net Income From Continuing And Discontinued Operation": 191000000.0,
        "Total Expenses": 13012000000.0,
        "Total Operating Income As Reported": 341000000.0,
        "Diluted Average Shares": 353703704.0,
        "Basic Average Shares": 347272727.0,
        "Diluted EPS": 0.54,
        "Basic EPS": 0.55,
        "Diluted NI Availto Com Stockholders": 191000000.0,
        "Net Income Common Stockholders": 191000000.0,
        "Net Income": 191000000.0,
        "Minority Interests": -5000000.0,
        "Net Income Including Noncontrolling Interests": 196000000.0,
        "Net Income Continuous Operations": 196000000.0,
        "Tax Provision": 57000000.0,
        "Pretax Income": 253000000.0,
        "Other Income Expense": 11000000.0,
        "Other Non Operating Income Expenses": 11000000.0,
        "Special Income Charges": 0.0,
        "Impairment Of Capital Assets": 0.0,
        "Net Non Operating Interest Income Expense": -99000000.0,
        "Interest Expense Non Operating": 135000000.0,
        "Interest Income Non Operating": 36000000.0,
        "Operating Income": 341000000.0,
        "Operating Expense": 537000000.0,
        "Selling General And Administration": 537000000.0,
        "Gross Profit": 878000000.0,
        "Cost Of Revenue": 12475000000.0,
        "Total Revenue": 13353000000.0,
        "Operating Revenue": 13353000000.0
    },
    "2024-09-30": {
        "Tax Effect Of Unusual Items": 0.0,
        "Tax Rate For Calcs": 0.233684,
        "Normalized EBITDA": 923000000.0,
        "Total Unusual Items": 0.0,
        "Total Unusual Items Excluding Goodwill": 0.0,
        "Net Income From Continuing Operation Net Minority Interest": 357000000.0,
        "Reconciled Depreciation": 318000000.0,
        "Reconciled Cost Of Revenue": 12505000000.0,
        "EBITDA": 923000000.0,
        "EBIT": 605000000.0,
        "Net Interest Income": -101000000.0,
        "Interest Expense": 130000000.0,
        "Interest Income": 29000000.0,
        "Normalized Income": 357000000.0,
        "Net Income From Continuing And Discontinued Operation": 357000000.0,
        "Total Expenses": 13040000000.0,
        "Total Operating Income As Reported": 525000000.0,
        "Diluted Average Shares": 357000000.0,
        "Basic Average Shares": 346601942.0,
        "Diluted EPS": 1.0,
        "Basic EPS": 1.03,
        "Diluted NI Availto Com Stockholders": 357000000.0,
        "Net Income Common Stockholders": 357000000.0,
        "Net Income": 357000000.0,
        "Minority Interests": -7000000.0,
        "Net Income Including Noncontrolling Interests": 364000000.0,
        "Net Income Continuous Operations": 364000000.0,
        "Tax Provision": 111000000.0,
        "Pretax Income": 475000000.0,
        "Other Income Expense": 51000000.0,
        "Other Non Operating Income Expenses": 51000000.0,
        "Special Income Charges": 0.0,
        "Impairment Of Capital Assets": 0.0,
        "Net Non Operating Interest Income Expense": -101000000.0,
        "Interest Expense Non Operating": 130000000.0,
        "Interest Income Non Operating": 29000000.0,
        "Operating Income": 525000000.0,
        "Operating Expense": 535000000.0,
        "Selling General And Administration": 535000000.0,
        "Gross Profit": 1060000000.0,
        "Cost Of Revenue": 12505000000.0,
        "Total Revenue": 13565000000.0,
        "Operating Revenue": 13565000000.0
    }
}