{
    "2022-09-30": {
        "Tax Effect Of Unusual Items": 0.0,
        "Tax Rate For Calcs": 0.0,
        "Normalized EBITDA": -115959000.0,
        "Total Unusual Items": 0.0,
        "Total Unusual Items Excluding Goodwill": 0.0,
        "Net Income From Continuing Operation Net Minority Interest": -113161000.0,
        "Reconciled Depreciation": 2874000.0,
        "Reconciled Cost Of Revenue": 5436000.0,
        "EBITDA": -115959000.0,
        "EBIT": -118833000.0,
        "Net Interest Income": 5545000.0,
        "Interest Income": 5545000.0,
        "Normalized Income": -113161000.0,
        "Net Income From Continuing And Discontinued Operation": -113161000.0,
        "Total Expenses": 121486000.0,
        "Total Operating Income As Reported": -118833000.0,
        "Diluted Average Shares": 224745672.0,
        "Basic Average Shares": 224745672.0,
        "Diluted EPS": -0.5,
        "Basic EPS": -0.5,
        "Diluted NI Availto Com Stockholders": -113161000.0,
        "Net Income Common Stockholders": -113161000.0,
        "Otherunder Preferred Stock Dividend": 0.0,
        "Net Income": -113161000.0,
        "Net Income Including Noncontrolling Interests": -113161000.0,
        "Net Income Continuous Operations": -113161000.0,
        "Tax Provision": 0.0,
        "Pretax Income": -113161000.0,
        "Other Income Expense": 127000.0,
        "Other Non Operating Income Expenses": 127000.0,
        "Special Income Charges": 0.0,
        "Net Non Operating Interest Income Expense": 5545000.0,
        "Interest Income Non Operating": 5545000.0,
        "Operating Income": -118833000.0,
        "Operating Expense": 116050000.0,
        "Research And Development": 84931000.0,
        "Selling General And Administration": 31119000.0,
        "General And Administrative Expense": NaN,
        "Other Gand A": NaN,
        "Salaries And Wages": NaN,
        "Gross Profit": -2783000.0,
        "Cost Of Revenue": 5436000.0,
        "Total Revenue": 2653000.0,
        "Operating Revenue": 2653000.0
    },
    "2022-06-30": {
        "Tax Effect Of Unusual Items": 0.0,
        "Tax Rate For Calcs": 0.0,
        "Normalized EBITDA": -107983000.0,
        "Total Unusual Items": 0.0,
        "Total Unusual Items Excluding Goodwill": 0.0,
        "Net Income From Continuing Operation Net Minority Interest": -108595000.0,
        "Reconciled Depreciation": 2726000.0,
        "Reconciled Cost Of Revenue": 5767000.0,
        "EBITDA": -107983000.0,
        "EBIT": -110709000.0,
        "Net Interest Income": NaN,
        "Interest Income": NaN,
        "Normalized Income": -108595000.0,
        "Net Income From Continuing And Discontinued Operation": -108595000.0,
        "Total Expenses": 113303000.0,
        "Total Operating Income As Reported": -110709000.0,
        "Diluted Average Shares": 223785825.0,
        "Basic Average Shares": 223785825.0,
        "Diluted EPS": -0.49,
        "Basic EPS": -0.49,
        "Diluted NI Availto Com Stockholders": -108595000.0,
        "Net Income Common Stockholders": -108595000.0,
        "Otherunder Preferred Stock Dividend": 0.0,
        "Net Income": -108595000.0,
        "Net Income Including Noncontrolling Interests": -108595000.0,
        "Net Income Continuous Operations": -108595000.0,
        "Tax Provision": 0.0,
        "Pretax Income": -108595000.0,
        "Other Income Expense": 2114000.0,
        "Other Non Operating Income Expenses": 2114000.0,
        "Special Income Charges": 0.0,
        "Net Non Operating Interest Income Expense": NaN,
        "Interest Income Non Operating": NaN,
        "Operating Income": -110709000.0,
        "Operating Expense": 107536000.0,
        "Research And Development": 85519000.0,
        "Selling General And Administration": 22017000.0,
        "General And Administrative Expense": NaN,
        "Other Gand A": NaN,
        "Salaries And Wages": NaN,
        "Gross Profit": -3173000.0,
        "Cost Of Revenue": 5767000.0,
        "Total Revenue": 2594000.0,
        "Operating Revenue": 2594000.0
    },
    "2022-03-31": {
        "Diluted EPS": -0.5,
        "Total Revenue": 2,
        "Gross Profit": -2,
        "Operating Income": -112,
        "EBIT": -109,
        "Net Income": -112
    },
    "2021-12-31": {
        "Diluted EPS": 3.25,
        "Total Revenue": 2,
        "Gross Profit": -2,
        "Operating Income": -116,
        "EBIT": -113,
        "Net Income": -115
    },
    "2021-09-30": {
        "Diluted EPS": -0.54,
        "Total Revenue": 2,
        "Gross Profit": -2,
        "Operating Income": -116,
        "EBIT": -114,
        "Net Income": -115
    },
    "2021-06-30": {
        "Diluted EPS": -0.64,
        "Total Revenue": 1,
        "Gross Profit": -2,
        "Operating Income": -121,
        "EBIT": -119,
        "Net Income": -117
    },
    "2021-03-31": {
        "Diluted EPS": -6.43,
        "Total Revenue": 1,
        "Gross Profit": -1,
        "Operating Income": -59,
        "EBIT": -57,
        "Net Income": -389
    },
    "2020-12-31": {
        "Diluted EPS": -0.7,
        "Total Revenue": 1,
        "Gross Profit": -2,
        "Operating Income": -44,
        "EBIT": -42,
        "Net Income": -35
    },
    "2020-09-30": {
        "Diluted EPS": -1.73,
        "Total Revenue": 1,
        "Gross Profit": -1,
        "Operating Income": -77,
        "EBIT": -75,
        "Net Income": -101
    },
    "2020-06-30": {
        "Diluted EPS": -0.49,
        "Total Revenue": 0,
        "Gross Profit": -1,
        "Operating Income": -28,
        "EBIT": -26,
        "Net Income": -28
    },
    "2020-03-31": {
        "Diluted EPS": -0.45,
        "Total Revenue": 0,
        "Gross Profit": -1,
        "Operating Income": -26,
        "EBIT": -24,
        "Net Income": -26
    },
    "2019-12-31": {
        "Diluted EPS": 0.0,
        "Total Revenue": NaN,
        "Gross Profit": NaN,
        "Operating Income": NaN,
        "EBIT": NaN,
        "Net Income": NaN
    },
    "2018-12-31": {
        "Diluted EPS": 0.0,
        "Total Revenue": NaN,
        "Gross Profit": NaN,
        "Operating Income": NaN,
        "EBIT": NaN,
        "Net Income": NaN
    },
    "2022-12-31": {
        "Tax Effect Of Unusual Items": 0.0,
        "Tax Rate For Calcs": 0.0,
        "Normalized EBITDA": -128103000.0,
        "Total Unusual Items": 0.0,
        "Total Unusual Items Excluding Goodwill": 0.0,
        "Net Income From Continuing Operation Net Minority Interest": -138386000.0,
        "Reconciled Depreciation": 19220000.0,
        "Reconciled Cost Of Revenue": 4488000.0,
        "EBITDA": -128103000.0,
        "EBIT": -147323000.0,
        "Net Interest Income": 8994000.0,
        "Interest Income": 8994000.0,
        "Normalized Income": -138386000.0,
        "Net Income From Continuing And Discontinued Operation": -138386000.0,
        "Total Expenses": 149181000.0,
        "Total Operating Income As Reported": -147323000.0,
        "Diluted Average Shares": NaN,
        "Basic Average Shares": NaN,
        "Diluted EPS": NaN,
        "Basic EPS": NaN,
        "Diluted NI Availto Com Stockholders": -138386000.0,
        "Net Income Common Stockholders": -138386000.0,
        "Otherunder Preferred Stock Dividend": 0.0,
        "Net Income": -138386000.0,
        "Net Income Including Noncontrolling Interests": -138386000.0,
        "Net Income Continuous Operations": -138386000.0,
        "Tax Provision": 0.0,
        "Pretax Income": -138386000.0,
        "Other Income Expense": -57000.0,
        "Other Non Operating Income Expenses": -57000.0,
        "Special Income Charges": 0.0,
        "Net Non Operating Interest Income Expense": 8994000.0,
        "Interest Income Non Operating": 8994000.0,
        "Operating Income": -147323000.0,
        "Operating Expense": 144693000.0,
        "Research And Development": 102991000.0,
        "Selling General And Administration": 41702000.0,
        "General And Administrative Expense": NaN,
        "Other Gand A": NaN,
        "Salaries And Wages": NaN,
        "Gross Profit": -2630000.0,
        "Cost Of Revenue": 4488000.0,
        "Total Revenue": 1858000.0,
        "Operating Revenue": 1858000.0
    },
    "2023-06-30": {
        "Tax Effect Of Unusual Items": 0.0,
        "Tax Rate For Calcs": 0.0,
        "Normalized EBITDA": -85540000.0,
        "Total Unusual Items": NaN,
        "Total Unusual Items Excluding Goodwill": NaN,
        "Net Income From Continuing Operation Net Minority Interest": -78039000.0,
        "Reconciled Depreciation": 1855000.0,
        "Reconciled Cost Of Revenue": 246000.0,
        "EBITDA": -85540000.0,
        "EBIT": -87395000.0,
        "Net Interest Income": 9747000.0,
        "Interest Income": 9747000.0,
        "Normalized Income": -78039000.0,
        "Net Income From Continuing And Discontinued Operation": -78039000.0,
        "Total Expenses": 87487000.0,
        "Total Operating Income As Reported": -87395000.0,
        "Diluted Average Shares": 227989816.0,
        "Basic Average Shares": 227989816.0,
        "Diluted EPS": -0.34,
        "Basic EPS": -0.34,
        "Diluted NI Availto Com Stockholders": -78039000.0,
        "Net Income Common Stockholders": -78039000.0,
        "Otherunder Preferred Stock Dividend": NaN,
        "Net Income": -78039000.0,
        "Net Income Including Noncontrolling Interests": -78039000.0,
        "Net Income Continuous Operations": -78039000.0,
        "Tax Provision": 0.0,
        "Pretax Income": -78039000.0,
        "Other Income Expense": -391000.0,
        "Other Non Operating Income Expenses": -391000.0,
        "Special Income Charges": NaN,
        "Net Non Operating Interest Income Expense": 9747000.0,
        "Interest Income Non Operating": 9747000.0,
        "Operating Income": -87395000.0,
        "Operating Expense": 87241000.0,
        "Research And Development": 58506000.0,
        "Selling General And Administration": 28735000.0,
        "General And Administrative Expense": 28735000.0,
        "Other Gand A": 24028000.0,
        "Salaries And Wages": 4707000.0,
        "Gross Profit": -154000.0,
        "Cost Of Revenue": 246000.0,
        "Total Revenue": 92000.0,
        "Operating Revenue": 92000.0
    },
    "2023-03-31": {
        "Tax Effect Of Unusual Items": 0.0,
        "Tax Rate For Calcs": 0.0,
        "Normalized EBITDA": -89015000.0,
        "Total Unusual Items": NaN,
        "Total Unusual Items Excluding Goodwill": NaN,
        "Net Income From Continuing Operation Net Minority Interest": -81212000.0,
        "Reconciled Depreciation": 1567000.0,
        "Reconciled Cost Of Revenue": 508000.0,
        "EBITDA": -89015000.0,
        "EBIT": -90582000.0,
        "Net Interest Income": 9877000.0,
        "Interest Income": 9877000.0,
        "Normalized Income": -81212000.0,
        "Net Income From Continuing And Discontinued Operation": -81212000.0,
        "Total Expenses": 90797000.0,
        "Total Operating Income As Reported": -90582000.0,
        "Diluted Average Shares": 226405466.0,
        "Basic Average Shares": 226405466.0,
        "Diluted EPS": -0.36,
        "Basic EPS": -0.36,
        "Diluted NI Availto Com Stockholders": -81212000.0,
        "Net Income Common Stockholders": -81212000.0,
        "Otherunder Preferred Stock Dividend": NaN,
        "Net Income": -81212000.0,
        "Net Income Including Noncontrolling Interests": -81212000.0,
        "Net Income Continuous Operations": -81212000.0,
        "Tax Provision": 0.0,
        "Pretax Income": -81212000.0,
        "Other Income Expense": -507000.0,
        "Other Non Operating Income Expenses": -507000.0,
        "Special Income Charges": NaN,
        "Net Non Operating Interest Income Expense": 9877000.0,
        "Interest Income Non Operating": 9877000.0,
        "Operating Income": -90582000.0,
        "Operating Expense": 90289000.0,
        "Research And Development": 61602000.0,
        "Selling General And Administration": 28687000.0,
        "General And Administrative Expense": 28687000.0,
        "Other Gand A": 24028000.0,
        "Salaries And Wages": 4659000.0,
        "Gross Profit": -293000.0,
        "Cost Of Revenue": 508000.0,
        "Total Revenue": 215000.0,
        "Operating Revenue": 215000.0
    }
}