{
    "2023-03-31": {
        "Tax Effect Of Unusual Items": NaN,
        "Tax Rate For Calcs": NaN,
        "Normalized EBITDA": NaN,
        "Total Unusual Items": NaN,
        "Total Unusual Items Excluding Goodwill": NaN,
        "Net Income From Continuing Operation Net Minority Interest": NaN,
        "Reconciled Depreciation": NaN,
        "Reconciled Cost Of Revenue": NaN,
        "EBITDA": NaN,
        "EBIT": NaN,
        "Net Interest Income": NaN,
        "Interest Expense": NaN,
        "Interest Income": NaN,
        "Normalized Income": NaN,
        "Net Income From Continuing And Discontinued Operation": NaN,
        "Total Expenses": NaN,
        "Total Operating Income As Reported": NaN,
        "Diluted Average Shares": NaN,
        "Basic Average Shares": NaN,
        "Diluted EPS": NaN,
        "Basic EPS": NaN,
        "Diluted NI Availto Com Stockholders": NaN,
        "Net Income Common Stockholders": NaN,
        "Net Income": NaN,
        "Minority Interests": NaN,
        "Net Income Including Noncontrolling Interests": NaN,
        "Net Income Discontinuous Operations": NaN,
        "Net Income Continuous Operations": NaN,
        "Tax Provision": NaN,
        "Pretax Income": NaN,
        "Other Income Expense": NaN,
        "Other Non Operating Income Expenses": NaN,
        "Gain On Sale Of Security": NaN,
        "Net Non Operating Interest Income Expense": NaN,
        "Interest Expense Non Operating": NaN,
        "Interest Income Non Operating": NaN,
        "Operating Income": NaN,
        "Operating Expense": NaN,
        "Selling General And Administration": NaN,
        "General And Administrative Expense": 692300000.0,
        "Other Gand A": 686700000.0,
        "Salaries And Wages": 5600000.0,
        "Gross Profit": NaN,
        "Cost Of Revenue": NaN,
        "Total Revenue": NaN,
        "Operating Revenue": NaN
    },
    "2022-12-31": {
        "Tax Effect Of Unusual Items": NaN,
        "Tax Rate For Calcs": NaN,
        "Normalized EBITDA": NaN,
        "Total Unusual Items": -4800000.0,
        "Total Unusual Items Excluding Goodwill": -4800000.0,
        "Net Income From Continuing Operation Net Minority Interest": NaN,
        "Reconciled Depreciation": NaN,
        "Reconciled Cost Of Revenue": NaN,
        "EBITDA": NaN,
        "EBIT": NaN,
        "Net Interest Income": NaN,
        "Interest Expense": NaN,
        "Interest Income": NaN,
        "Normalized Income": NaN,
        "Net Income From Continuing And Discontinued Operation": NaN,
        "Total Expenses": NaN,
        "Total Operating Income As Reported": NaN,
        "Diluted Average Shares": NaN,
        "Basic Average Shares": NaN,
        "Diluted EPS": NaN,
        "Basic EPS": NaN,
        "Diluted NI Availto Com Stockholders": NaN,
        "Net Income Common Stockholders": NaN,
        "Net Income": NaN,
        "Minority Interests": NaN,
        "Net Income Including Noncontrolling Interests": NaN,
        "Net Income Discontinuous Operations": NaN,
        "Net Income Continuous Operations": NaN,
        "Tax Provision": NaN,
        "Pretax Income": NaN,
        "Other Income Expense": NaN,
        "Other Non Operating Income Expenses": NaN,
        "Gain On Sale Of Security": -4800000.0,
        "Net Non Operating Interest Income Expense": NaN,
        "Interest Expense Non Operating": NaN,
        "Interest Income Non Operating": NaN,
        "Operating Income": NaN,
        "Operating Expense": NaN,
        "Selling General And Administration": NaN,
        "General And Administrative Expense": NaN,
        "Other Gand A": NaN,
        "Salaries And Wages": NaN,
        "Gross Profit": NaN,
        "Cost Of Revenue": NaN,
        "Total Revenue": NaN,
        "Operating Revenue": NaN
    },
    "2022-09-30": {
        "Tax Effect Of Unusual Items": -863500.0,
        "Tax Rate For Calcs": 0.157,
        "Normalized EBITDA": 810200000.0,
        "Total Unusual Items": -5500000.0,
        "Total Unusual Items Excluding Goodwill": -5500000.0,
        "Net Income From Continuing Operation Net Minority Interest": 555800000.0,
        "Reconciled Depreciation": 83900000.0,
        "Reconciled Cost Of Revenue": 2939100000.0,
        "EBITDA": 804700000.0,
        "EBIT": 720800000.0,
        "Net Interest Income": -53400000.0,
        "Interest Expense": 55800000.0,
        "Interest Income": 2400000.0,
        "Normalized Income": 560436500.0,
        "Net Income From Continuing And Discontinued Operation": 547900000.0,
        "Total Expenses": 3632400000.0,
        "Total Operating Income As Reported": 739500000.0,
        "Diluted Average Shares": 234000000.0,
        "Basic Average Shares": 231900000.0,
        "Diluted EPS": 2.34,
        "Basic EPS": 2.36,
        "Diluted NI Availto Com Stockholders": 547900000.0,
        "Net Income Common Stockholders": 547900000.0,
        "Net Income": 547900000.0,
        "Minority Interests": -4500000.0,
        "Net Income Including Noncontrolling Interests": 552400000.0,
        "Net Income Discontinuous Operations": -7900000.0,
        "Net Income Continuous Operations": 560300000.0,
        "Tax Provision": 104700000.0,
        "Pretax Income": 665000000.0,
        "Other Income Expense": -21100000.0,
        "Other Non Operating Income Expenses": -15600000.0,
        "Gain On Sale Of Security": -5500000.0,
        "Net Non Operating Interest Income Expense": -53400000.0,
        "Interest Expense Non Operating": 55800000.0,
        "Interest Income Non Operating": 2400000.0,
        "Operating Income": 739500000.0,
        "Operating Expense": 693300000.0,
        "Selling General And Administration": 693300000.0,
        "Gross Profit": 1432800000.0,
        "Cost Of Revenue": 2939100000.0,
        "Total Revenue": 4371900000.0,
        "Operating Revenue": 4371900000.0
    },
    "2022-06-30": {
        "Tax Effect Of Unusual Items": 0.0,
        "Tax Rate For Calcs": 0.209,
        "Normalized EBITDA": 709000000.0,
        "Total Unusual Items": -4000000.0,
        "Total Unusual Items Excluding Goodwill": -4000000.0,
        "Net Income From Continuing Operation Net Minority Interest": 510900000.0,
        "Reconciled Depreciation": 79800000.0,
        "Reconciled Cost Of Revenue": 2867000000.0,
        "EBITDA": 709000000.0,
        "EBIT": 709000000.0,
        "Net Interest Income": -55900000.0,
        "Interest Expense": 55900000.0,
        "Interest Income": 1500000.0,
        "Normalized Income": 510900000.0,
        "Net Income From Continuing And Discontinued Operation": 509300000.0,
        "Total Expenses": 3479800000.0,
        "Total Operating Income As Reported": 710600000.0,
        "Diluted Average Shares": 235700000.0,
        "Basic Average Shares": 233800000.0,
        "Diluted EPS": 2.16,
        "Basic EPS": 2.18,
        "Diluted NI Availto Com Stockholders": 509300000.0,
        "Net Income Common Stockholders": 509300000.0,
        "Net Income": 509300000.0,
        "Minority Interests": -5600000.0,
        "Net Income Including Noncontrolling Interests": 514900000.0,
        "Net Income Discontinuous Operations": -1600000.0,
        "Net Income Continuous Operations": 516500000.0,
        "Tax Provision": 136600000.0,
        "Pretax Income": 653100000.0,
        "Other Income Expense": -1600000.0,
        "Other Non Operating Income Expenses": -1600000.0,
        "Gain On Sale Of Security": -4000000.0,
        "Net Non Operating Interest Income Expense": -55900000.0,
        "Interest Expense Non Operating": 55900000.0,
        "Interest Income Non Operating": 1500000.0,
        "Operating Income": 710600000.0,
        "Operating Expense": 612800000.0,
        "Selling General And Administration": 612800000.0,
        "Gross Profit": 1323400000.0,
        "Cost Of Revenue": 2867000000.0,
        "Total Revenue": 4190400000.0,
        "Operating Revenue": 4190400000.0
    },
    "2023-06-30": {
        "Tax Effect Of Unusual Items": NaN,
        "Tax Rate For Calcs": NaN,
        "Normalized EBITDA": NaN,
        "Total Unusual Items": NaN,
        "Total Unusual Items Excluding Goodwill": NaN,
        "Net Income From Continuing Operation Net Minority Interest": NaN,
        "Reconciled Depreciation": NaN,
        "Reconciled Cost Of Revenue": NaN,
        "EBITDA": NaN,
        "EBIT": NaN,
        "Net Interest Income": NaN,
        "Interest Expense": NaN,
        "Interest Income": NaN,
        "Normalized Income": NaN,
        "Net Income From Continuing And Discontinued Operation": NaN,
        "Total Expenses": NaN,
        "Total Operating Income As Reported": NaN,
        "Diluted Average Shares": NaN,
        "Basic Average Shares": NaN,
        "Diluted EPS": NaN,
        "Basic EPS": NaN,
        "Diluted NI Availto Com Stockholders": NaN,
        "Net Income Common Stockholders": NaN,
        "Net Income": NaN,
        "Minority Interests": NaN,
        "Net Income Including Noncontrolling Interests": NaN,
        "Net Income Discontinuous Operations": NaN,
        "Net Income Continuous Operations": NaN,
        "Tax Provision": NaN,
        "Pretax Income": NaN,
        "Other Income Expense": NaN,
        "Other Non Operating Income Expenses": NaN,
        "Gain On Sale Of Security": NaN,
        "Net Non Operating Interest Income Expense": NaN,
        "Interest Expense Non Operating": NaN,
        "Interest Income Non Operating": NaN,
        "Operating Income": NaN,
        "Operating Expense": NaN,
        "Selling General And Administration": NaN,
        "General And Administrative Expense": 703700000.0,
        "Other Gand A": 699000000.0,
        "Salaries And Wages": 4700000.0,
        "Gross Profit": NaN,
        "Cost Of Revenue": NaN,
        "Total Revenue": NaN,
        "Operating Revenue": NaN
    },
    "2023-09-30": {
        "Tax Effect Of Unusual Items": -1148400.0,
        "Tax Rate For Calcs": 0.198,
        "Normalized EBITDA": 952000000.0,
        "Total Unusual Items": -5800000.0,
        "Total Unusual Items Excluding Goodwill": -5800000.0,
        "Net Income From Continuing Operation Net Minority Interest": 632800000.0,
        "Reconciled Depreciation": 92000000.0,
        "Reconciled Cost Of Revenue": 3224800000.0,
        "EBITDA": 946200000.0,
        "EBIT": 854200000.0,
        "Net Interest Income": -54300000.0,
        "Interest Expense": 57900000.0,
        "Interest Income": 3600000.0,
        "Normalized Income": 637451600.0,
        "Net Income From Continuing And Discontinued Operation": 626300000.0,
        "Total Expenses": 4018700000.0,
        "Total Operating Income As Reported": 864200000.0,
        "Diluted Average Shares": 230600000.0,
        "Basic Average Shares": 230257353.0,
        "Diluted EPS": 2.72,
        "Basic EPS": 2.72,
        "Diluted NI Availto Com Stockholders": 626300000.0,
        "Net Income Common Stockholders": 626300000.0,
        "Net Income": 626300000.0,
        "Minority Interests": -6000000.0,
        "Net Income Including Noncontrolling Interests": 632300000.0,
        "Net Income Discontinuous Operations": -6500000.0,
        "Net Income Continuous Operations": 638800000.0,
        "Tax Provision": 157500000.0,
        "Pretax Income": 796300000.0,
        "Other Income Expense": -13600000.0,
        "Other Non Operating Income Expenses": -7800000.0,
        "Gain On Sale Of Security": -5800000.0,
        "Net Non Operating Interest Income Expense": -54300000.0,
        "Interest Expense Non Operating": 57900000.0,
        "Interest Income Non Operating": 3600000.0,
        "Operating Income": 864200000.0,
        "Operating Expense": 793900000.0,
        "Selling General And Administration": 793900000.0,
        "General And Administrative Expense": NaN,
        "Other Gand A": NaN,
        "Salaries And Wages": NaN,
        "Gross Profit": 1658100000.0,
        "Cost Of Revenue": 3224800000.0,
        "Total Revenue": 4882900000.0,
        "Operating Revenue": 4882900000.0
    },
    "2023-12-31": {
        "Tax Effect Of Unusual Items": -1229895.901106,
        "Tax Rate For Calcs": 0.159727,
        "Normalized EBITDA": 767800000.0,
        "Total Unusual Items": -7700000.0,
        "Total Unusual Items Excluding Goodwill": -7700000.0,
        "Net Income From Continuing Operation Net Minority Interest": 513300000.0,
        "Reconciled Depreciation": 87900000.0,
        "Reconciled Cost Of Revenue": 2952800000.0,
        "EBITDA": 760100000.0,
        "EBIT": 672200000.0,
        "Net Interest Income": -53100000.0,
        "Interest Expense": 57400000.0,
        "Interest Income": 4300000.0,
        "Normalized Income": 519770104.098894,
        "Net Income From Continuing And Discontinued Operation": 504300000.0,
        "Total Expenses": 3736500000.0,
        "Total Operating Income As Reported": 687600000.0,
        "Diluted Average Shares": 229900000.0,
        "Basic Average Shares": 227173161.0,
        "Diluted EPS": 2.19,
        "Basic EPS": 2.219893,
        "Diluted NI Availto Com Stockholders": 504300000.0,
        "Net Income Common Stockholders": 504300000.0,
        "Net Income": 504300000.0,
        "Minority Interests": -3300000.0,
        "Net Income Including Noncontrolling Interests": 507600000.0,
        "Net Income Discontinuous Operations": -9000000.0,
        "Net Income Continuous Operations": 516600000.0,
        "Tax Provision": 98200000.0,
        "Pretax Income": 614800000.0,
        "Other Income Expense": -19700000.0,
        "Other Non Operating Income Expenses": -12000000.0,
        "Gain On Sale Of Security": -7700000.0,
        "Net Non Operating Interest Income Expense": -53100000.0,
        "Interest Expense Non Operating": 57400000.0,
        "Interest Income Non Operating": 4300000.0,
        "Operating Income": 687600000.0,
        "Operating Expense": 783700000.0,
        "Selling General And Administration": 783700000.0,
        "General And Administrative Expense": NaN,
        "Other Gand A": NaN,
        "Salaries And Wages": NaN,
        "Gross Profit": 1471300000.0,
        "Cost Of Revenue": 2952800000.0,
        "Total Revenue": 4424100000.0,
        "Operating Revenue": 4424100000.0
    },
    "2024-03-31": {
        "Tax Effect Of Unusual Items": -2668800.0,
        "Tax Rate For Calcs": 0.192,
        "Normalized EBITDA": 714200000.0,
        "Total Unusual Items": -13900000.0,
        "Total Unusual Items Excluding Goodwill": -13900000.0,
        "Net Income From Continuing Operation Net Minority Interest": 441700000.0,
        "Reconciled Depreciation": 91500000.0,
        "Reconciled Cost Of Revenue": 2755600000.0,
        "EBITDA": 700300000.0,
        "EBIT": 608800000.0,
        "Net Interest Income": -54400000.0,
        "Interest Expense": 58100000.0,
        "Interest Income": 3700000.0,
        "Normalized Income": 452931200.0,
        "Net Income From Continuing And Discontinued Operation": 436300000.0,
        "Total Expenses": 3584400000.0,
        "Total Operating Income As Reported": 633800000.0,
        "Diluted Average Shares": 229500000.0,
        "Basic Average Shares": 226699287.0,
        "Diluted EPS": 1.9,
        "Basic EPS": 1.924576,
        "Diluted NI Availto Com Stockholders": 436300000.0,
        "Net Income Common Stockholders": 436300000.0,
        "Net Income": 436300000.0,
        "Minority Interests": -3500000.0,
        "Net Income Including Noncontrolling Interests": 439800000.0,
        "Net Income Discontinuous Operations": -5400000.0,
        "Net Income Continuous Operations": 445200000.0,
        "Tax Provision": 105500000.0,
        "Pretax Income": 550700000.0,
        "Other Income Expense": -26000000.0,
        "Other Non Operating Income Expenses": -12100000.0,
        "Gain On Sale Of Security": -13900000.0,
        "Net Non Operating Interest Income Expense": -54400000.0,
        "Interest Expense Non Operating": 58100000.0,
        "Interest Income Non Operating": 3700000.0,
        "Operating Income": 631100000.0,
        "Operating Expense": 828800000.0,
        "Selling General And Administration": 828800000.0,
        "General And Administrative Expense": 828800000.0,
        "Other Gand A": 826100000.0,
        "Salaries And Wages": 2700000.0,
        "Gross Profit": 1459900000.0,
        "Cost Of Revenue": 2755600000.0,
        "Total Revenue": 4215500000.0,
        "Operating Revenue": 4215500000.0
    },
    "2024-06-30": {
        "Tax Effect Of Unusual Items": -657200.0,
        "Tax Rate For Calcs": 0.212,
        "Normalized EBITDA": 1129400000.0,
        "Total Unusual Items": -3100000.0,
        "Total Unusual Items Excluding Goodwill": -3100000.0,
        "Net Income From Continuing Operation Net Minority Interest": 762200000.0,
        "Reconciled Depreciation": 96200000.0,
        "Reconciled Cost Of Revenue": 3371900000.0,
        "EBITDA": 1126300000.0,
        "EBIT": 1030100000.0,
        "Net Interest Income": -52100000.0,
        "Interest Expense": 57500000.0,
        "Interest Income": 5400000.0,
        "Normalized Income": 764642800.0,
        "Net Income From Continuing And Discontinued Operation": 755300000.0,
        "Total Expenses": 4275900000.0,
        "Total Operating Income As Reported": 1034200000.0,
        "Diluted Average Shares": 228700000.0,
        "Basic Average Shares": 225900000.0,
        "Diluted EPS": 3.3,
        "Basic EPS": 3.343515,
        "Diluted NI Availto Com Stockholders": 755300000.0,
        "Net Income Common Stockholders": 755300000.0,
        "Net Income": 755300000.0,
        "Minority Interests": -4600000.0,
        "Net Income Including Noncontrolling Interests": 759900000.0,
        "Net Income Discontinuous Operations": -6900000.0,
        "Net Income Continuous Operations": 766800000.0,
        "Tax Provision": 205800000.0,
        "Pretax Income": 972600000.0,
        "Other Income Expense": -6800000.0,
        "Other Non Operating Income Expenses": -3700000.0,
        "Gain On Sale Of Security": -3100000.0,
        "Net Non Operating Interest Income Expense": -52100000.0,
        "Interest Expense Non Operating": 57500000.0,
        "Interest Income Non Operating": 5400000.0,
        "Operating Income": 1031500000.0,
        "Operating Expense": 904000000.0,
        "Selling General And Administration": 904000000.0,
        "General And Administrative Expense": 904000000.0,
        "Other Gand A": 901300000.0,
        "Salaries And Wages": 2700000.0,
        "Gross Profit": 1935500000.0,
        "Cost Of Revenue": 3371900000.0,
        "Total Revenue": 5307400000.0,
        "Operating Revenue": 5307400000.0
    },
    "2024-09-30": {
        "Tax Effect Of Unusual Items": -542300.0,
        "Tax Rate For Calcs": 0.187,
        "Normalized EBITDA": 1128800000.0,
        "Total Unusual Items": -2900000.0,
        "Total Unusual Items Excluding Goodwill": -2900000.0,
        "Net Income From Continuing Operation Net Minority Interest": 780900000.0,
        "Reconciled Depreciation": 95000000.0,
        "Reconciled Cost Of Revenue": 3466800000.0,
        "EBITDA": 1125900000.0,
        "EBIT": 1030900000.0,
        "Net Interest Income": -47700000.0,
        "Interest Expense": 63000000.0,
        "Interest Income": 15300000.0,
        "Normalized Income": 783257700.0,
        "Net Income From Continuing And Discontinued Operation": 772000000.0,
        "Total Expenses": 4416600000.0,
        "Total Operating Income As Reported": 1024600000.0,
        "Diluted Average Shares": 228000000.0,
        "Basic Average Shares": 225200000.0,
        "Diluted EPS": 3.39,
        "Basic EPS": 3.428064,
        "Diluted NI Availto Com Stockholders": 772000000.0,
        "Net Income Common Stockholders": 772000000.0,
        "Net Income": 772000000.0,
        "Minority Interests": -5900000.0,
        "Net Income Including Noncontrolling Interests": 777900000.0,
        "Net Income Discontinuous Operations": -8900000.0,
        "Net Income Continuous Operations": 786800000.0,
        "Tax Provision": 181100000.0,
        "Pretax Income": 967900000.0,
        "Other Income Expense": -9000000.0,
        "Other Non Operating Income Expenses": -6100000.0,
        "Gain On Sale Of Security": -2900000.0,
        "Net Non Operating Interest Income Expense": -47700000.0,
        "Interest Expense Non Operating": 63000000.0,
        "Interest Income Non Operating": 15300000.0,
        "Operating Income": 1024600000.0,
        "Operating Expense": 949800000.0,
        "Selling General And Administration": 949800000.0,
        "General And Administrative Expense": NaN,
        "Other Gand A": NaN,
        "Salaries And Wages": NaN,
        "Gross Profit": 1974400000.0,
        "Cost Of Revenue": 3466800000.0,
        "Total Revenue": 5441200000.0,
        "Operating Revenue": 5441200000.0
    },
    "2024-12-31": {
        "Tax Effect Of Unusual Items": -757074.340528,
        "Tax Rate For Calcs": 0.180256,
        "Normalized EBITDA": 911400000.0,
        "Total Unusual Items": -4200000.0,
        "Total Unusual Items Excluding Goodwill": -4200000.0,
        "Net Income From Continuing Operation Net Minority Interest": 607700000.0,
        "Reconciled Depreciation": 96700000.0,
        "Reconciled Cost Of Revenue": 3163200000.0,
        "EBITDA": 907200000.0,
        "EBIT": 810500000.0,
        "Net Interest Income": -48400000.0,
        "Interest Expense": 59900000.0,
        "Interest Income": 11500000.0,
        "Normalized Income": 611142925.659472,
        "Net Income From Continuing And Discontinued Operation": 604300000.0,
        "Total Expenses": 4066400000.0,
        "Total Operating Income As Reported": 807600000.0,
        "Diluted Average Shares": 227300000.0,
        "Basic Average Shares": 224473947.0,
        "Diluted EPS": 2.66,
        "Basic EPS": 2.692072,
        "Diluted NI Availto Com Stockholders": 604300000.0,
        "Net Income Common Stockholders": 604300000.0,
        "Net Income": 604300000.0,
        "Minority Interests": -7600000.0,
        "Net Income Including Noncontrolling Interests": 611900000.0,
        "Net Income Discontinuous Operations": -3400000.0,
        "Net Income Continuous Operations": 615300000.0,
        "Tax Provision": 135300000.0,
        "Pretax Income": 750600000.0,
        "Other Income Expense": -8600000.0,
        "Other Non Operating Income Expenses": -4400000.0,
        "Gain On Sale Of Security": -4200000.0,
        "Net Non Operating Interest Income Expense": -48400000.0,
        "Interest Expense Non Operating": 59900000.0,
        "Interest Income Non Operating": 11500000.0,
        "Operating Income": 807600000.0,
        "Operating Expense": 903200000.0,
        "Selling General And Administration": 903200000.0,
        "General And Administrative Expense": NaN,
        "Other Gand A": NaN,
        "Salaries And Wages": NaN,
        "Gross Profit": 1710800000.0,
        "Cost Of Revenue": 3163200000.0,
        "Total Revenue": 4874000000.0,
        "Operating Revenue": 4874000000.0
    }
}