{
    "2023-03-31": {
        "Tax Effect Of Unusual Items": 0.0,
        "Tax Rate For Calcs": 0.0,
        "Normalized EBITDA": -1654000.0,
        "Total Unusual Items": NaN,
        "Total Unusual Items Excluding Goodwill": NaN,
        "Net Income From Continuing Operation Net Minority Interest": -1675000.0,
        "Reconciled Depreciation": 43000.0,
        "Reconciled Cost Of Revenue": NaN,
        "EBITDA": -1654000.0,
        "EBIT": -1697000.0,
        "Net Interest Income": 22000.0,
        "Interest Income": 22000.0,
        "Normalized Income": -1675000.0,
        "Net Income From Continuing And Discontinued Operation": -1675000.0,
        "Total Expenses": 1697000.0,
        "Total Operating Income As Reported": -1697000.0,
        "Diluted NI Availto Com Stockholders": -1675000.0,
        "Net Income Common Stockholders": -1675000.0,
        "Net Income": -1675000.0,
        "Net Income Including Noncontrolling Interests": -1675000.0,
        "Net Income Continuous Operations": -1675000.0,
        "Pretax Income": -1675000.0,
        "Other Income Expense": NaN,
        "Other Non Operating Income Expenses": NaN,
        "Special Income Charges": NaN,
        "Gain On Sale Of Ppe": NaN,
        "Net Non Operating Interest Income Expense": 22000.0,
        "Total Other Finance Cost": NaN,
        "Interest Income Non Operating": 22000.0,
        "Operating Income": -1697000.0,
        "Operating Expense": 1697000.0,
        "Other Operating Expenses": -98000.0,
        "Research And Development": 561000.0,
        "Selling General And Administration": 1234000.0,
        "General And Administrative Expense": 1234000.0,
        "Other Gand A": 1234000.0,
        "Gross Profit": NaN,
        "Cost Of Revenue": NaN,
        "Total Revenue": 0.0,
        "Operating Revenue": 0.0
    },
    "2022-12-31": {
        "Tax Effect Of Unusual Items": 0.0,
        "Tax Rate For Calcs": 0.0,
        "Normalized EBITDA": -2566000.0,
        "Total Unusual Items": 0.0,
        "Total Unusual Items Excluding Goodwill": 0.0,
        "Net Income From Continuing Operation Net Minority Interest": -2566000.0,
        "Reconciled Depreciation": 45000.0,
        "Reconciled Cost Of Revenue": 0.0,
        "EBITDA": -2566000.0,
        "EBIT": -2611000.0,
        "Net Interest Income": 27000.0,
        "Interest Income": NaN,
        "Normalized Income": -2566000.0,
        "Net Income From Continuing And Discontinued Operation": -2566000.0,
        "Total Expenses": 2662000.0,
        "Total Operating Income As Reported": -2611000.0,
        "Diluted NI Availto Com Stockholders": -2566000.0,
        "Net Income Common Stockholders": -2566000.0,
        "Net Income": -2566000.0,
        "Net Income Including Noncontrolling Interests": -2566000.0,
        "Net Income Continuous Operations": -2566000.0,
        "Pretax Income": -2566000.0,
        "Other Income Expense": 18000.0,
        "Other Non Operating Income Expenses": 18000.0,
        "Special Income Charges": 0.0,
        "Gain On Sale Of Ppe": NaN,
        "Net Non Operating Interest Income Expense": 27000.0,
        "Total Other Finance Cost": NaN,
        "Interest Income Non Operating": NaN,
        "Operating Income": -2611000.0,
        "Operating Expense": 2662000.0,
        "Other Operating Expenses": -70000.0,
        "Research And Development": 1443000.0,
        "Selling General And Administration": 1289000.0,
        "General And Administrative Expense": 1289000.0,
        "Other Gand A": 1289000.0,
        "Gross Profit": 51000.0,
        "Cost Of Revenue": 0.0,
        "Total Revenue": 51000.0,
        "Operating Revenue": 51000.0
    },
    "2022-09-30": {
        "Tax Effect Of Unusual Items": 0.0,
        "Tax Rate For Calcs": 0.0,
        "Normalized EBITDA": -2595000.0,
        "Total Unusual Items": 0.0,
        "Total Unusual Items Excluding Goodwill": 0.0,
        "Net Income From Continuing Operation Net Minority Interest": -2638000.0,
        "Reconciled Depreciation": 48000.0,
        "Reconciled Cost Of Revenue": 0.0,
        "EBITDA": -2595000.0,
        "EBIT": -2643000.0,
        "Net Interest Income": 21000.0,
        "Interest Income": NaN,
        "Normalized Income": -2638000.0,
        "Net Income From Continuing And Discontinued Operation": -2638000.0,
        "Total Expenses": 2647000.0,
        "Total Operating Income As Reported": -2643000.0,
        "Diluted Average Shares": 14629000.0,
        "Basic Average Shares": 14629000.0,
        "Diluted EPS": -0.18,
        "Basic EPS": -0.18,
        "Diluted NI Availto Com Stockholders": -2638000.0,
        "Net Income Common Stockholders": -2638000.0,
        "Net Income": -2638000.0,
        "Net Income Including Noncontrolling Interests": -2638000.0,
        "Net Income Continuous Operations": -2638000.0,
        "Pretax Income": -2638000.0,
        "Other Income Expense": -16000.0,
        "Other Non Operating Income Expenses": -16000.0,
        "Special Income Charges": 0.0,
        "Gain On Sale Of Ppe": NaN,
        "Net Non Operating Interest Income Expense": 21000.0,
        "Total Other Finance Cost": -21000.0,
        "Interest Income Non Operating": NaN,
        "Operating Income": -2643000.0,
        "Operating Expense": 2647000.0,
        "Other Operating Expenses": -91000.0,
        "Research And Development": 932000.0,
        "Selling General And Administration": 1806000.0,
        "General And Administrative Expense": 1806000.0,
        "Other Gand A": 1806000.0,
        "Gross Profit": 4000.0,
        "Cost Of Revenue": 0.0,
        "Total Revenue": 4000.0,
        "Operating Revenue": 4000.0
    },
    "2022-06-30": {
        "Tax Effect Of Unusual Items": 0.0,
        "Tax Rate For Calcs": 0.0,
        "Normalized EBITDA": -2391000.0,
        "Total Unusual Items": 0.0,
        "Total Unusual Items Excluding Goodwill": 0.0,
        "Net Income From Continuing Operation Net Minority Interest": -2462000.0,
        "Reconciled Depreciation": 51000.0,
        "Reconciled Cost Of Revenue": 0.0,
        "EBITDA": -2391000.0,
        "EBIT": -2442000.0,
        "Net Interest Income": 5000.0,
        "Interest Income": NaN,
        "Normalized Income": -2462000.0,
        "Net Income From Continuing And Discontinued Operation": -2462000.0,
        "Total Expenses": 2592000.0,
        "Total Operating Income As Reported": -2442000.0,
        "Diluted Average Shares": 13692000.0,
        "Basic Average Shares": 13692000.0,
        "Diluted EPS": -0.18,
        "Basic EPS": -0.18,
        "Diluted NI Availto Com Stockholders": -2462000.0,
        "Net Income Common Stockholders": -2462000.0,
        "Net Income": -2462000.0,
        "Net Income Including Noncontrolling Interests": -2462000.0,
        "Net Income Continuous Operations": -2462000.0,
        "Pretax Income": -2462000.0,
        "Other Income Expense": -25000.0,
        "Other Non Operating Income Expenses": -25000.0,
        "Special Income Charges": 0.0,
        "Net Non Operating Interest Income Expense": 5000.0,
        "Total Other Finance Cost": -5000.0,
        "Interest Income Non Operating": NaN,
        "Operating Income": -2442000.0,
        "Operating Expense": 2592000.0,
        "Other Operating Expenses": NaN,
        "Research And Development": 974000.0,
        "Selling General And Administration": 1618000.0,
        "General And Administrative Expense": 1618000.0,
        "Other Gand A": 1618000.0,
        "Gross Profit": 150000.0,
        "Cost Of Revenue": 0.0,
        "Total Revenue": 150000.0,
        "Operating Revenue": 3000.0
    },
    "2022-03-31": {
        "Diluted EPS": -0.24,
        "Total Revenue": 0,
        "Gross Profit": 0,
        "Operating Income": -3,
        "EBIT": -2,
        "Net Income": -3
    },
    "2021-12-31": {
        "Diluted EPS": -0.26,
        "Total Revenue": 0,
        "Gross Profit": 0,
        "Operating Income": -2,
        "EBIT": -2,
        "Net Income": -3
    },
    "2021-09-30": {
        "Diluted EPS": -0.19,
        "Total Revenue": 0,
        "Gross Profit": 0,
        "Operating Income": -2,
        "EBIT": -2,
        "Net Income": -2
    },
    "2021-06-30": {
        "Diluted EPS": -0.17,
        "Total Revenue": 0,
        "Gross Profit": 0,
        "Operating Income": -2,
        "EBIT": -2,
        "Net Income": -2
    },
    "2021-03-31": {
        "Diluted EPS": -0.28,
        "Total Revenue": 1,
        "Gross Profit": 1,
        "Operating Income": -3,
        "EBIT": -3,
        "Net Income": -3
    },
    "2020-12-31": {
        "Diluted EPS": 0.19,
        "Total Revenue": 1,
        "Gross Profit": 1,
        "Operating Income": -3,
        "EBIT": -2,
        "Net Income": -3
    },
    "2020-09-30": {
        "Diluted EPS": -1.52,
        "Total Revenue": 1,
        "Gross Profit": 1,
        "Operating Income": -1,
        "EBIT": -1,
        "Net Income": -5
    },
    "2020-06-30": {
        "Diluted EPS": -1.47,
        "Total Revenue": 1,
        "Gross Profit": 1,
        "Operating Income": -2,
        "EBIT": -2,
        "Net Income": -5
    },
    "2020-03-31": {
        "Diluted EPS": -2.03,
        "Total Revenue": 1,
        "Gross Profit": 1,
        "Operating Income": -2,
        "EBIT": -2,
        "Net Income": -6
    },
    "2019-12-31": {
        "Diluted EPS": 5.54,
        "Total Revenue": 0,
        "Gross Profit": 0,
        "Operating Income": 5,
        "EBIT": 5,
        "Net Income": -4
    },
    "2019-09-30": {
        "Diluted EPS": -5.41,
        "Total Revenue": 1,
        "Gross Profit": 1,
        "Operating Income": -4,
        "EBIT": -4,
        "Net Income": -3
    },
    "2019-06-30": {
        "Diluted EPS": -11.41,
        "Total Revenue": 1,
        "Gross Profit": 0,
        "Operating Income": -5,
        "EBIT": -5,
        "Net Income": -5
    },
    "2019-03-31": {
        "Diluted EPS": -10.21,
        "Total Revenue": 1,
        "Gross Profit": 1,
        "Operating Income": -4,
        "EBIT": -4,
        "Net Income": -5
    },
    "2018-12-31": {
        "Diluted EPS": 0.3,
        "Total Revenue": 1,
        "Gross Profit": 1,
        "Operating Income": -3,
        "EBIT": -3,
        "Net Income": -4
    },
    "2018-09-30": {
        "Diluted EPS": -20.42,
        "Total Revenue": 2,
        "Gross Profit": 1,
        "Operating Income": -2,
        "EBIT": -2,
        "Net Income": -2
    },
    "2018-06-30": {
        "Diluted EPS": -7.51,
        "Total Revenue": 3,
        "Gross Profit": 3,
        "Operating Income": -1,
        "EBIT": -1,
        "Net Income": -1
    },
    "2018-03-31": {
        "Diluted EPS": -22.22,
        "Total Revenue": 1,
        "Gross Profit": 1,
        "Operating Income": -2,
        "EBIT": -2,
        "Net Income": -3
    },
    "2017-12-31": {
        "Diluted EPS": -31.25,
        "Total Revenue": 0,
        "Gross Profit": 0,
        "Operating Income": -3,
        "EBIT": -3,
        "Net Income": -4
    },
    "2017-09-30": {
        "Diluted EPS": -36.03,
        "Total Revenue": 0,
        "Gross Profit": 0,
        "Operating Income": -4,
        "EBIT": -4,
        "Net Income": -4
    },
    "2017-06-30": {
        "Diluted EPS": -30.63,
        "Total Revenue": 0,
        "Gross Profit": 0,
        "Operating Income": -4,
        "EBIT": -4,
        "Net Income": -3
    },
    "2017-03-31": {
        "Diluted EPS": -28.82,
        "Total Revenue": 0,
        "Gross Profit": 0,
        "Operating Income": -3,
        "EBIT": -3,
        "Net Income": -3
    },
    "2016-12-31": {
        "Diluted EPS": -25.21,
        "Total Revenue": 0,
        "Gross Profit": 0,
        "Operating Income": -3,
        "EBIT": -3,
        "Net Income": -2
    },
    "2016-09-30": {
        "Diluted EPS": -21.62,
        "Total Revenue": 0,
        "Gross Profit": 0,
        "Operating Income": -3,
        "EBIT": -3,
        "Net Income": -3
    },
    "2016-06-30": {
        "Diluted EPS": 99.08,
        "Total Revenue": 15,
        "Gross Profit": 15,
        "Operating Income": 12,
        "EBIT": 12,
        "Net Income": 12
    },
    "2016-03-31": {
        "Diluted EPS": -16.21,
        "Total Revenue": NaN,
        "Gross Profit": NaN,
        "Operating Income": -2,
        "EBIT": -2,
        "Net Income": -2
    },
    "2015-12-31": {
        "Diluted EPS": -21.62,
        "Total Revenue": NaN,
        "Gross Profit": NaN,
        "Operating Income": -2,
        "EBIT": -2,
        "Net Income": -2
    },
    "2015-09-30": {
        "Diluted EPS": -16.21,
        "Total Revenue": NaN,
        "Gross Profit": NaN,
        "Operating Income": -2,
        "EBIT": -2,
        "Net Income": -2
    },
    "2015-06-30": {
        "Diluted EPS": -19.82,
        "Total Revenue": 1,
        "Gross Profit": 1,
        "Operating Income": -1,
        "EBIT": -1,
        "Net Income": -2
    },
    "2015-03-31": {
        "Diluted EPS": -43.24,
        "Total Revenue": 1,
        "Gross Profit": 1,
        "Operating Income": -2,
        "EBIT": -2,
        "Net Income": -5
    },
    "2014-12-31": {
        "Diluted EPS": 2.71,
        "Total Revenue": 1,
        "Gross Profit": 1,
        "Operating Income": -1,
        "EBIT": -1,
        "Net Income": 0
    },
    "2014-09-30": {
        "Diluted EPS": -9.01,
        "Total Revenue": 1,
        "Gross Profit": 1,
        "Operating Income": -1,
        "EBIT": -1,
        "Net Income": 1
    },
    "2014-06-30": {
        "Diluted EPS": -9.91,
        "Total Revenue": 1,
        "Gross Profit": 1,
        "Operating Income": -1,
        "EBIT": 0,
        "Net Income": -1
    },
    "2014-03-31": {
        "Diluted EPS": -19.82,
        "Total Revenue": 1,
        "Gross Profit": 1,
        "Operating Income": -1,
        "EBIT": -1,
        "Net Income": -2
    },
    "2013-12-31": {
        "Diluted EPS": 26.11,
        "Total Revenue": 1,
        "Gross Profit": 1,
        "Operating Income": -1,
        "EBIT": -1,
        "Net Income": 0
    },
    "2013-09-30": {
        "Diluted EPS": 0.0,
        "Total Revenue": 2,
        "Gross Profit": 2,
        "Operating Income": 0,
        "EBIT": 0,
        "Net Income": -1
    },
    "2013-06-30": {
        "Diluted EPS": 0.0,
        "Total Revenue": 2,
        "Gross Profit": 2,
        "Operating Income": 0,
        "EBIT": 0,
        "Net Income": 5
    },
    "2013-03-31": {
        "Diluted EPS": 69.36,
        "Total Revenue": 5,
        "Gross Profit": 5,
        "Operating Income": 0,
        "EBIT": 0,
        "Net Income": 6
    },
    "2012-12-31": {
        "Diluted EPS": -9.91,
        "Total Revenue": 3,
        "Gross Profit": 3,
        "Operating Income": 0,
        "EBIT": 0,
        "Net Income": 0
    },
    "2012-09-30": {
        "Diluted EPS": -69.36,
        "Total Revenue": 1,
        "Gross Profit": 1,
        "Operating Income": -3,
        "EBIT": -3,
        "Net Income": -8
    },
    "2012-06-30": {
        "Diluted EPS": -59.45,
        "Total Revenue": 1,
        "Gross Profit": 1,
        "Operating Income": -2,
        "EBIT": -2,
        "Net Income": -2
    },
    "2012-03-31": {
        "Diluted EPS": -89.18,
        "Total Revenue": 1,
        "Gross Profit": 1,
        "Operating Income": -4,
        "EBIT": -4,
        "Net Income": -5
    },
    "2011-12-31": {
        "Diluted EPS": -69.36,
        "Total Revenue": 1,
        "Gross Profit": 1,
        "Operating Income": -1,
        "EBIT": -1,
        "Net Income": -3
    },
    "2011-09-30": {
        "Diluted EPS": -9.91,
        "Total Revenue": 1,
        "Gross Profit": 1,
        "Operating Income": -2,
        "EBIT": -1,
        "Net Income": -1
    },
    "2011-06-30": {
        "Diluted EPS": -118.91,
        "Total Revenue": 1,
        "Gross Profit": 1,
        "Operating Income": -4,
        "EBIT": -4,
        "Net Income": -7
    },
    "2011-03-31": {
        "Diluted EPS": -79.27,
        "Total Revenue": 1,
        "Gross Profit": 1,
        "Operating Income": -4,
        "EBIT": -3,
        "Net Income": -5
    },
    "2010-12-31": {
        "Diluted EPS": -39.64,
        "Total Revenue": 3,
        "Gross Profit": 3,
        "Operating Income": -4,
        "EBIT": -4,
        "Net Income": -3
    },
    "2010-09-30": {
        "Diluted EPS": -9.91,
        "Total Revenue": 4,
        "Gross Profit": 4,
        "Operating Income": 0,
        "EBIT": 0,
        "Net Income": 0
    },
    "2010-06-30": {
        "Diluted EPS": -29.73,
        "Total Revenue": 1,
        "Gross Profit": 1,
        "Operating Income": -2,
        "EBIT": -2,
        "Net Income": -2
    },
    "2010-03-31": {
        "Diluted EPS": -9.91,
        "Total Revenue": 2,
        "Gross Profit": 2,
        "Operating Income": 0,
        "EBIT": 0,
        "Net Income": 0
    },
    "2009-12-31": {
        "Diluted EPS": -19.82,
        "Total Revenue": 0,
        "Gross Profit": 0,
        "Operating Income": -1,
        "EBIT": -1,
        "Net Income": -1
    },
    "2009-09-30": {
        "Diluted EPS": -29.73,
        "Total Revenue": NaN,
        "Gross Profit": NaN,
        "Operating Income": -2,
        "EBIT": -2,
        "Net Income": -2
    },
    "2009-06-30": {
        "Diluted EPS": -29.73,
        "Total Revenue": 0,
        "Gross Profit": 0,
        "Operating Income": -2,
        "EBIT": -2,
        "Net Income": -2
    },
    "2009-03-31": {
        "Diluted EPS": -19.82,
        "Total Revenue": 0,
        "Gross Profit": 0,
        "Operating Income": -1,
        "EBIT": -1,
        "Net Income": -1
    },
    "2023-06-30": {
        "Tax Effect Of Unusual Items": 0.0,
        "Tax Rate For Calcs": 0.0,
        "Normalized EBITDA": -1549000.0,
        "Total Unusual Items": NaN,
        "Total Unusual Items Excluding Goodwill": NaN,
        "Net Income From Continuing Operation Net Minority Interest": -1586000.0,
        "Reconciled Depreciation": 39000.0,
        "Reconciled Cost Of Revenue": NaN,
        "EBITDA": -1549000.0,
        "EBIT": -1588000.0,
        "Net Interest Income": 7000.0,
        "Interest Income": 7000.0,
        "Normalized Income": -1586000.0,
        "Net Income From Continuing And Discontinued Operation": -1586000.0,
        "Total Expenses": 1589000.0,
        "Total Operating Income As Reported": -1588000.0,
        "Diluted NI Availto Com Stockholders": -1586000.0,
        "Net Income Common Stockholders": -1586000.0,
        "Net Income": -1586000.0,
        "Net Income Including Noncontrolling Interests": -1586000.0,
        "Net Income Continuous Operations": -1586000.0,
        "Pretax Income": -1586000.0,
        "Other Income Expense": -5000.0,
        "Other Non Operating Income Expenses": -5000.0,
        "Special Income Charges": NaN,
        "Gain On Sale Of Ppe": NaN,
        "Net Non Operating Interest Income Expense": 7000.0,
        "Total Other Finance Cost": NaN,
        "Interest Income Non Operating": 7000.0,
        "Operating Income": -1588000.0,
        "Operating Expense": 1589000.0,
        "Other Operating Expenses": -82000.0,
        "Research And Development": 442000.0,
        "Selling General And Administration": 1229000.0,
        "General And Administrative Expense": 1229000.0,
        "Other Gand A": 1229000.0,
        "Gross Profit": NaN,
        "Cost Of Revenue": NaN,
        "Total Revenue": 1000.0,
        "Operating Revenue": 1000.0
    },
    "2023-09-30": {
        "Tax Effect Of Unusual Items": 0.0,
        "Tax Rate For Calcs": 0.0,
        "Normalized EBITDA": -3766000.0,
        "Total Unusual Items": 1732000.0,
        "Total Unusual Items Excluding Goodwill": 1732000.0,
        "Net Income From Continuing Operation Net Minority Interest": -338000.0,
        "Reconciled Depreciation": 27000.0,
        "Reconciled Cost Of Revenue": NaN,
        "EBITDA": -2034000.0,
        "EBIT": -2061000.0,
        "Net Interest Income": -11000.0,
        "Interest Income": NaN,
        "Normalized Income": -2070000.0,
        "Net Income From Continuing And Discontinued Operation": -338000.0,
        "Total Expenses": 2061000.0,
        "Total Operating Income As Reported": -2061000.0,
        "Diluted NI Availto Com Stockholders": -338000.0,
        "Net Income Common Stockholders": -338000.0,
        "Net Income": -338000.0,
        "Net Income Including Noncontrolling Interests": -338000.0,
        "Net Income Continuous Operations": -338000.0,
        "Pretax Income": -338000.0,
        "Other Income Expense": 1734000.0,
        "Other Non Operating Income Expenses": 2000.0,
        "Special Income Charges": 1732000.0,
        "Gain On Sale Of Ppe": 1732000.0,
        "Net Non Operating Interest Income Expense": -11000.0,
        "Total Other Finance Cost": 11000.0,
        "Interest Income Non Operating": NaN,
        "Operating Income": -2061000.0,
        "Operating Expense": 2061000.0,
        "Other Operating Expenses": -4000.0,
        "Research And Development": 424000.0,
        "Selling General And Administration": 1641000.0,
        "General And Administrative Expense": 1641000.0,
        "Other Gand A": 1641000.0,
        "Gross Profit": NaN,
        "Cost Of Revenue": NaN,
        "Total Revenue": 0.0,
        "Operating Revenue": 0.0
    }
}