{
    "2023-03-31": {
        "Tax Effect Of Unusual Items": 2376000.0,
        "Tax Rate For Calcs": 0.198,
        "Normalized EBITDA": 1591000000.0,
        "Total Unusual Items": 12000000.0,
        "Total Unusual Items Excluding Goodwill": 12000000.0,
        "Net Income From Continuing Operation Net Minority Interest": 217000000.0,
        "Reconciled Depreciation": 1022000000.0,
        "Reconciled Cost Of Revenue": 1803000000.0,
        "EBITDA": 1603000000.0,
        "EBIT": 581000000.0,
        "Net Interest Income": -295000000.0,
        "Interest Expense": 302000000.0,
        "Interest Income": 7000000.0,
        "Normalized Income": 207376000.0,
        "Net Income From Continuing And Discontinued Operation": 217000000.0,
        "Total Expenses": 4364000000.0,
        "Total Operating Income As Reported": 599000000.0,
        "Diluted Average Shares": 1440000000.0,
        "Basic Average Shares": 1439000000.0,
        "Diluted EPS": 0.15,
        "Basic EPS": 0.15,
        "Diluted NI Availto Com Stockholders": 217000000.0,
        "Net Income Common Stockholders": 217000000.0,
        "Net Income": 217000000.0,
        "Minority Interests": -7000000.0,
        "Net Income Including Noncontrolling Interests": 224000000.0,
        "Net Income Continuous Operations": 224000000.0,
        "Tax Provision": 55000000.0,
        "Pretax Income": 279000000.0,
        "Other Income Expense": 13000000.0,
        "Other Non Operating Income Expenses": 1000000.0,
        "Special Income Charges": 38000000.0,
        "Restructuring And Mergern Acquisition": -38000000.0,
        "Gain On Sale Of Security": -26000000.0,
        "Net Non Operating Interest Income Expense": -295000000.0,
        "Interest Expense Non Operating": 302000000.0,
        "Interest Income Non Operating": 7000000.0,
        "Operating Income": 561000000.0,
        "Operating Expense": 2561000000.0,
        "Other Operating Expenses": -1000000.0,
        "Depreciation Amortization Depletion Income Statement": 1022000000.0,
        "Depreciation And Amortization In Income Statement": 1022000000.0,
        "Amortization": 382000000.0,
        "Amortization Of Intangibles Income Statement": 382000000.0,
        "Depreciation Income Statement": 640000000.0,
        "Selling General And Administration": 1540000000.0,
        "General And Administrative Expense": 1540000000.0,
        "Salaries And Wages": 1540000000.0,
        "Gross Profit": 3122000000.0,
        "Cost Of Revenue": 1803000000.0,
        "Total Revenue": 4925000000.0,
        "Operating Revenue": 4925000000.0
    },
    "2022-12-31": {
        "Tax Effect Of Unusual Items": NaN,
        "Tax Rate For Calcs": NaN,
        "Normalized EBITDA": NaN,
        "Total Unusual Items": NaN,
        "Total Unusual Items Excluding Goodwill": NaN,
        "Net Income From Continuing Operation Net Minority Interest": NaN,
        "Reconciled Depreciation": NaN,
        "Reconciled Cost Of Revenue": NaN,
        "EBITDA": NaN,
        "EBIT": NaN,
        "Net Interest Income": NaN,
        "Interest Expense": NaN,
        "Interest Income": NaN,
        "Normalized Income": NaN,
        "Net Income From Continuing And Discontinued Operation": NaN,
        "Total Expenses": NaN,
        "Total Operating Income As Reported": NaN,
        "Diluted Average Shares": NaN,
        "Basic Average Shares": NaN,
        "Diluted EPS": NaN,
        "Basic EPS": NaN,
        "Diluted NI Availto Com Stockholders": NaN,
        "Net Income Common Stockholders": NaN,
        "Net Income": NaN,
        "Minority Interests": NaN,
        "Net Income Including Noncontrolling Interests": NaN,
        "Net Income Continuous Operations": NaN,
        "Tax Provision": NaN,
        "Pretax Income": NaN,
        "Other Income Expense": NaN,
        "Other Non Operating Income Expenses": NaN,
        "Special Income Charges": NaN,
        "Restructuring And Mergern Acquisition": NaN,
        "Gain On Sale Of Security": NaN,
        "Net Non Operating Interest Income Expense": NaN,
        "Interest Expense Non Operating": NaN,
        "Interest Income Non Operating": NaN,
        "Operating Income": NaN,
        "Operating Expense": NaN,
        "Other Operating Expenses": -3000000.0,
        "Depreciation Amortization Depletion Income Statement": NaN,
        "Depreciation And Amortization In Income Statement": NaN,
        "Amortization": NaN,
        "Amortization Of Intangibles Income Statement": NaN,
        "Depreciation Income Statement": NaN,
        "Selling General And Administration": NaN,
        "General And Administrative Expense": NaN,
        "Salaries And Wages": NaN,
        "Gross Profit": NaN,
        "Cost Of Revenue": NaN,
        "Total Revenue": NaN,
        "Operating Revenue": NaN
    },
    "2022-09-30": {
        "Tax Effect Of Unusual Items": NaN,
        "Tax Rate For Calcs": NaN,
        "Normalized EBITDA": NaN,
        "Total Unusual Items": NaN,
        "Total Unusual Items Excluding Goodwill": NaN,
        "Net Income From Continuing Operation Net Minority Interest": NaN,
        "Reconciled Depreciation": NaN,
        "Reconciled Cost Of Revenue": NaN,
        "EBITDA": NaN,
        "EBIT": NaN,
        "Net Interest Income": NaN,
        "Interest Expense": NaN,
        "Interest Income": NaN,
        "Normalized Income": NaN,
        "Net Income From Continuing And Discontinued Operation": NaN,
        "Total Expenses": NaN,
        "Total Operating Income As Reported": NaN,
        "Diluted Average Shares": 1405000000.0,
        "Basic Average Shares": 1398000000.0,
        "Diluted EPS": 0.37,
        "Basic EPS": 0.37,
        "Diluted NI Availto Com Stockholders": NaN,
        "Net Income Common Stockholders": NaN,
        "Net Income": NaN,
        "Minority Interests": NaN,
        "Net Income Including Noncontrolling Interests": NaN,
        "Net Income Continuous Operations": NaN,
        "Tax Provision": NaN,
        "Pretax Income": NaN,
        "Other Income Expense": NaN,
        "Other Non Operating Income Expenses": NaN,
        "Special Income Charges": NaN,
        "Restructuring And Mergern Acquisition": NaN,
        "Gain On Sale Of Security": NaN,
        "Net Non Operating Interest Income Expense": NaN,
        "Interest Expense Non Operating": NaN,
        "Interest Income Non Operating": NaN,
        "Operating Income": NaN,
        "Operating Expense": NaN,
        "Other Operating Expenses": NaN,
        "Depreciation Amortization Depletion Income Statement": NaN,
        "Depreciation And Amortization In Income Statement": NaN,
        "Amortization": NaN,
        "Amortization Of Intangibles Income Statement": NaN,
        "Depreciation Income Statement": NaN,
        "Selling General And Administration": NaN,
        "General And Administrative Expense": NaN,
        "Salaries And Wages": NaN,
        "Gross Profit": NaN,
        "Cost Of Revenue": NaN,
        "Total Revenue": NaN,
        "Operating Revenue": NaN
    },
    "2022-06-30": {
        "Tax Effect Of Unusual Items": 30750000.0,
        "Tax Rate For Calcs": 0.25,
        "Normalized EBITDA": 1567000000.0,
        "Total Unusual Items": 123000000.0,
        "Total Unusual Items Excluding Goodwill": 123000000.0,
        "Net Income From Continuing Operation Net Minority Interest": 468000000.0,
        "Reconciled Depreciation": 831000000.0,
        "Reconciled Cost Of Revenue": 1637000000.0,
        "EBITDA": 1690000000.0,
        "EBIT": 859000000.0,
        "Net Interest Income": -194000000.0,
        "Interest Expense": 194000000.0,
        "Interest Income": 0.0,
        "Normalized Income": 375750000.0,
        "Net Income From Continuing And Discontinued Operation": 468000000.0,
        "Total Expenses": 3639000000.0,
        "Total Operating Income As Reported": 762000000.0,
        "Diluted Average Shares": 1387000000.0,
        "Basic Average Shares": 1381000000.0,
        "Diluted EPS": 0.34,
        "Basic EPS": 0.34,
        "Diluted NI Availto Com Stockholders": 468000000.0,
        "Net Income Common Stockholders": 468000000.0,
        "Net Income": 468000000.0,
        "Minority Interests": -30000000.0,
        "Net Income Including Noncontrolling Interests": 498000000.0,
        "Net Income Continuous Operations": 498000000.0,
        "Tax Provision": 167000000.0,
        "Pretax Income": 665000000.0,
        "Other Income Expense": 125000000.0,
        "Other Non Operating Income Expenses": 2000000.0,
        "Special Income Charges": 23000000.0,
        "Restructuring And Mergern Acquisition": -23000000.0,
        "Gain On Sale Of Security": 100000000.0,
        "Net Non Operating Interest Income Expense": -194000000.0,
        "Interest Expense Non Operating": 194000000.0,
        "Interest Income Non Operating": 0.0,
        "Operating Income": 734000000.0,
        "Operating Expense": 2002000000.0,
        "Other Operating Expenses": NaN,
        "Depreciation Amortization Depletion Income Statement": 831000000.0,
        "Depreciation And Amortization In Income Statement": 831000000.0,
        "Amortization": 295000000.0,
        "Amortization Of Intangibles Income Statement": 295000000.0,
        "Depreciation Income Statement": 536000000.0,
        "Selling General And Administration": 1171000000.0,
        "General And Administrative Expense": 1171000000.0,
        "Salaries And Wages": 1171000000.0,
        "Gross Profit": 2736000000.0,
        "Cost Of Revenue": 1637000000.0,
        "Total Revenue": 4373000000.0,
        "Operating Revenue": 4373000000.0
    },
    "2023-06-30": {
        "Tax Effect Of Unusual Items": -1944000.0,
        "Tax Rate For Calcs": 0.243,
        "Normalized EBITDA": 1591000000.0,
        "Total Unusual Items": -8000000.0,
        "Total Unusual Items Excluding Goodwill": -8000000.0,
        "Net Income From Continuing Operation Net Minority Interest": 200000000.0,
        "Reconciled Depreciation": 1006000000.0,
        "Reconciled Cost Of Revenue": 1790000000.0,
        "EBITDA": 1583000000.0,
        "EBIT": 577000000.0,
        "Net Interest Income": -314000000.0,
        "Interest Expense": 318000000.0,
        "Interest Income": 4000000.0,
        "Normalized Income": 206056000.0,
        "Net Income From Continuing And Discontinued Operation": 200000000.0,
        "Total Expenses": 4355000000.0,
        "Total Operating Income As Reported": 582000000.0,
        "Diluted Average Shares": 1452000000.0,
        "Basic Average Shares": 1447000000.0,
        "Diluted EPS": 0.14,
        "Basic EPS": 0.14,
        "Diluted NI Availto Com Stockholders": 200000000.0,
        "Net Income Common Stockholders": 200000000.0,
        "Net Income": 200000000.0,
        "Minority Interests": 4000000.0,
        "Net Income Including Noncontrolling Interests": 196000000.0,
        "Net Income Continuous Operations": 196000000.0,
        "Tax Provision": 63000000.0,
        "Pretax Income": 259000000.0,
        "Other Income Expense": -6000000.0,
        "Other Non Operating Income Expenses": 2000000.0,
        "Special Income Charges": 3000000.0,
        "Restructuring And Mergern Acquisition": -3000000.0,
        "Gain On Sale Of Security": -11000000.0,
        "Net Non Operating Interest Income Expense": -314000000.0,
        "Interest Expense Non Operating": 318000000.0,
        "Interest Income Non Operating": 4000000.0,
        "Operating Income": 579000000.0,
        "Operating Expense": 2565000000.0,
        "Other Operating Expenses": -9000000.0,
        "Depreciation Amortization Depletion Income Statement": 1006000000.0,
        "Depreciation And Amortization In Income Statement": 1006000000.0,
        "Amortization": 408000000.0,
        "Amortization Of Intangibles Income Statement": 408000000.0,
        "Depreciation Income Statement": 598000000.0,
        "Selling General And Administration": 1568000000.0,
        "General And Administrative Expense": 1568000000.0,
        "Salaries And Wages": 1568000000.0,
        "Gross Profit": 3144000000.0,
        "Cost Of Revenue": 1790000000.0,
        "Total Revenue": 4934000000.0,
        "Operating Revenue": 4934000000.0
    },
    "2023-09-30": {
        "Tax Effect Of Unusual Items": -1187878.787879,
        "Tax Rate For Calcs": 0.169697,
        "Normalized EBITDA": 1507000000.0,
        "Total Unusual Items": -7000000.0,
        "Total Unusual Items Excluding Goodwill": -7000000.0,
        "Net Income From Continuing Operation Net Minority Interest": 136000000.0,
        "Reconciled Depreciation": 1000000000.0,
        "Reconciled Cost Of Revenue": 1858000000.0,
        "EBITDA": 1500000000.0,
        "EBIT": 500000000.0,
        "Net Interest Income": -330000000.0,
        "Interest Expense": 335000000.0,
        "Interest Income": 5000000.0,
        "Normalized Income": 141812121.212121,
        "Net Income From Continuing And Discontinued Operation": 136000000.0,
        "Total Expenses": 4489000000.0,
        "Total Operating Income As Reported": 517000000.0,
        "Diluted Average Shares": 1459000000.0,
        "Basic Average Shares": 1454000000.0,
        "Diluted EPS": 0.09,
        "Basic EPS": 0.09,
        "Diluted NI Availto Com Stockholders": 136000000.0,
        "Net Income Common Stockholders": 136000000.0,
        "Net Income": 136000000.0,
        "Minority Interests": -1000000.0,
        "Net Income Including Noncontrolling Interests": 137000000.0,
        "Net Income Continuous Operations": 137000000.0,
        "Tax Provision": 28000000.0,
        "Pretax Income": 165000000.0,
        "Other Income Expense": -6000000.0,
        "Other Non Operating Income Expenses": 1000000.0,
        "Special Income Charges": 1000000.0,
        "Restructuring And Mergern Acquisition": -1000000.0,
        "Gain On Sale Of Security": -8000000.0,
        "Net Non Operating Interest Income Expense": -330000000.0,
        "Interest Expense Non Operating": 335000000.0,
        "Interest Income Non Operating": 5000000.0,
        "Operating Income": 501000000.0,
        "Operating Expense": 2631000000.0,
        "Other Operating Expenses": -2000000.0,
        "Depreciation Amortization Depletion Income Statement": 1000000000.0,
        "Depreciation And Amortization In Income Statement": 1000000000.0,
        "Amortization": 389000000.0,
        "Amortization Of Intangibles Income Statement": 389000000.0,
        "Depreciation Income Statement": 611000000.0,
        "Selling General And Administration": 1633000000.0,
        "General And Administrative Expense": 1633000000.0,
        "Salaries And Wages": 1633000000.0,
        "Gross Profit": 3132000000.0,
        "Cost Of Revenue": 1858000000.0,
        "Total Revenue": 4990000000.0,
        "Operating Revenue": 4990000000.0
    },
    "2023-12-31": {
        "Tax Effect Of Unusual Items": 17129533.678756,
        "Tax Rate For Calcs": 0.196891,
        "Normalized EBITDA": 1678000000.0,
        "Total Unusual Items": 87000000.0,
        "Total Unusual Items Excluding Goodwill": 87000000.0,
        "Net Income From Continuing Operation Net Minority Interest": 288000000.0,
        "Reconciled Depreciation": 1041000000.0,
        "Reconciled Cost Of Revenue": 2086000000.0,
        "EBITDA": 1765000000.0,
        "EBIT": 724000000.0,
        "Net Interest Income": -325000000.0,
        "Interest Expense": 338000000.0,
        "Interest Income": 13000000.0,
        "Normalized Income": 218129533.678756,
        "Net Income From Continuing And Discontinued Operation": 288000000.0,
        "Total Expenses": 4533000000.0,
        "Total Operating Income As Reported": 664000000.0,
        "Diluted Average Shares": NaN,
        "Basic Average Shares": NaN,
        "Diluted EPS": NaN,
        "Basic EPS": NaN,
        "Diluted NI Availto Com Stockholders": 288000000.0,
        "Net Income Common Stockholders": 288000000.0,
        "Net Income": 288000000.0,
        "Minority Interests": -22000000.0,
        "Net Income Including Noncontrolling Interests": 310000000.0,
        "Net Income Continuous Operations": 310000000.0,
        "Tax Provision": 76000000.0,
        "Pretax Income": 386000000.0,
        "Other Income Expense": 88000000.0,
        "Other Non Operating Income Expenses": 1000000.0,
        "Special Income Charges": 26000000.0,
        "Restructuring And Mergern Acquisition": -26000000.0,
        "Gain On Sale Of Security": 61000000.0,
        "Net Non Operating Interest Income Expense": -325000000.0,
        "Interest Expense Non Operating": 338000000.0,
        "Interest Income Non Operating": 13000000.0,
        "Operating Income": 623000000.0,
        "Operating Expense": 2447000000.0,
        "Other Operating Expenses": -1000000.0,
        "Depreciation Amortization Depletion Income Statement": 1041000000.0,
        "Depreciation And Amortization In Income Statement": 1041000000.0,
        "Amortization": 376000000.0,
        "Amortization Of Intangibles Income Statement": 376000000.0,
        "Depreciation Income Statement": 665000000.0,
        "Selling General And Administration": 1407000000.0,
        "General And Administrative Expense": 1407000000.0,
        "Salaries And Wages": 1407000000.0,
        "Gross Profit": 3070000000.0,
        "Cost Of Revenue": 2086000000.0,
        "Total Revenue": 5156000000.0,
        "Operating Revenue": 5156000000.0
    },
    "2024-03-31": {
        "Tax Effect Of Unusual Items": 1374000.0,
        "Tax Rate For Calcs": 0.229,
        "Normalized EBITDA": 1586000000.0,
        "Total Unusual Items": 6000000.0,
        "Total Unusual Items Excluding Goodwill": 6000000.0,
        "Net Income From Continuing Operation Net Minority Interest": 127000000.0,
        "Reconciled Depreciation": 1063000000.0,
        "Reconciled Cost Of Revenue": 1810000000.0,
        "EBITDA": 1592000000.0,
        "EBIT": 529000000.0,
        "Net Interest Income": -335000000.0,
        "Interest Expense": 348000000.0,
        "Interest Income": 13000000.0,
        "Normalized Income": 122374000.0,
        "Net Income From Continuing And Discontinued Operation": 127000000.0,
        "Total Expenses": 4357000000.0,
        "Total Operating Income As Reported": 575000000.0,
        "Diluted Average Shares": 1478000000.0,
        "Basic Average Shares": 1476000000.0,
        "Diluted EPS": 0.09,
        "Basic EPS": 0.09,
        "Diluted NI Availto Com Stockholders": 127000000.0,
        "Net Income Common Stockholders": 127000000.0,
        "Net Income": 127000000.0,
        "Minority Interests": -13000000.0,
        "Net Income Including Noncontrolling Interests": 140000000.0,
        "Net Income Continuous Operations": 140000000.0,
        "Tax Provision": 41000000.0,
        "Pretax Income": 181000000.0,
        "Other Income Expense": 7000000.0,
        "Other Non Operating Income Expenses": 1000000.0,
        "Special Income Charges": 39000000.0,
        "Restructuring And Mergern Acquisition": -39000000.0,
        "Gain On Sale Of Security": -33000000.0,
        "Net Non Operating Interest Income Expense": -335000000.0,
        "Interest Expense Non Operating": 348000000.0,
        "Interest Income Non Operating": 13000000.0,
        "Operating Income": 509000000.0,
        "Operating Expense": 2547000000.0,
        "Other Operating Expenses": NaN,
        "Depreciation Amortization Depletion Income Statement": 1063000000.0,
        "Depreciation And Amortization In Income Statement": 1063000000.0,
        "Amortization": 373000000.0,
        "Amortization Of Intangibles Income Statement": 373000000.0,
        "Depreciation Income Statement": 690000000.0,
        "Selling General And Administration": 1484000000.0,
        "General And Administrative Expense": 1484000000.0,
        "Salaries And Wages": 1484000000.0,
        "Gross Profit": 3056000000.0,
        "Cost Of Revenue": 1810000000.0,
        "Total Revenue": 4866000000.0,
        "Operating Revenue": 4866000000.0
    }
}