{
    "2023-06-30": {
        "Tax Effect Of Unusual Items": NaN,
        "Tax Rate For Calcs": NaN,
        "Normalized EBITDA": NaN,
        "Total Unusual Items": NaN,
        "Total Unusual Items Excluding Goodwill": NaN,
        "Net Income From Continuing Operation Net Minority Interest": NaN,
        "Reconciled Depreciation": 5354735000.0,
        "Reconciled Cost Of Revenue": NaN,
        "EBITDA": NaN,
        "EBIT": NaN,
        "Net Interest Income": NaN,
        "Interest Expense": NaN,
        "Interest Income": NaN,
        "Normalized Income": NaN,
        "Net Income From Continuing And Discontinued Operation": NaN,
        "Total Expenses": NaN,
        "Total Operating Income As Reported": NaN,
        "Diluted Average Shares": NaN,
        "Basic Average Shares": NaN,
        "Diluted EPS": NaN,
        "Basic EPS": NaN,
        "Diluted NI Availto Com Stockholders": NaN,
        "Net Income Common Stockholders": NaN,
        "Net Income": NaN,
        "Minority Interests": NaN,
        "Net Income Including Noncontrolling Interests": NaN,
        "Net Income Discontinuous Operations": NaN,
        "Net Income Continuous Operations": NaN,
        "Tax Provision": NaN,
        "Pretax Income": NaN,
        "Other Income Expense": NaN,
        "Other Non Operating Income Expenses": NaN,
        "Special Income Charges": NaN,
        "Gain On Sale Of Ppe": NaN,
        "Gain On Sale Of Business": NaN,
        "Other Special Charges": NaN,
        "Impairment Of Capital Assets": NaN,
        "Restructuring And Mergern Acquisition": NaN,
        "Earnings From Equity Interest": NaN,
        "Gain On Sale Of Security": NaN,
        "Net Non Operating Interest Income Expense": NaN,
        "Total Other Finance Cost": NaN,
        "Interest Expense Non Operating": NaN,
        "Interest Income Non Operating": NaN,
        "Operating Income": NaN,
        "Operating Expense": NaN,
        "Selling General And Administration": NaN,
        "Selling And Marketing Expense": NaN,
        "General And Administrative Expense": NaN,
        "Other Gand A": NaN,
        "Gross Profit": NaN,
        "Cost Of Revenue": NaN,
        "Total Revenue": NaN,
        "Operating Revenue": NaN
    },
    "2023-03-31": {
        "Tax Effect Of Unusual Items": NaN,
        "Tax Rate For Calcs": NaN,
        "Normalized EBITDA": NaN,
        "Total Unusual Items": NaN,
        "Total Unusual Items Excluding Goodwill": NaN,
        "Net Income From Continuing Operation Net Minority Interest": NaN,
        "Reconciled Depreciation": 5311659000.0,
        "Reconciled Cost Of Revenue": NaN,
        "EBITDA": NaN,
        "EBIT": NaN,
        "Net Interest Income": NaN,
        "Interest Expense": NaN,
        "Interest Income": NaN,
        "Normalized Income": NaN,
        "Net Income From Continuing And Discontinued Operation": NaN,
        "Total Expenses": NaN,
        "Total Operating Income As Reported": NaN,
        "Diluted Average Shares": NaN,
        "Basic Average Shares": NaN,
        "Diluted EPS": NaN,
        "Basic EPS": NaN,
        "Diluted NI Availto Com Stockholders": NaN,
        "Net Income Common Stockholders": NaN,
        "Net Income": NaN,
        "Minority Interests": NaN,
        "Net Income Including Noncontrolling Interests": NaN,
        "Net Income Discontinuous Operations": NaN,
        "Net Income Continuous Operations": NaN,
        "Tax Provision": NaN,
        "Pretax Income": NaN,
        "Other Income Expense": NaN,
        "Other Non Operating Income Expenses": NaN,
        "Special Income Charges": -42365000.0,
        "Gain On Sale Of Ppe": -25738000.0,
        "Gain On Sale Of Business": NaN,
        "Other Special Charges": 1159000.0,
        "Impairment Of Capital Assets": NaN,
        "Restructuring And Mergern Acquisition": 15468000.0,
        "Earnings From Equity Interest": NaN,
        "Gain On Sale Of Security": NaN,
        "Net Non Operating Interest Income Expense": NaN,
        "Total Other Finance Cost": 306600000.0,
        "Interest Expense Non Operating": NaN,
        "Interest Income Non Operating": NaN,
        "Operating Income": NaN,
        "Operating Expense": NaN,
        "Selling General And Administration": NaN,
        "Selling And Marketing Expense": NaN,
        "General And Administrative Expense": NaN,
        "Other Gand A": NaN,
        "Gross Profit": NaN,
        "Cost Of Revenue": NaN,
        "Total Revenue": NaN,
        "Operating Revenue": NaN
    },
    "2022-12-31": {
        "Tax Effect Of Unusual Items": NaN,
        "Tax Rate For Calcs": NaN,
        "Normalized EBITDA": NaN,
        "Total Unusual Items": NaN,
        "Total Unusual Items Excluding Goodwill": NaN,
        "Net Income From Continuing Operation Net Minority Interest": NaN,
        "Reconciled Depreciation": 5702637000.0,
        "Reconciled Cost Of Revenue": NaN,
        "EBITDA": NaN,
        "EBIT": NaN,
        "Net Interest Income": NaN,
        "Interest Expense": NaN,
        "Interest Income": NaN,
        "Normalized Income": NaN,
        "Net Income From Continuing And Discontinued Operation": NaN,
        "Total Expenses": NaN,
        "Total Operating Income As Reported": NaN,
        "Diluted Average Shares": NaN,
        "Basic Average Shares": NaN,
        "Diluted EPS": NaN,
        "Basic EPS": NaN,
        "Diluted NI Availto Com Stockholders": NaN,
        "Net Income Common Stockholders": NaN,
        "Net Income": NaN,
        "Minority Interests": NaN,
        "Net Income Including Noncontrolling Interests": NaN,
        "Net Income Discontinuous Operations": NaN,
        "Net Income Continuous Operations": NaN,
        "Tax Provision": NaN,
        "Pretax Income": NaN,
        "Other Income Expense": NaN,
        "Other Non Operating Income Expenses": NaN,
        "Special Income Charges": NaN,
        "Gain On Sale Of Ppe": NaN,
        "Gain On Sale Of Business": NaN,
        "Other Special Charges": NaN,
        "Impairment Of Capital Assets": NaN,
        "Restructuring And Mergern Acquisition": NaN,
        "Earnings From Equity Interest": NaN,
        "Gain On Sale Of Security": NaN,
        "Net Non Operating Interest Income Expense": NaN,
        "Total Other Finance Cost": NaN,
        "Interest Expense Non Operating": NaN,
        "Interest Income Non Operating": NaN,
        "Operating Income": NaN,
        "Operating Expense": NaN,
        "Selling General And Administration": NaN,
        "Selling And Marketing Expense": NaN,
        "General And Administrative Expense": NaN,
        "Other Gand A": NaN,
        "Gross Profit": NaN,
        "Cost Of Revenue": NaN,
        "Total Revenue": NaN,
        "Operating Revenue": NaN
    },
    "2022-09-30": {
        "Tax Effect Of Unusual Items": NaN,
        "Tax Rate For Calcs": NaN,
        "Normalized EBITDA": NaN,
        "Total Unusual Items": NaN,
        "Total Unusual Items Excluding Goodwill": NaN,
        "Net Income From Continuing Operation Net Minority Interest": NaN,
        "Reconciled Depreciation": NaN,
        "Reconciled Cost Of Revenue": NaN,
        "EBITDA": NaN,
        "EBIT": NaN,
        "Net Interest Income": NaN,
        "Interest Expense": NaN,
        "Interest Income": NaN,
        "Normalized Income": NaN,
        "Net Income From Continuing And Discontinued Operation": NaN,
        "Total Expenses": NaN,
        "Total Operating Income As Reported": NaN,
        "Diluted Average Shares": NaN,
        "Basic Average Shares": NaN,
        "Diluted EPS": NaN,
        "Basic EPS": NaN,
        "Diluted NI Availto Com Stockholders": NaN,
        "Net Income Common Stockholders": NaN,
        "Net Income": NaN,
        "Minority Interests": NaN,
        "Net Income Including Noncontrolling Interests": NaN,
        "Net Income Discontinuous Operations": NaN,
        "Net Income Continuous Operations": NaN,
        "Tax Provision": NaN,
        "Pretax Income": NaN,
        "Other Income Expense": NaN,
        "Other Non Operating Income Expenses": NaN,
        "Special Income Charges": NaN,
        "Gain On Sale Of Ppe": NaN,
        "Gain On Sale Of Business": NaN,
        "Other Special Charges": NaN,
        "Impairment Of Capital Assets": NaN,
        "Restructuring And Mergern Acquisition": NaN,
        "Earnings From Equity Interest": NaN,
        "Gain On Sale Of Security": NaN,
        "Net Non Operating Interest Income Expense": NaN,
        "Total Other Finance Cost": 6500000.0,
        "Interest Expense Non Operating": NaN,
        "Interest Income Non Operating": NaN,
        "Operating Income": NaN,
        "Operating Expense": NaN,
        "Selling General And Administration": NaN,
        "Selling And Marketing Expense": NaN,
        "General And Administrative Expense": NaN,
        "Other Gand A": NaN,
        "Gross Profit": NaN,
        "Cost Of Revenue": NaN,
        "Total Revenue": NaN,
        "Operating Revenue": NaN
    },
    "2022-06-30": {
        "Tax Effect Of Unusual Items": 198196104.549895,
        "Tax Rate For Calcs": 0.321384,
        "Normalized EBITDA": 11265945000.0,
        "Total Unusual Items": 616695000.0,
        "Total Unusual Items Excluding Goodwill": 616695000.0,
        "Net Income From Continuing Operation Net Minority Interest": 3041462000.0,
        "Reconciled Depreciation": 4966319000.0,
        "Reconciled Cost Of Revenue": 11848196000.0,
        "EBITDA": 11882640000.0,
        "EBIT": 6916321000.0,
        "Net Interest Income": -1685578000.0,
        "Interest Expense": 2214872000.0,
        "Interest Income": 529294000.0,
        "Normalized Income": 2622963104.549895,
        "Net Income From Continuing And Discontinued Operation": 3140368000.0,
        "Total Expenses": 16940886000.0,
        "Total Operating Income As Reported": 1551654000.0,
        "Diluted Average Shares": 567978974.0,
        "Basic Average Shares": 567978974.0,
        "Diluted EPS": 5.529022,
        "Basic EPS": 5.529022,
        "Diluted NI Availto Com Stockholders": 3140368000.0,
        "Net Income Common Stockholders": 3140368000.0,
        "Net Income": 3140368000.0,
        "Minority Interests": -149015000.0,
        "Net Income Including Noncontrolling Interests": 3289383000.0,
        "Net Income Discontinuous Operations": 98906000.0,
        "Net Income Continuous Operations": 3190477000.0,
        "Tax Provision": 1510972000.0,
        "Pretax Income": 4701449000.0,
        "Other Income Expense": 4794458000.0,
        "Other Non Operating Income Expenses": -40915000.0,
        "Special Income Charges": NaN,
        "Gain On Sale Of Ppe": NaN,
        "Other Special Charges": NaN,
        "Restructuring And Mergern Acquisition": NaN,
        "Earnings From Equity Interest": 4218678000.0,
        "Gain On Sale Of Security": 616695000.0,
        "Net Non Operating Interest Income Expense": -1685578000.0,
        "Total Other Finance Cost": NaN,
        "Interest Expense Non Operating": 2214872000.0,
        "Interest Income Non Operating": 529294000.0,
        "Operating Income": 1592569000.0,
        "Operating Expense": 5092690000.0,
        "Selling General And Administration": 5092690000.0,
        "Selling And Marketing Expense": 2097748000.0,
        "General And Administrative Expense": 2994942000.0,
        "Other Gand A": 2994942000.0,
        "Gross Profit": 6685259000.0,
        "Cost Of Revenue": 11848196000.0,
        "Total Revenue": 18533455000.0,
        "Operating Revenue": 15076302000.0
    },
    "2023-09-30": {
        "Tax Effect Of Unusual Items": 16470000.0,
        "Tax Rate For Calcs": 0.3,
        "Normalized EBITDA": 6601755000.0,
        "Total Unusual Items": 54900000.0,
        "Total Unusual Items Excluding Goodwill": 54900000.0,
        "Net Income From Continuing Operation Net Minority Interest": -1173100000.0,
        "Reconciled Depreciation": 5544055000.0,
        "Reconciled Cost Of Revenue": 11071600000.0,
        "EBITDA": 6656655000.0,
        "EBIT": 1112600000.0,
        "Net Interest Income": -699300000.0,
        "Interest Expense": 1549800000.0,
        "Interest Income": 751900000.0,
        "Normalized Income": -1211530000.0,
        "Net Income From Continuing And Discontinued Operation": -918500000.0,
        "Total Expenses": 16071000000.0,
        "Total Operating Income As Reported": -381600000.0,
        "Diluted Average Shares": 556975213.0,
        "Basic Average Shares": 556975213.0,
        "Diluted EPS": -1.649086,
        "Basic EPS": -1.649086,
        "Diluted NI Availto Com Stockholders": -918500000.0,
        "Net Income Common Stockholders": -918500000.0,
        "Net Income": -918500000.0,
        "Minority Interests": 133100000.0,
        "Net Income Including Noncontrolling Interests": -1051600000.0,
        "Net Income Discontinuous Operations": 254600000.0,
        "Net Income Continuous Operations": -1306200000.0,
        "Tax Provision": 869000000.0,
        "Pretax Income": -437200000.0,
        "Other Income Expense": -82900000.0,
        "Other Non Operating Income Expenses": -726600000.0,
        "Special Income Charges": NaN,
        "Gain On Sale Of Ppe": NaN,
        "Gain On Sale Of Business": NaN,
        "Other Special Charges": NaN,
        "Impairment Of Capital Assets": NaN,
        "Restructuring And Mergern Acquisition": NaN,
        "Earnings From Equity Interest": 588800000.0,
        "Gain On Sale Of Security": 54900000.0,
        "Net Non Operating Interest Income Expense": -699300000.0,
        "Total Other Finance Cost": -98600000.0,
        "Interest Expense Non Operating": 1549800000.0,
        "Interest Income Non Operating": 751900000.0,
        "Operating Income": 345000000.0,
        "Operating Expense": 4999400000.0,
        "Selling General And Administration": 4999400000.0,
        "Selling And Marketing Expense": 2065700000.0,
        "General And Administrative Expense": 2933700000.0,
        "Other Gand A": 2933700000.0,
        "Gross Profit": 5344400000.0,
        "Cost Of Revenue": 11071600000.0,
        "Total Revenue": 16416000000.0,
        "Operating Revenue": 16416000000.0
    },
    "2024-03-31": {
        "Tax Effect Of Unusual Items": 20722195.138937,
        "Tax Rate For Calcs": 0.376767,
        "Normalized EBITDA": 3292100000.0,
        "Total Unusual Items": 55000000.0,
        "Total Unusual Items Excluding Goodwill": 55000000.0,
        "Net Income From Continuing Operation Net Minority Interest": 895000000.0,
        "Reconciled Depreciation": NaN,
        "Reconciled Cost Of Revenue": 10411900000.0,
        "EBITDA": 3347100000.0,
        "EBIT": 3347100000.0,
        "Net Interest Income": -1188400000.0,
        "Interest Expense": 1911200000.0,
        "Interest Income": 686300000.0,
        "Normalized Income": 860722195.138937,
        "Net Income From Continuing And Discontinued Operation": 951800000.0,
        "Total Expenses": 15318700000.0,
        "Total Operating Income As Reported": 2925900000.0,
        "Diluted Average Shares": 553313571.0,
        "Basic Average Shares": 553313571.0,
        "Diluted EPS": 204.75,
        "Basic EPS": 204.75,
        "Diluted NI Availto Com Stockholders": 951800000.0,
        "Net Income Common Stockholders": 951800000.0,
        "Net Income": 951800000.0,
        "Minority Interests": 100000.0,
        "Net Income Including Noncontrolling Interests": 951700000.0,
        "Net Income Discontinuous Operations": 56800000.0,
        "Net Income Continuous Operations": 894900000.0,
        "Tax Provision": 541000000.0,
        "Pretax Income": 1435900000.0,
        "Other Income Expense": 1991600000.0,
        "Other Non Operating Income Expenses": 2293200000.0,
        "Special Income Charges": NaN,
        "Gain On Sale Of Ppe": NaN,
        "Gain On Sale Of Business": NaN,
        "Other Special Charges": NaN,
        "Impairment Of Capital Assets": NaN,
        "Restructuring And Mergern Acquisition": NaN,
        "Earnings From Equity Interest": -356600000.0,
        "Gain On Sale Of Security": 55000000.0,
        "Net Non Operating Interest Income Expense": -1188400000.0,
        "Total Other Finance Cost": -36500000.0,
        "Interest Expense Non Operating": 1911200000.0,
        "Interest Income Non Operating": 686300000.0,
        "Operating Income": 632700000.0,
        "Operating Expense": 4906800000.0,
        "Selling General And Administration": 4906800000.0,
        "Selling And Marketing Expense": 2354900000.0,
        "General And Administrative Expense": 2551900000.0,
        "Other Gand A": 2551900000.0,
        "Gross Profit": 5539500000.0,
        "Cost Of Revenue": 10411900000.0,
        "Total Revenue": 15951400000.0,
        "Operating Revenue": 15951400000.0
    },
    "2023-12-31": {
        "Tax Effect Of Unusual Items": -124066800.0,
        "Tax Rate For Calcs": 0.3,
        "Normalized EBITDA": 2242880000.0,
        "Total Unusual Items": -413556000.0,
        "Total Unusual Items Excluding Goodwill": -413556000.0,
        "Net Income From Continuing Operation Net Minority Interest": -6848811000.0,
        "Reconciled Depreciation": 5258703000.0,
        "Reconciled Cost Of Revenue": 12283730000.0,
        "EBITDA": 1829324000.0,
        "EBIT": -3429379000.0,
        "Net Interest Income": -798954000.0,
        "Interest Expense": 1990771000.0,
        "Interest Income": 1071998000.0,
        "Normalized Income": -6559321800.0,
        "Net Income From Continuing And Discontinued Operation": -6848811000.0,
        "Total Expenses": 18244189000.0,
        "Total Operating Income As Reported": 536547000.0,
        "Diluted Average Shares": 553805993.0,
        "Basic Average Shares": 553805993.0,
        "Diluted EPS": -15.640766,
        "Basic EPS": -15.640766,
        "Diluted NI Availto Com Stockholders": -6848811000.0,
        "Net Income Common Stockholders": -6848811000.0,
        "Net Income": -6848811000.0,
        "Minority Interests": 369094000.0,
        "Net Income Including Noncontrolling Interests": -7217905000.0,
        "Net Income Discontinuous Operations": 0.0,
        "Net Income Continuous Operations": -7217905000.0,
        "Tax Provision": 1797755000.0,
        "Pretax Income": -5420150000.0,
        "Other Income Expense": -4789418000.0,
        "Other Non Operating Income Expenses": 421144000.0,
        "Special Income Charges": -368597000.0,
        "Gain On Sale Of Ppe": 73376000.0,
        "Gain On Sale Of Business": 0.0,
        "Other Special Charges": 327973000.0,
        "Impairment Of Capital Assets": 69467000.0,
        "Restructuring And Mergern Acquisition": 44533000.0,
        "Earnings From Equity Interest": -4797006000.0,
        "Gain On Sale Of Security": -44959000.0,
        "Net Non Operating Interest Income Expense": -798954000.0,
        "Total Other Finance Cost": -119819000.0,
        "Interest Expense Non Operating": 1990771000.0,
        "Interest Income Non Operating": 1071998000.0,
        "Operating Income": 168222000.0,
        "Operating Expense": 5960459000.0,
        "Selling General And Administration": 5960459000.0,
        "Selling And Marketing Expense": 2563398000.0,
        "General And Administrative Expense": 3397061000.0,
        "Other Gand A": 3397061000.0,
        "Gross Profit": 6128681000.0,
        "Cost Of Revenue": 12283730000.0,
        "Total Revenue": 18412411000.0,
        "Operating Revenue": 18412411000.0
    },
    "2024-06-30": {
        "Tax Effect Of Unusual Items": 95736300.0,
        "Tax Rate For Calcs": 0.3,
        "Normalized EBITDA": 1340415000.0,
        "Total Unusual Items": 319121000.0,
        "Total Unusual Items Excluding Goodwill": 319121000.0,
        "Net Income From Continuing Operation Net Minority Interest": -25610000.0,
        "Reconciled Depreciation": NaN,
        "Reconciled Cost Of Revenue": 10506617000.0,
        "EBITDA": 1659536000.0,
        "EBIT": 1659536000.0,
        "Net Interest Income": -909086000.0,
        "Interest Expense": 1821687000.0,
        "Interest Income": 912601000.0,
        "Normalized Income": -248994700.0,
        "Net Income From Continuing And Discontinued Operation": -25610000.0,
        "Total Expenses": 15101255000.0,
        "Total Operating Income As Reported": 89528000.0,
        "Diluted Average Shares": 537328034.0,
        "Basic Average Shares": 537328034.0,
        "Diluted EPS": -5.85,
        "Basic EPS": -5.85,
        "Diluted NI Availto Com Stockholders": -25610000.0,
        "Net Income Common Stockholders": -25610000.0,
        "Net Income": -25610000.0,
        "Minority Interests": 52331000.0,
        "Net Income Including Noncontrolling Interests": -77941000.0,
        "Net Income Discontinuous Operations": 0.0,
        "Net Income Continuous Operations": -77941000.0,
        "Tax Provision": -84210000.0,
        "Pretax Income": -162151000.0,
        "Other Income Expense": 127862000.0,
        "Other Non Operating Income Expenses": -529545000.0,
        "Special Income Charges": NaN,
        "Gain On Sale Of Ppe": NaN,
        "Gain On Sale Of Business": NaN,
        "Other Special Charges": NaN,
        "Impairment Of Capital Assets": NaN,
        "Restructuring And Mergern Acquisition": NaN,
        "Earnings From Equity Interest": 338286000.0,
        "Gain On Sale Of Security": 319121000.0,
        "Net Non Operating Interest Income Expense": -909086000.0,
        "Total Other Finance Cost": NaN,
        "Interest Expense Non Operating": 1821687000.0,
        "Interest Income Non Operating": 912601000.0,
        "Operating Income": 619073000.0,
        "Operating Expense": 4594638000.0,
        "Selling General And Administration": 4594638000.0,
        "Selling And Marketing Expense": 2199175000.0,
        "General And Administrative Expense": 2395463000.0,
        "Other Gand A": 2395463000.0,
        "Gross Profit": 5213711000.0,
        "Cost Of Revenue": 10506617000.0,
        "Total Revenue": 15720328000.0,
        "Operating Revenue": 15720328000.0
    },
    "2024-09-30": {
        "Tax Effect Of Unusual Items": -59905882.352941,
        "Tax Rate For Calcs": 0.203209,
        "Normalized EBITDA": 3201200000.0,
        "Total Unusual Items": -294800000.0,
        "Total Unusual Items Excluding Goodwill": -294800000.0,
        "Net Income From Continuing Operation Net Minority Interest": 666500000.0,
        "Reconciled Depreciation": NaN,
        "Reconciled Cost Of Revenue": 9944300000.0,
        "EBITDA": 2906400000.0,
        "EBIT": 2906400000.0,
        "Net Interest Income": -964500000.0,
        "Interest Expense": 2064900000.0,
        "Interest Income": 879000000.0,
        "Normalized Income": 901394117.647059,
        "Net Income From Continuing And Discontinued Operation": 666500000.0,
        "Total Expenses": 14678800000.0,
        "Total Operating Income As Reported": 364700000.0,
        "Diluted Average Shares": 535450598.0,
        "Basic Average Shares": 535450598.0,
        "Diluted EPS": 1.244746,
        "Basic EPS": 1.244746,
        "Diluted NI Availto Com Stockholders": 666500000.0,
        "Net Income Common Stockholders": 666500000.0,
        "Net Income": 666500000.0,
        "Minority Interests": -4000000.0,
        "Net Income Including Noncontrolling Interests": 670500000.0,
        "Net Income Discontinuous Operations": 0.0,
        "Net Income Continuous Operations": 670500000.0,
        "Tax Provision": 171000000.0,
        "Pretax Income": 841500000.0,
        "Other Income Expense": 1122000000.0,
        "Other Non Operating Income Expenses": -319300000.0,
        "Special Income Charges": NaN,
        "Gain On Sale Of Ppe": NaN,
        "Gain On Sale Of Business": NaN,
        "Other Special Charges": NaN,
        "Impairment Of Capital Assets": NaN,
        "Restructuring And Mergern Acquisition": NaN,
        "Earnings From Equity Interest": 1736100000.0,
        "Gain On Sale Of Security": -294800000.0,
        "Net Non Operating Interest Income Expense": -964500000.0,
        "Total Other Finance Cost": -221400000.0,
        "Interest Expense Non Operating": 2064900000.0,
        "Interest Income Non Operating": 879000000.0,
        "Operating Income": 684000000.0,
        "Operating Expense": 4734500000.0,
        "Selling General And Administration": 4734500000.0,
        "Selling And Marketing Expense": 2131400000.0,
        "General And Administrative Expense": 2603100000.0,
        "Other Gand A": 2603100000.0,
        "Gross Profit": 5418500000.0,
        "Cost Of Revenue": 9944300000.0,
        "Total Revenue": 15362800000.0,
        "Operating Revenue": 15362800000.0
    }
}