{
    "2023-06-30": {
        "Tax Effect Of Unusual Items": NaN,
        "Tax Rate For Calcs": NaN,
        "Normalized EBITDA": NaN,
        "Net Income From Continuing Operation Net Minority Interest": NaN,
        "Reconciled Depreciation": NaN,
        "Reconciled Cost Of Revenue": NaN,
        "EBITDA": NaN,
        "EBIT": NaN,
        "Net Interest Income": NaN,
        "Interest Expense": 467000.0,
        "Interest Income": 15576000.0,
        "Normalized Income": NaN,
        "Net Income From Continuing And Discontinued Operation": NaN,
        "Total Expenses": NaN,
        "Rent Expense Supplemental": NaN,
        "Total Operating Income As Reported": NaN,
        "Diluted Average Shares": 213156753.0,
        "Basic Average Shares": 211569728.0,
        "Diluted EPS": 0.42,
        "Basic EPS": 0.42,
        "Diluted NI Availto Com Stockholders": NaN,
        "Net Income Common Stockholders": NaN,
        "Otherunder Preferred Stock Dividend": NaN,
        "Net Income": NaN,
        "Minority Interests": NaN,
        "Net Income Including Noncontrolling Interests": NaN,
        "Net Income Continuous Operations": NaN,
        "Tax Provision": NaN,
        "Pretax Income": NaN,
        "Other Income Expense": -456000.0,
        "Other Non Operating Income Expenses": -456000.0,
        "Net Non Operating Interest Income Expense": NaN,
        "Total Other Finance Cost": -15109000.0,
        "Interest Expense Non Operating": 467000.0,
        "Interest Income Non Operating": 15576000.0,
        "Operating Income": NaN,
        "Operating Expense": NaN,
        "Other Taxes": NaN,
        "Depreciation Amortization Depletion Income Statement": NaN,
        "Depreciation And Amortization In Income Statement": NaN,
        "Selling General And Administration": NaN,
        "General And Administrative Expense": NaN,
        "Other Gand A": NaN,
        "Rent And Landing Fees": NaN,
        "Gross Profit": NaN,
        "Cost Of Revenue": NaN,
        "Total Revenue": NaN,
        "Operating Revenue": NaN
    },
    "2023-03-31": {
        "Tax Effect Of Unusual Items": NaN,
        "Tax Rate For Calcs": NaN,
        "Normalized EBITDA": NaN,
        "Net Income From Continuing Operation Net Minority Interest": NaN,
        "Reconciled Depreciation": NaN,
        "Reconciled Cost Of Revenue": NaN,
        "EBITDA": NaN,
        "EBIT": NaN,
        "Net Interest Income": NaN,
        "Interest Expense": 449000.0,
        "Interest Income": 12940000.0,
        "Normalized Income": NaN,
        "Net Income From Continuing And Discontinued Operation": NaN,
        "Total Expenses": NaN,
        "Rent Expense Supplemental": NaN,
        "Total Operating Income As Reported": NaN,
        "Diluted Average Shares": NaN,
        "Basic Average Shares": NaN,
        "Diluted EPS": NaN,
        "Basic EPS": NaN,
        "Diluted NI Availto Com Stockholders": NaN,
        "Net Income Common Stockholders": NaN,
        "Otherunder Preferred Stock Dividend": NaN,
        "Net Income": NaN,
        "Minority Interests": NaN,
        "Net Income Including Noncontrolling Interests": NaN,
        "Net Income Continuous Operations": NaN,
        "Tax Provision": NaN,
        "Pretax Income": NaN,
        "Other Income Expense": 341000.0,
        "Other Non Operating Income Expenses": 341000.0,
        "Net Non Operating Interest Income Expense": NaN,
        "Total Other Finance Cost": -12491000.0,
        "Interest Expense Non Operating": 449000.0,
        "Interest Income Non Operating": 12940000.0,
        "Operating Income": NaN,
        "Operating Expense": NaN,
        "Other Taxes": NaN,
        "Depreciation Amortization Depletion Income Statement": NaN,
        "Depreciation And Amortization In Income Statement": NaN,
        "Selling General And Administration": NaN,
        "General And Administrative Expense": NaN,
        "Other Gand A": NaN,
        "Rent And Landing Fees": NaN,
        "Gross Profit": NaN,
        "Cost Of Revenue": NaN,
        "Total Revenue": NaN,
        "Operating Revenue": NaN
    },
    "2022-12-31": {
        "Tax Effect Of Unusual Items": NaN,
        "Tax Rate For Calcs": NaN,
        "Normalized EBITDA": NaN,
        "Net Income From Continuing Operation Net Minority Interest": NaN,
        "Reconciled Depreciation": NaN,
        "Reconciled Cost Of Revenue": NaN,
        "EBITDA": NaN,
        "EBIT": NaN,
        "Net Interest Income": NaN,
        "Interest Expense": NaN,
        "Interest Income": NaN,
        "Normalized Income": NaN,
        "Net Income From Continuing And Discontinued Operation": NaN,
        "Total Expenses": NaN,
        "Rent Expense Supplemental": NaN,
        "Total Operating Income As Reported": NaN,
        "Diluted Average Shares": NaN,
        "Basic Average Shares": NaN,
        "Diluted EPS": NaN,
        "Basic EPS": NaN,
        "Diluted NI Availto Com Stockholders": NaN,
        "Net Income Common Stockholders": NaN,
        "Otherunder Preferred Stock Dividend": NaN,
        "Net Income": NaN,
        "Minority Interests": NaN,
        "Net Income Including Noncontrolling Interests": NaN,
        "Net Income Continuous Operations": NaN,
        "Tax Provision": NaN,
        "Pretax Income": NaN,
        "Other Income Expense": NaN,
        "Other Non Operating Income Expenses": NaN,
        "Net Non Operating Interest Income Expense": NaN,
        "Total Other Finance Cost": -8400000.0,
        "Interest Expense Non Operating": NaN,
        "Interest Income Non Operating": NaN,
        "Operating Income": NaN,
        "Operating Expense": NaN,
        "Depreciation Amortization Depletion Income Statement": NaN,
        "Depreciation And Amortization In Income Statement": NaN,
        "Selling General And Administration": NaN,
        "General And Administrative Expense": NaN,
        "Other Gand A": NaN,
        "Rent And Landing Fees": NaN,
        "Gross Profit": NaN,
        "Cost Of Revenue": NaN,
        "Total Revenue": NaN,
        "Operating Revenue": NaN
    },
    "2022-09-30": {
        "Tax Effect Of Unusual Items": 0.0,
        "Tax Rate For Calcs": 0.232125,
        "Normalized EBITDA": 147588000.0,
        "Total Unusual Items": NaN,
        "Total Unusual Items Excluding Goodwill": NaN,
        "Net Income From Continuing Operation Net Minority Interest": 69083000.0,
        "Reconciled Depreciation": 44778000.0,
        "Reconciled Cost Of Revenue": 102720000.0,
        "EBITDA": 147588000.0,
        "EBIT": 102810000.0,
        "Net Interest Income": 3413000.0,
        "Normalized Income": 69083000.0,
        "Net Income From Continuing And Discontinued Operation": 69083000.0,
        "Total Expenses": 184305000.0,
        "Rent Expense Supplemental": 3699000.0,
        "Total Operating Income As Reported": 102810000.0,
        "Diluted Average Shares": 208329469.0,
        "Basic Average Shares": 205721162.0,
        "Diluted EPS": 0.33,
        "Basic EPS": 0.34,
        "Diluted NI Availto Com Stockholders": 69001000.0,
        "Net Income Common Stockholders": 69001000.0,
        "Otherunder Preferred Stock Dividend": 82000.0,
        "Net Income": 69083000.0,
        "Minority Interests": -12483000.0,
        "Net Income Including Noncontrolling Interests": 81566000.0,
        "Net Income Continuous Operations": 81566000.0,
        "Tax Provision": 24657000.0,
        "Pretax Income": 106223000.0,
        "Other Income Expense": NaN,
        "Other Non Operating Income Expenses": NaN,
        "Gain On Sale Of Security": NaN,
        "Net Non Operating Interest Income Expense": 3413000.0,
        "Total Other Finance Cost": -3413000.0,
        "Operating Income": 102810000.0,
        "Operating Expense": 81585000.0,
        "Other Taxes": NaN,
        "Depreciation Amortization Depletion Income Statement": 44778000.0,
        "Depreciation And Amortization In Income Statement": 44778000.0,
        "Selling General And Administration": 36807000.0,
        "General And Administrative Expense": 36807000.0,
        "Other Gand A": 33108000.0,
        "Rent And Landing Fees": 3699000.0,
        "Gross Profit": 184395000.0,
        "Cost Of Revenue": 102720000.0,
        "Total Revenue": 287115000.0,
        "Operating Revenue": 284727000.0
    },
    "2022-06-30": {
        "Tax Effect Of Unusual Items": 0.0,
        "Tax Rate For Calcs": 0.238437,
        "Normalized EBITDA": 151377000.0,
        "Total Unusual Items": NaN,
        "Total Unusual Items Excluding Goodwill": NaN,
        "Net Income From Continuing Operation Net Minority Interest": 68344000.0,
        "Reconciled Depreciation": 44770000.0,
        "Reconciled Cost Of Revenue": 109890000.0,
        "EBITDA": 151377000.0,
        "EBIT": 106607000.0,
        "Net Interest Income": 541000.0,
        "Normalized Income": 68344000.0,
        "Net Income From Continuing And Discontinued Operation": 68344000.0,
        "Total Expenses": 190531000.0,
        "Rent Expense Supplemental": 3661000.0,
        "Total Operating Income As Reported": 106607000.0,
        "Diluted Average Shares": 207272675.0,
        "Basic Average Shares": 204501035.0,
        "Diluted EPS": 0.33,
        "Basic EPS": 0.33,
        "Diluted NI Availto Com Stockholders": 68318000.0,
        "Net Income Common Stockholders": 68318000.0,
        "Otherunder Preferred Stock Dividend": 26000.0,
        "Net Income": 68344000.0,
        "Minority Interests": -13256000.0,
        "Net Income Including Noncontrolling Interests": 81600000.0,
        "Net Income Continuous Operations": 81600000.0,
        "Tax Provision": 25548000.0,
        "Pretax Income": 107148000.0,
        "Other Income Expense": NaN,
        "Other Non Operating Income Expenses": NaN,
        "Gain On Sale Of Security": NaN,
        "Net Non Operating Interest Income Expense": 541000.0,
        "Total Other Finance Cost": -541000.0,
        "Operating Income": 106607000.0,
        "Operating Expense": 80641000.0,
        "Other Taxes": NaN,
        "Depreciation Amortization Depletion Income Statement": 44770000.0,
        "Depreciation And Amortization In Income Statement": 44770000.0,
        "Selling General And Administration": 35871000.0,
        "General And Administrative Expense": 35871000.0,
        "Other Gand A": 32210000.0,
        "Rent And Landing Fees": 3661000.0,
        "Gross Profit": 187248000.0,
        "Cost Of Revenue": 109890000.0,
        "Total Revenue": 297138000.0,
        "Operating Revenue": 294635000.0
    },
    "2023-09-30": {
        "Tax Effect Of Unusual Items": 0.0,
        "Tax Rate For Calcs": 0.204325,
        "Normalized EBITDA": 171297000.0,
        "Net Income From Continuing Operation Net Minority Interest": 98614000.0,
        "Reconciled Depreciation": 46559000.0,
        "Reconciled Cost Of Revenue": 116016000.0,
        "EBITDA": 171297000.0,
        "EBIT": 124738000.0,
        "Net Interest Income": 17465000.0,
        "Interest Expense": NaN,
        "Interest Income": NaN,
        "Normalized Income": 98614000.0,
        "Net Income From Continuing And Discontinued Operation": 98614000.0,
        "Total Expenses": 203619000.0,
        "Rent Expense Supplemental": 4132000.0,
        "Total Operating Income As Reported": 124738000.0,
        "Diluted Average Shares": 213491634.0,
        "Basic Average Shares": 211618475.0,
        "Diluted EPS": 0.46,
        "Basic EPS": 0.47,
        "Diluted NI Availto Com Stockholders": 98490000.0,
        "Net Income Common Stockholders": 98490000.0,
        "Otherunder Preferred Stock Dividend": 124000.0,
        "Net Income": 98614000.0,
        "Minority Interests": -13016000.0,
        "Net Income Including Noncontrolling Interests": 111630000.0,
        "Net Income Continuous Operations": 111630000.0,
        "Tax Provision": 28666000.0,
        "Pretax Income": 140296000.0,
        "Other Income Expense": -1907000.0,
        "Other Non Operating Income Expenses": -1907000.0,
        "Net Non Operating Interest Income Expense": 17465000.0,
        "Total Other Finance Cost": -17465000.0,
        "Interest Expense Non Operating": NaN,
        "Interest Income Non Operating": NaN,
        "Operating Income": 124738000.0,
        "Operating Expense": 87603000.0,
        "Other Taxes": NaN,
        "Depreciation Amortization Depletion Income Statement": 46559000.0,
        "Depreciation And Amortization In Income Statement": 46559000.0,
        "Selling General And Administration": 41044000.0,
        "General And Administrative Expense": 41044000.0,
        "Other Gand A": 36912000.0,
        "Rent And Landing Fees": 4132000.0,
        "Gross Profit": 212341000.0,
        "Cost Of Revenue": 116016000.0,
        "Total Revenue": 328357000.0,
        "Operating Revenue": 325306000.0
    },
    "2023-12-31": {
        "Tax Effect Of Unusual Items": 0.0,
        "Tax Rate For Calcs": 0.2658,
        "Normalized EBITDA": 179613000.0,
        "Net Income From Continuing Operation Net Minority Interest": 89314000.0,
        "Reconciled Depreciation": 47500000.0,
        "Reconciled Cost Of Revenue": 125872000.0,
        "EBITDA": 179613000.0,
        "EBIT": 132113000.0,
        "Net Interest Income": 20285000.0,
        "Interest Expense": NaN,
        "Interest Income": NaN,
        "Normalized Income": 89314000.0,
        "Net Income From Continuing And Discontinued Operation": 89314000.0,
        "Total Expenses": 237887000.0,
        "Rent Expense Supplemental": 3647000.0,
        "Total Operating Income As Reported": 141630000.0,
        "Diluted Average Shares": NaN,
        "Basic Average Shares": NaN,
        "Diluted EPS": NaN,
        "Basic EPS": NaN,
        "Diluted NI Availto Com Stockholders": 89195000.0,
        "Net Income Common Stockholders": 89195000.0,
        "Otherunder Preferred Stock Dividend": 119000.0,
        "Net Income": 89314000.0,
        "Minority Interests": -14427000.0,
        "Net Income Including Noncontrolling Interests": 103741000.0,
        "Net Income Continuous Operations": 103741000.0,
        "Tax Provision": 37557000.0,
        "Pretax Income": 141298000.0,
        "Other Income Expense": -11100000.0,
        "Other Non Operating Income Expenses": -11100000.0,
        "Net Non Operating Interest Income Expense": 20285000.0,
        "Total Other Finance Cost": -20285000.0,
        "Interest Expense Non Operating": NaN,
        "Interest Income Non Operating": NaN,
        "Operating Income": 132113000.0,
        "Operating Expense": 112015000.0,
        "Other Taxes": NaN,
        "Depreciation Amortization Depletion Income Statement": 47500000.0,
        "Depreciation And Amortization In Income Statement": 47500000.0,
        "Selling General And Administration": 54998000.0,
        "General And Administrative Expense": 54998000.0,
        "Other Gand A": 51351000.0,
        "Rent And Landing Fees": 3647000.0,
        "Gross Profit": 244128000.0,
        "Cost Of Revenue": 125872000.0,
        "Total Revenue": 370000000.0,
        "Operating Revenue": 367110000.0
    },
    "2024-03-31": {
        "Tax Effect Of Unusual Items": 0.0,
        "Tax Rate For Calcs": 0.233333,
        "Normalized EBITDA": 238075000.0,
        "Net Income From Continuing Operation Net Minority Interest": 126142000.0,
        "Reconciled Depreciation": 49337000.0,
        "Reconciled Cost Of Revenue": 143087000.0,
        "EBITDA": 238075000.0,
        "EBIT": 188738000.0,
        "Net Interest Income": 19342000.0,
        "Interest Expense": 1718000.0,
        "Interest Income": 21060000.0,
        "Normalized Income": 126142000.0,
        "Net Income From Continuing And Discontinued Operation": 126142000.0,
        "Total Expenses": 241061000.0,
        "Rent Expense Supplemental": 4673000.0,
        "Total Operating Income As Reported": 167678000.0,
        "Diluted Average Shares": 214660853.0,
        "Basic Average Shares": 212709872.0,
        "Diluted EPS": 0.59,
        "Basic EPS": 0.59,
        "Diluted NI Availto Com Stockholders": 126047000.0,
        "Net Income Common Stockholders": 126047000.0,
        "Otherunder Preferred Stock Dividend": 95000.0,
        "Net Income": 126142000.0,
        "Minority Interests": -17240000.0,
        "Net Income Including Noncontrolling Interests": 143382000.0,
        "Net Income Continuous Operations": 143382000.0,
        "Tax Provision": 43638000.0,
        "Pretax Income": 187020000.0,
        "Other Income Expense": NaN,
        "Other Non Operating Income Expenses": NaN,
        "Net Non Operating Interest Income Expense": 19342000.0,
        "Total Other Finance Cost": NaN,
        "Interest Expense Non Operating": 1718000.0,
        "Interest Income Non Operating": 21060000.0,
        "Operating Income": 167678000.0,
        "Operating Expense": 97974000.0,
        "Other Taxes": NaN,
        "Depreciation Amortization Depletion Income Statement": 49337000.0,
        "Depreciation And Amortization In Income Statement": 49337000.0,
        "Selling General And Administration": 48637000.0,
        "General And Administrative Expense": 48637000.0,
        "Other Gand A": 43964000.0,
        "Rent And Landing Fees": 4673000.0,
        "Gross Profit": 265652000.0,
        "Cost Of Revenue": 143087000.0,
        "Total Revenue": 408739000.0,
        "Operating Revenue": 405632000.0
    },
    "2024-06-30": {
        "Tax Effect Of Unusual Items": 0.0,
        "Tax Rate For Calcs": 0.256439,
        "Normalized EBITDA": 233941000.0,
        "Net Income From Continuing Operation Net Minority Interest": 119239000.0,
        "Reconciled Depreciation": 49936000.0,
        "Reconciled Cost Of Revenue": 137236000.0,
        "EBITDA": 233941000.0,
        "EBIT": 184005000.0,
        "Net Interest Income": 20969000.0,
        "Interest Expense": 542000.0,
        "Interest Income": 21511000.0,
        "Normalized Income": 119239000.0,
        "Net Income From Continuing And Discontinued Operation": 119239000.0,
        "Total Expenses": 242457000.0,
        "Rent Expense Supplemental": 4976000.0,
        "Total Operating Income As Reported": 162494000.0,
        "Diluted Average Shares": 214895947.0,
        "Basic Average Shares": 213162158.0,
        "Diluted EPS": 0.55,
        "Basic EPS": 0.56,
        "Diluted NI Availto Com Stockholders": 119169000.0,
        "Net Income Common Stockholders": 119169000.0,
        "Otherunder Preferred Stock Dividend": 70000.0,
        "Net Income": 119239000.0,
        "Minority Interests": -17177000.0,
        "Net Income Including Noncontrolling Interests": 136416000.0,
        "Net Income Continuous Operations": 136416000.0,
        "Tax Provision": 47047000.0,
        "Pretax Income": 183463000.0,
        "Other Income Expense": NaN,
        "Other Non Operating Income Expenses": NaN,
        "Net Non Operating Interest Income Expense": 20969000.0,
        "Total Other Finance Cost": NaN,
        "Interest Expense Non Operating": 542000.0,
        "Interest Income Non Operating": 21511000.0,
        "Operating Income": 162494000.0,
        "Operating Expense": 105221000.0,
        "Other Taxes": NaN,
        "Depreciation Amortization Depletion Income Statement": 49936000.0,
        "Depreciation And Amortization In Income Statement": 49936000.0,
        "Selling General And Administration": 55285000.0,
        "General And Administrative Expense": 55285000.0,
        "Other Gand A": 50309000.0,
        "Rent And Landing Fees": 4976000.0,
        "Gross Profit": 267715000.0,
        "Cost Of Revenue": 137236000.0,
        "Total Revenue": 404951000.0,
        "Operating Revenue": 401802000.0
    },
    "2024-09-30": {
        "Tax Effect Of Unusual Items": 0.0,
        "Tax Rate For Calcs": 0.250183,
        "Normalized EBITDA": 232991000.0,
        "Net Income From Continuing Operation Net Minority Interest": 113916000.0,
        "Reconciled Depreciation": 57872000.0,
        "Reconciled Cost Of Revenue": 160161000.0,
        "EBITDA": 232991000.0,
        "EBIT": 175119000.0,
        "Net Interest Income": 15217000.0,
        "Interest Expense": 1446000.0,
        "Interest Income": 16663000.0,
        "Normalized Income": 113916000.0,
        "Net Income From Continuing And Discontinued Operation": 113916000.0,
        "Total Expenses": 290469000.0,
        "Rent Expense Supplemental": 5415000.0,
        "Total Operating Income As Reported": 159316000.0,
        "Diluted Average Shares": 215096974.0,
        "Basic Average Shares": 213206193.0,
        "Diluted EPS": 0.53,
        "Basic EPS": 0.53,
        "Diluted NI Availto Com Stockholders": 113848000.0,
        "Net Income Common Stockholders": 113848000.0,
        "Otherunder Preferred Stock Dividend": 68000.0,
        "Net Income": 113916000.0,
        "Minority Interests": -16307000.0,
        "Net Income Including Noncontrolling Interests": 130223000.0,
        "Net Income Continuous Operations": 130223000.0,
        "Tax Provision": 43450000.0,
        "Pretax Income": 173673000.0,
        "Other Income Expense": 10000.0,
        "Other Non Operating Income Expenses": 10000.0,
        "Net Non Operating Interest Income Expense": 15217000.0,
        "Total Other Finance Cost": NaN,
        "Interest Expense Non Operating": 1446000.0,
        "Interest Income Non Operating": 16663000.0,
        "Operating Income": 158446000.0,
        "Operating Expense": 130308000.0,
        "Other Taxes": 870000.0,
        "Depreciation Amortization Depletion Income Statement": 57872000.0,
        "Depreciation And Amortization In Income Statement": 57872000.0,
        "Selling General And Administration": 71566000.0,
        "General And Administrative Expense": 71566000.0,
        "Other Gand A": 66151000.0,
        "Rent And Landing Fees": 5415000.0,
        "Gross Profit": 288754000.0,
        "Cost Of Revenue": 160161000.0,
        "Total Revenue": 448915000.0,
        "Operating Revenue": 445211000.0
    }
}