{
    "2023-03-31": {
        "Tax Effect Of Unusual Items": NaN,
        "Tax Rate For Calcs": NaN,
        "Normalized EBITDA": NaN,
        "Total Unusual Items": NaN,
        "Total Unusual Items Excluding Goodwill": NaN,
        "Net Income From Continuing Operation Net Minority Interest": NaN,
        "Reconciled Depreciation": NaN,
        "Reconciled Cost Of Revenue": NaN,
        "EBITDA": NaN,
        "EBIT": NaN,
        "Net Interest Income": NaN,
        "Interest Expense": NaN,
        "Interest Income": NaN,
        "Normalized Income": NaN,
        "Net Income From Continuing And Discontinued Operation": NaN,
        "Total Expenses": NaN,
        "Total Operating Income As Reported": NaN,
        "Diluted Average Shares": NaN,
        "Basic Average Shares": NaN,
        "Diluted EPS": NaN,
        "Basic EPS": NaN,
        "Diluted NI Availto Com Stockholders": NaN,
        "Net Income Common Stockholders": NaN,
        "Net Income": NaN,
        "Minority Interests": NaN,
        "Net Income Including Noncontrolling Interests": NaN,
        "Net Income Continuous Operations": NaN,
        "Tax Provision": NaN,
        "Pretax Income": NaN,
        "Other Income Expense": NaN,
        "Special Income Charges": NaN,
        "Other Special Charges": NaN,
        "Restructuring And Mergern Acquisition": NaN,
        "Earnings From Equity Interest": NaN,
        "Gain On Sale Of Security": -11356000.0,
        "Net Non Operating Interest Income Expense": NaN,
        "Total Other Finance Cost": NaN,
        "Interest Expense Non Operating": NaN,
        "Interest Income Non Operating": NaN,
        "Operating Income": NaN,
        "Operating Expense": NaN,
        "Other Operating Expenses": NaN,
        "Other Taxes": 38390000.0,
        "Provision For Doubtful Accounts": 11014000.0,
        "Depreciation Amortization Depletion Income Statement": 11181000.0,
        "Depreciation And Amortization In Income Statement": 11181000.0,
        "Amortization": 7432000.0,
        "Amortization Of Intangibles Income Statement": 7432000.0,
        "Depreciation Income Statement": 3749000.0,
        "Selling General And Administration": NaN,
        "Selling And Marketing Expense": 118114000.0,
        "General And Administrative Expense": 112405000.0,
        "Other Gand A": 34558000.0,
        "Salaries And Wages": 77847000.0,
        "Gross Profit": NaN,
        "Cost Of Revenue": NaN,
        "Total Revenue": NaN,
        "Operating Revenue": NaN
    },
    "2022-12-31": {
        "Tax Effect Of Unusual Items": NaN,
        "Tax Rate For Calcs": NaN,
        "Normalized EBITDA": NaN,
        "Total Unusual Items": NaN,
        "Total Unusual Items Excluding Goodwill": NaN,
        "Net Income From Continuing Operation Net Minority Interest": NaN,
        "Reconciled Depreciation": NaN,
        "Reconciled Cost Of Revenue": NaN,
        "EBITDA": NaN,
        "EBIT": NaN,
        "Net Interest Income": NaN,
        "Interest Expense": NaN,
        "Interest Income": NaN,
        "Normalized Income": NaN,
        "Net Income From Continuing And Discontinued Operation": NaN,
        "Total Expenses": NaN,
        "Total Operating Income As Reported": NaN,
        "Diluted Average Shares": NaN,
        "Basic Average Shares": NaN,
        "Diluted EPS": NaN,
        "Basic EPS": NaN,
        "Diluted NI Availto Com Stockholders": NaN,
        "Net Income Common Stockholders": NaN,
        "Net Income": NaN,
        "Minority Interests": NaN,
        "Net Income Including Noncontrolling Interests": NaN,
        "Net Income Continuous Operations": NaN,
        "Tax Provision": NaN,
        "Pretax Income": NaN,
        "Other Income Expense": NaN,
        "Special Income Charges": NaN,
        "Other Special Charges": NaN,
        "Restructuring And Mergern Acquisition": NaN,
        "Earnings From Equity Interest": NaN,
        "Gain On Sale Of Security": -6418000.0,
        "Net Non Operating Interest Income Expense": NaN,
        "Total Other Finance Cost": NaN,
        "Interest Expense Non Operating": NaN,
        "Interest Income Non Operating": NaN,
        "Operating Income": NaN,
        "Operating Expense": NaN,
        "Other Operating Expenses": NaN,
        "Other Taxes": 41325000.0,
        "Provision For Doubtful Accounts": -476000.0,
        "Depreciation Amortization Depletion Income Statement": 10382000.0,
        "Depreciation And Amortization In Income Statement": 10382000.0,
        "Amortization": 6661000.0,
        "Amortization Of Intangibles Income Statement": 6661000.0,
        "Depreciation Income Statement": 3721000.0,
        "Selling General And Administration": NaN,
        "Selling And Marketing Expense": 118859000.0,
        "General And Administrative Expense": 102456000.0,
        "Other Gand A": 33026000.0,
        "Salaries And Wages": 69430000.0,
        "Gross Profit": NaN,
        "Cost Of Revenue": NaN,
        "Total Revenue": NaN,
        "Operating Revenue": NaN
    },
    "2022-09-30": {
        "Tax Effect Of Unusual Items": NaN,
        "Tax Rate For Calcs": NaN,
        "Normalized EBITDA": NaN,
        "Total Unusual Items": NaN,
        "Total Unusual Items Excluding Goodwill": NaN,
        "Net Income From Continuing Operation Net Minority Interest": NaN,
        "Reconciled Depreciation": NaN,
        "Reconciled Cost Of Revenue": NaN,
        "EBITDA": NaN,
        "EBIT": NaN,
        "Net Interest Income": NaN,
        "Interest Expense": NaN,
        "Interest Income": NaN,
        "Normalized Income": NaN,
        "Net Income From Continuing And Discontinued Operation": NaN,
        "Total Expenses": NaN,
        "Total Operating Income As Reported": NaN,
        "Diluted Average Shares": NaN,
        "Basic Average Shares": NaN,
        "Diluted EPS": NaN,
        "Basic EPS": NaN,
        "Diluted NI Availto Com Stockholders": NaN,
        "Net Income Common Stockholders": NaN,
        "Net Income": NaN,
        "Minority Interests": NaN,
        "Net Income Including Noncontrolling Interests": NaN,
        "Net Income Continuous Operations": NaN,
        "Tax Provision": NaN,
        "Pretax Income": NaN,
        "Other Income Expense": NaN,
        "Special Income Charges": 0.0,
        "Restructuring And Mergern Acquisition": 0.0,
        "Earnings From Equity Interest": NaN,
        "Gain On Sale Of Security": NaN,
        "Net Non Operating Interest Income Expense": NaN,
        "Total Other Finance Cost": NaN,
        "Interest Expense Non Operating": NaN,
        "Interest Income Non Operating": NaN,
        "Operating Income": NaN,
        "Operating Expense": NaN,
        "Other Operating Expenses": NaN,
        "Other Taxes": NaN,
        "Provision For Doubtful Accounts": NaN,
        "Depreciation Amortization Depletion Income Statement": NaN,
        "Depreciation And Amortization In Income Statement": NaN,
        "Amortization": NaN,
        "Amortization Of Intangibles Income Statement": NaN,
        "Depreciation Income Statement": NaN,
        "Selling General And Administration": NaN,
        "Selling And Marketing Expense": NaN,
        "General And Administrative Expense": NaN,
        "Other Gand A": NaN,
        "Salaries And Wages": NaN,
        "Gross Profit": NaN,
        "Cost Of Revenue": NaN,
        "Total Revenue": NaN,
        "Operating Revenue": NaN
    },
    "2022-06-30": {
        "Tax Effect Of Unusual Items": 0.0,
        "Tax Rate For Calcs": 0.19,
        "Normalized EBITDA": 1317917000.0,
        "Total Unusual Items": NaN,
        "Total Unusual Items Excluding Goodwill": NaN,
        "Net Income From Continuing Operation Net Minority Interest": 799270000.0,
        "Reconciled Depreciation": 153000000.0,
        "Reconciled Cost Of Revenue": 3058908000.0,
        "EBITDA": 1317917000.0,
        "EBIT": 1164917000.0,
        "Net Interest Income": 37179000.0,
        "Interest Expense": 7313000.0,
        "Interest Income": 15636000.0,
        "Normalized Income": 799270000.0,
        "Net Income From Continuing And Discontinued Operation": 799270000.0,
        "Total Expenses": 3366524000.0,
        "Total Operating Income As Reported": 1071152000.0,
        "Diluted Average Shares": 196307678.0,
        "Basic Average Shares": 196307678.0,
        "Diluted EPS": 4.1,
        "Basic EPS": 4.1,
        "Diluted NI Availto Com Stockholders": 799270000.0,
        "Net Income Common Stockholders": 799270000.0,
        "Net Income": 799270000.0,
        "Minority Interests": -136915000.0,
        "Net Income Including Noncontrolling Interests": 936185000.0,
        "Net Income Continuous Operations": 936185000.0,
        "Tax Provision": 221419000.0,
        "Pretax Income": 1157604000.0,
        "Other Income Expense": 49273000.0,
        "Earnings From Equity Interest": 49273000.0,
        "Gain On Sale Of Security": NaN,
        "Net Non Operating Interest Income Expense": 37179000.0,
        "Total Other Finance Cost": -28856000.0,
        "Interest Expense Non Operating": 7313000.0,
        "Interest Income Non Operating": 15636000.0,
        "Operating Income": 1071152000.0,
        "Operating Expense": 307616000.0,
        "Other Operating Expenses": -2828000.0,
        "Other Taxes": NaN,
        "Provision For Doubtful Accounts": NaN,
        "Depreciation Amortization Depletion Income Statement": NaN,
        "Depreciation And Amortization In Income Statement": NaN,
        "Amortization": NaN,
        "Amortization Of Intangibles Income Statement": NaN,
        "Depreciation Income Statement": NaN,
        "Selling General And Administration": 310444000.0,
        "General And Administrative Expense": NaN,
        "Other Gand A": NaN,
        "Salaries And Wages": NaN,
        "Gross Profit": 1378768000.0,
        "Cost Of Revenue": 3058908000.0,
        "Total Revenue": 4437676000.0,
        "Operating Revenue": 4437676000.0
    },
    "2023-06-30": {
        "Tax Effect Of Unusual Items": 0.0,
        "Tax Rate For Calcs": 0.01,
        "Normalized EBITDA": 910000000.0,
        "Total Unusual Items": 0.0,
        "Total Unusual Items Excluding Goodwill": 0.0,
        "Net Income From Continuing Operation Net Minority Interest": 627000000.0,
        "Reconciled Depreciation": 151000000.0,
        "Reconciled Cost Of Revenue": 2839000000.0,
        "EBITDA": 910000000.0,
        "EBIT": 759000000.0,
        "Net Interest Income": -18000000.0,
        "Interest Expense": 18000000.0,
        "Interest Income": 42000000.0,
        "Normalized Income": 627000000.0,
        "Net Income From Continuing And Discontinued Operation": 627000000.0,
        "Total Expenses": 3139000000.0,
        "Total Operating Income As Reported": 732000000.0,
        "Diluted Average Shares": 196307678.0,
        "Basic Average Shares": 196307678.0,
        "Diluted EPS": 3.19,
        "Basic EPS": 3.19,
        "Diluted NI Availto Com Stockholders": 627000000.0,
        "Net Income Common Stockholders": 627000000.0,
        "Net Income": 627000000.0,
        "Minority Interests": -109000000.0,
        "Net Income Including Noncontrolling Interests": 736000000.0,
        "Net Income Continuous Operations": 736000000.0,
        "Tax Provision": 5000000.0,
        "Pretax Income": 741000000.0,
        "Other Income Expense": 27000000.0,
        "Special Income Charges": 0.0,
        "Other Special Charges": NaN,
        "Restructuring And Mergern Acquisition": NaN,
        "Earnings From Equity Interest": 27000000.0,
        "Gain On Sale Of Security": NaN,
        "Net Non Operating Interest Income Expense": -18000000.0,
        "Total Other Finance Cost": 42000000.0,
        "Interest Expense Non Operating": 18000000.0,
        "Interest Income Non Operating": 42000000.0,
        "Operating Income": 732000000.0,
        "Operating Expense": 300000000.0,
        "Other Operating Expenses": -4000000.0,
        "Other Taxes": NaN,
        "Provision For Doubtful Accounts": NaN,
        "Depreciation Amortization Depletion Income Statement": NaN,
        "Depreciation And Amortization In Income Statement": NaN,
        "Amortization": NaN,
        "Amortization Of Intangibles Income Statement": NaN,
        "Depreciation Income Statement": NaN,
        "Selling General And Administration": 304000000.0,
        "Selling And Marketing Expense": NaN,
        "General And Administrative Expense": NaN,
        "Other Gand A": NaN,
        "Salaries And Wages": NaN,
        "Gross Profit": 1032000000.0,
        "Cost Of Revenue": 2839000000.0,
        "Total Revenue": 3871000000.0,
        "Operating Revenue": 3871000000.0
    },
    "2023-09-30": {
        "Tax Effect Of Unusual Items": -331797300.0,
        "Tax Rate For Calcs": 0.3,
        "Normalized EBITDA": 789193000.0,
        "Total Unusual Items": -1105991000.0,
        "Total Unusual Items Excluding Goodwill": -1105991000.0,
        "Net Income From Continuing Operation Net Minority Interest": -739134000.0,
        "Reconciled Depreciation": 165693000.0,
        "Reconciled Cost Of Revenue": 4192014000.0,
        "EBITDA": -316798000.0,
        "EBIT": -482491000.0,
        "Net Interest Income": 30213000.0,
        "Interest Expense": 47328000.0,
        "Interest Income": 77740000.0,
        "Normalized Income": 35059700.0,
        "Net Income From Continuing And Discontinued Operation": -739134000.0,
        "Total Expenses": 4657394000.0,
        "Total Operating Income As Reported": 527316000.0,
        "Diluted Average Shares": 196307678.0,
        "Basic Average Shares": 196307678.0,
        "Diluted EPS": -3.8,
        "Basic EPS": -3.8,
        "Diluted NI Availto Com Stockholders": -739134000.0,
        "Net Income Common Stockholders": -739134000.0,
        "Net Income": -739134000.0,
        "Minority Interests": 43705000.0,
        "Net Income Including Noncontrolling Interests": -782839000.0,
        "Net Income Continuous Operations": -782839000.0,
        "Tax Provision": 253020000.0,
        "Pretax Income": -529819000.0,
        "Other Income Expense": -1087348000.0,
        "Special Income Charges": -1105991000.0,
        "Other Special Charges": NaN,
        "Restructuring And Mergern Acquisition": 1105991000.0,
        "Earnings From Equity Interest": 18643000.0,
        "Gain On Sale Of Security": NaN,
        "Net Non Operating Interest Income Expense": 30213000.0,
        "Total Other Finance Cost": 199000.0,
        "Interest Expense Non Operating": 47328000.0,
        "Interest Income Non Operating": 77740000.0,
        "Operating Income": 527316000.0,
        "Operating Expense": 465380000.0,
        "Other Operating Expenses": 22431000.0,
        "Other Taxes": NaN,
        "Provision For Doubtful Accounts": NaN,
        "Depreciation Amortization Depletion Income Statement": NaN,
        "Depreciation And Amortization In Income Statement": NaN,
        "Amortization": NaN,
        "Amortization Of Intangibles Income Statement": NaN,
        "Depreciation Income Statement": NaN,
        "Selling General And Administration": 442949000.0,
        "Selling And Marketing Expense": NaN,
        "General And Administrative Expense": NaN,
        "Other Gand A": NaN,
        "Salaries And Wages": NaN,
        "Gross Profit": 992696000.0,
        "Cost Of Revenue": 4192014000.0,
        "Total Revenue": 5184710000.0,
        "Operating Revenue": 5184710000.0
    },
    "2023-12-31": {
        "Tax Effect Of Unusual Items": 22760941.549664,
        "Tax Rate For Calcs": 0.219389,
        "Normalized EBITDA": 841015000.0,
        "Total Unusual Items": 103747000.0,
        "Total Unusual Items Excluding Goodwill": 103747000.0,
        "Net Income From Continuing Operation Net Minority Interest": 413873000.0,
        "Reconciled Depreciation": 190999000.0,
        "Reconciled Cost Of Revenue": 3866434000.0,
        "EBITDA": 944762000.0,
        "EBIT": 753763000.0,
        "Net Interest Income": 16990000.0,
        "Interest Expense": 44306000.0,
        "Interest Income": 93790000.0,
        "Normalized Income": 332886941.549664,
        "Net Income From Continuing And Discontinued Operation": 413873000.0,
        "Total Expenses": 4366506000.0,
        "Total Operating Income As Reported": 581567000.0,
        "Diluted Average Shares": 196307678.0,
        "Basic Average Shares": 196307678.0,
        "Diluted EPS": 2.11,
        "Basic EPS": 2.11,
        "Diluted NI Availto Com Stockholders": 413873000.0,
        "Net Income Common Stockholders": 413873000.0,
        "Net Income": 413873000.0,
        "Minority Interests": -139937000.0,
        "Net Income Including Noncontrolling Interests": 553810000.0,
        "Net Income Continuous Operations": 553810000.0,
        "Tax Provision": 155647000.0,
        "Pretax Income": 709457000.0,
        "Other Income Expense": 128233000.0,
        "Special Income Charges": 17333000.0,
        "Other Special Charges": NaN,
        "Restructuring And Mergern Acquisition": 0.0,
        "Earnings From Equity Interest": 24486000.0,
        "Gain On Sale Of Security": 86414000.0,
        "Net Non Operating Interest Income Expense": 16990000.0,
        "Total Other Finance Cost": 32494000.0,
        "Interest Expense Non Operating": 44306000.0,
        "Interest Income Non Operating": 93790000.0,
        "Operating Income": 564234000.0,
        "Operating Expense": 327952000.0,
        "Other Operating Expenses": 5114000.0,
        "Other Taxes": 30026000.0,
        "Provision For Doubtful Accounts": 75000.0,
        "Depreciation Amortization Depletion Income Statement": 18879000.0,
        "Depreciation And Amortization In Income Statement": 18879000.0,
        "Amortization": 14033000.0,
        "Amortization Of Intangibles Income Statement": 14033000.0,
        "Depreciation Income Statement": 4846000.0,
        "Selling General And Administration": 271024000.0,
        "Selling And Marketing Expense": 231559000.0,
        "General And Administrative Expense": 39465000.0,
        "Other Gand A": 47784000.0,
        "Salaries And Wages": -8319000.0,
        "Gross Profit": 892186000.0,
        "Cost Of Revenue": 4038554000.0,
        "Total Revenue": 4930739000.0,
        "Operating Revenue": 4930739000.0
    },
    "2024-03-31": {
        "Tax Effect Of Unusual Items": -14231520.0,
        "Tax Rate For Calcs": 0.08,
        "Normalized EBITDA": 925497000.0,
        "Total Unusual Items": -177894000.0,
        "Total Unusual Items Excluding Goodwill": -177894000.0,
        "Net Income From Continuing Operation Net Minority Interest": 361436000.0,
        "Reconciled Depreciation": 170858000.0,
        "Reconciled Cost Of Revenue": 3518619000.0,
        "EBITDA": 747603000.0,
        "EBIT": 576745000.0,
        "Net Interest Income": 15344000.0,
        "Interest Expense": 44879000.0,
        "Interest Income": 82554000.0,
        "Normalized Income": 525098480.0,
        "Net Income From Continuing And Discontinued Operation": 361436000.0,
        "Total Expenses": 4103441000.0,
        "Total Operating Income As Reported": 674856000.0,
        "Diluted Average Shares": 196307678.0,
        "Basic Average Shares": 196307678.0,
        "Diluted EPS": 1.8,
        "Basic EPS": 1.8,
        "Diluted NI Availto Com Stockholders": 361436000.0,
        "Net Income Common Stockholders": 361436000.0,
        "Net Income": 361436000.0,
        "Minority Interests": -129995000.0,
        "Net Income Including Noncontrolling Interests": 491431000.0,
        "Net Income Continuous Operations": 491431000.0,
        "Tax Provision": 40435000.0,
        "Pretax Income": 531866000.0,
        "Other Income Expense": -158334000.0,
        "Special Income Charges": NaN,
        "Other Special Charges": NaN,
        "Restructuring And Mergern Acquisition": NaN,
        "Earnings From Equity Interest": 19560000.0,
        "Gain On Sale Of Security": -177894000.0,
        "Net Non Operating Interest Income Expense": 15344000.0,
        "Total Other Finance Cost": 22331000.0,
        "Interest Expense Non Operating": 44879000.0,
        "Interest Income Non Operating": 82554000.0,
        "Operating Income": 674856000.0,
        "Operating Expense": 428697000.0,
        "Other Operating Expenses": -2469000.0,
        "Other Taxes": 36539000.0,
        "Provision For Doubtful Accounts": 1211000.0,
        "Depreciation Amortization Depletion Income Statement": 14733000.0,
        "Depreciation And Amortization In Income Statement": 14733000.0,
        "Amortization": 8880000.0,
        "Amortization Of Intangibles Income Statement": 8880000.0,
        "Depreciation Income Statement": 5853000.0,
        "Selling General And Administration": 375796000.0,
        "Selling And Marketing Expense": 214920000.0,
        "General And Administrative Expense": 160876000.0,
        "Other Gand A": 53664000.0,
        "Salaries And Wages": 107212000.0,
        "Gross Profit": 1103553000.0,
        "Cost Of Revenue": 3674744000.0,
        "Total Revenue": 4778297000.0,
        "Operating Revenue": 4778297000.0
    },
    "2024-06-30": {
        "Tax Effect Of Unusual Items": -234900000.0,
        "Tax Rate For Calcs": 0.3,
        "Normalized EBITDA": 591000000.0,
        "Total Unusual Items": -783000000.0,
        "Total Unusual Items Excluding Goodwill": -783000000.0,
        "Net Income From Continuing Operation Net Minority Interest": -728000000.0,
        "Reconciled Depreciation": 199000000.0,
        "Reconciled Cost Of Revenue": 3758000000.0,
        "EBITDA": -192000000.0,
        "EBIT": -391000000.0,
        "Net Interest Income": -39000000.0,
        "Interest Expense": 45000000.0,
        "Interest Income": 73000000.0,
        "Normalized Income": -179900000.0,
        "Net Income From Continuing And Discontinued Operation": -728000000.0,
        "Total Expenses": 4144000000.0,
        "Total Operating Income As Reported": 371000000.0,
        "Diluted Average Shares": 196307678.0,
        "Basic Average Shares": 196307678.0,
        "Diluted EPS": -3.71,
        "Basic EPS": -3.71,
        "Diluted NI Availto Com Stockholders": -728000000.0,
        "Net Income Common Stockholders": -728000000.0,
        "Net Income": -728000000.0,
        "Minority Interests": 16000000.0,
        "Net Income Including Noncontrolling Interests": -743000000.0,
        "Net Income Continuous Operations": -743000000.0,
        "Tax Provision": 307000000.0,
        "Pretax Income": -436000000.0,
        "Other Income Expense": -768000000.0,
        "Special Income Charges": -783000000.0,
        "Other Special Charges": 783000000.0,
        "Restructuring And Mergern Acquisition": NaN,
        "Earnings From Equity Interest": 15000000.0,
        "Gain On Sale Of Security": NaN,
        "Net Non Operating Interest Income Expense": -39000000.0,
        "Total Other Finance Cost": 67000000.0,
        "Interest Expense Non Operating": 45000000.0,
        "Interest Income Non Operating": 73000000.0,
        "Operating Income": 371000000.0,
        "Operating Expense": 386000000.0,
        "Other Operating Expenses": -49000000.0,
        "Other Taxes": NaN,
        "Provision For Doubtful Accounts": NaN,
        "Depreciation Amortization Depletion Income Statement": NaN,
        "Depreciation And Amortization In Income Statement": NaN,
        "Amortization": NaN,
        "Amortization Of Intangibles Income Statement": NaN,
        "Depreciation Income Statement": NaN,
        "Selling General And Administration": 435000000.0,
        "Selling And Marketing Expense": NaN,
        "General And Administrative Expense": NaN,
        "Other Gand A": NaN,
        "Salaries And Wages": NaN,
        "Gross Profit": 757000000.0,
        "Cost Of Revenue": 3758000000.0,
        "Total Revenue": 4514000000.0,
        "Operating Revenue": 4514000000.0
    }
}