{
    "2023-03-31": {
        "Tax Effect Of Unusual Items": NaN,
        "Tax Rate For Calcs": NaN,
        "Normalized EBITDA": NaN,
        "Total Unusual Items": NaN,
        "Total Unusual Items Excluding Goodwill": NaN,
        "Net Income From Continuing Operation Net Minority Interest": NaN,
        "Reconciled Depreciation": NaN,
        "Reconciled Cost Of Revenue": 0.0,
        "EBITDA": NaN,
        "EBIT": NaN,
        "Net Interest Income": NaN,
        "Interest Expense": NaN,
        "Normalized Income": NaN,
        "Net Income From Continuing And Discontinued Operation": NaN,
        "Total Expenses": NaN,
        "Total Operating Income As Reported": NaN,
        "Diluted Average Shares": NaN,
        "Basic Average Shares": NaN,
        "Diluted EPS": NaN,
        "Basic EPS": NaN,
        "Diluted NI Availto Com Stockholders": NaN,
        "Net Income Common Stockholders": NaN,
        "Net Income": NaN,
        "Net Income Including Noncontrolling Interests": NaN,
        "Net Income Discontinuous Operations": NaN,
        "Net Income Continuous Operations": NaN,
        "Tax Provision": NaN,
        "Pretax Income": NaN,
        "Other Income Expense": NaN,
        "Other Non Operating Income Expenses": NaN,
        "Special Income Charges": NaN,
        "Impairment Of Capital Assets": NaN,
        "Net Non Operating Interest Income Expense": NaN,
        "Interest Expense Non Operating": NaN,
        "Operating Income": NaN,
        "Operating Expense": NaN,
        "Depreciation Amortization Depletion Income Statement": NaN,
        "Depreciation And Amortization In Income Statement": NaN,
        "Selling General And Administration": NaN,
        "General And Administrative Expense": 3056000.0,
        "Other Gand A": 3056000.0,
        "Gross Profit": 416000.0,
        "Cost Of Revenue": 0.0,
        "Total Revenue": NaN,
        "Operating Revenue": NaN
    },
    "2022-12-31": {
        "Tax Effect Of Unusual Items": NaN,
        "Tax Rate For Calcs": NaN,
        "Normalized EBITDA": NaN,
        "Total Unusual Items": -144400000.0,
        "Total Unusual Items Excluding Goodwill": -144400000.0,
        "Net Income From Continuing Operation Net Minority Interest": NaN,
        "Reconciled Depreciation": NaN,
        "Reconciled Cost Of Revenue": -11991000.0,
        "EBITDA": NaN,
        "EBIT": NaN,
        "Net Interest Income": NaN,
        "Interest Expense": NaN,
        "Normalized Income": NaN,
        "Net Income From Continuing And Discontinued Operation": NaN,
        "Total Expenses": NaN,
        "Total Operating Income As Reported": NaN,
        "Diluted Average Shares": NaN,
        "Basic Average Shares": NaN,
        "Diluted EPS": NaN,
        "Basic EPS": NaN,
        "Diluted NI Availto Com Stockholders": NaN,
        "Net Income Common Stockholders": NaN,
        "Net Income": NaN,
        "Net Income Including Noncontrolling Interests": NaN,
        "Net Income Discontinuous Operations": NaN,
        "Net Income Continuous Operations": NaN,
        "Tax Provision": -290000.0,
        "Pretax Income": NaN,
        "Other Income Expense": NaN,
        "Other Non Operating Income Expenses": NaN,
        "Special Income Charges": -144476000.0,
        "Impairment Of Capital Assets": NaN,
        "Net Non Operating Interest Income Expense": NaN,
        "Interest Expense Non Operating": NaN,
        "Operating Income": NaN,
        "Operating Expense": NaN,
        "Depreciation Amortization Depletion Income Statement": NaN,
        "Depreciation And Amortization In Income Statement": NaN,
        "Research And Development": -4092000.0,
        "Selling General And Administration": NaN,
        "Selling And Marketing Expense": -61703000.0,
        "General And Administrative Expense": 2458000.0,
        "Other Gand A": 2458000.0,
        "Gross Profit": 13143000.0,
        "Cost Of Revenue": -11991000.0,
        "Total Revenue": NaN,
        "Operating Revenue": NaN
    },
    "2022-09-30": {
        "Tax Effect Of Unusual Items": NaN,
        "Tax Rate For Calcs": NaN,
        "Normalized EBITDA": NaN,
        "Total Unusual Items": -76000.0,
        "Total Unusual Items Excluding Goodwill": -76000.0,
        "Net Income From Continuing Operation Net Minority Interest": NaN,
        "Reconciled Depreciation": NaN,
        "Reconciled Cost Of Revenue": 354000.0,
        "EBITDA": NaN,
        "EBIT": NaN,
        "Net Interest Income": 0.0,
        "Interest Expense": 0.0,
        "Normalized Income": NaN,
        "Net Income From Continuing And Discontinued Operation": NaN,
        "Total Expenses": NaN,
        "Total Operating Income As Reported": NaN,
        "Diluted Average Shares": 9261000.0,
        "Basic Average Shares": 9261000.0,
        "Diluted EPS": -3.13,
        "Basic EPS": -3.13,
        "Diluted NI Availto Com Stockholders": NaN,
        "Net Income Common Stockholders": NaN,
        "Net Income": NaN,
        "Net Income Including Noncontrolling Interests": NaN,
        "Net Income Discontinuous Operations": -14334000.0,
        "Net Income Continuous Operations": NaN,
        "Tax Provision": -260000.0,
        "Pretax Income": NaN,
        "Other Income Expense": NaN,
        "Other Non Operating Income Expenses": NaN,
        "Special Income Charges": 0.0,
        "Gain On Sale Of Business": 0.0,
        "Gain On Sale Of Security": -76000.0,
        "Net Non Operating Interest Income Expense": 0.0,
        "Total Other Finance Cost": 2582000.0,
        "Interest Expense Non Operating": 0.0,
        "Operating Income": NaN,
        "Operating Expense": NaN,
        "Depreciation Amortization Depletion Income Statement": 273000.0,
        "Depreciation And Amortization In Income Statement": 273000.0,
        "Research And Development": 1112000.0,
        "Selling General And Administration": NaN,
        "Selling And Marketing Expense": 19129000.0,
        "General And Administrative Expense": 17635000.0,
        "Other Gand A": 17635000.0,
        "Gross Profit": 0.0,
        "Cost Of Revenue": 354000.0,
        "Total Revenue": NaN,
        "Operating Revenue": NaN
    },
    "2022-06-30": {
        "Tax Effect Of Unusual Items": 698932.031091,
        "Tax Rate For Calcs": 0.004875,
        "Normalized EBITDA": -25734000.0,
        "Total Unusual Items": 143384000.0,
        "Total Unusual Items Excluding Goodwill": 143384000.0,
        "Net Income From Continuing Operation Net Minority Interest": 112281000.0,
        "Reconciled Depreciation": 1046000.0,
        "Reconciled Cost Of Revenue": 4740000.0,
        "EBITDA": 117650000.0,
        "EBIT": 116604000.0,
        "Net Interest Income": -11696000.0,
        "Interest Expense": 3773000.0,
        "Normalized Income": -30404067.968909,
        "Net Income From Continuing And Discontinued Operation": 112281000.0,
        "Total Expenses": 47402000.0,
        "Total Operating Income As Reported": -18841000.0,
        "Diluted Average Shares": 8750000.0,
        "Basic Average Shares": 8750000.0,
        "Diluted EPS": 12.83,
        "Basic EPS": 12.83,
        "Diluted NI Availto Com Stockholders": 112281000.0,
        "Net Income Common Stockholders": 112281000.0,
        "Net Income": 112281000.0,
        "Net Income Including Noncontrolling Interests": 112281000.0,
        "Net Income Discontinuous Operations": NaN,
        "Net Income Continuous Operations": 112281000.0,
        "Tax Provision": 550000.0,
        "Pretax Income": 112831000.0,
        "Other Income Expense": 143368000.0,
        "Other Non Operating Income Expenses": -16000.0,
        "Special Income Charges": 143384000.0,
        "Gain On Sale Of Business": 143384000.0,
        "Gain On Sale Of Security": NaN,
        "Net Non Operating Interest Income Expense": -11696000.0,
        "Total Other Finance Cost": 7923000.0,
        "Interest Expense Non Operating": 3773000.0,
        "Operating Income": -18841000.0,
        "Operating Expense": 42662000.0,
        "Depreciation Amortization Depletion Income Statement": NaN,
        "Depreciation And Amortization In Income Statement": NaN,
        "Research And Development": 1580000.0,
        "Selling General And Administration": 41082000.0,
        "Selling And Marketing Expense": 23679000.0,
        "General And Administrative Expense": 17403000.0,
        "Other Gand A": 17403000.0,
        "Gross Profit": 23821000.0,
        "Cost Of Revenue": 4740000.0,
        "Total Revenue": 28561000.0,
        "Operating Revenue": 28561000.0
    },
    "2022-03-31": {
        "Diluted EPS": -5.7,
        "Total Revenue": 1,
        "Gross Profit": NaN,
        "Operating Income": -18,
        "EBIT": -18,
        "Net Income": -49
    },
    "2021-12-31": {
        "Diluted EPS": -4.96,
        "Total Revenue": -66,
        "Gross Profit": -53,
        "Operating Income": 25,
        "EBIT": 22,
        "Net Income": -43
    },
    "2021-09-30": {
        "Diluted EPS": -5.62,
        "Total Revenue": 25,
        "Gross Profit": 20,
        "Operating Income": -40,
        "EBIT": -39,
        "Net Income": -47
    },
    "2021-06-30": {
        "Diluted EPS": -5.41,
        "Total Revenue": 23,
        "Gross Profit": 19,
        "Operating Income": -35,
        "EBIT": -34,
        "Net Income": -43
    },
    "2021-03-31": {
        "Diluted EPS": -5.67,
        "Total Revenue": 20,
        "Gross Profit": 15,
        "Operating Income": -29,
        "EBIT": -28,
        "Net Income": -39
    },
    "2020-12-31": {
        "Diluted EPS": -7.5,
        "Total Revenue": 23,
        "Gross Profit": 17,
        "Operating Income": -35,
        "EBIT": -34,
        "Net Income": -42
    },
    "2020-09-30": {
        "Diluted EPS": -6.0,
        "Total Revenue": 19,
        "Gross Profit": 16,
        "Operating Income": -25,
        "EBIT": -24,
        "Net Income": -33
    },
    "2020-06-30": {
        "Diluted EPS": -9.5,
        "Total Revenue": 11,
        "Gross Profit": 6,
        "Operating Income": -45,
        "EBIT": -44,
        "Net Income": -52
    },
    "2020-03-31": {
        "Diluted EPS": -10.5,
        "Total Revenue": 12,
        "Gross Profit": 10,
        "Operating Income": -51,
        "EBIT": -50,
        "Net Income": -57
    },
    "2019-12-31": {
        "Diluted EPS": -10.0,
        "Total Revenue": 16,
        "Gross Profit": 13,
        "Operating Income": -44,
        "EBIT": -44,
        "Net Income": -49
    },
    "2019-09-30": {
        "Diluted EPS": -6.5,
        "Total Revenue": 24,
        "Gross Profit": 22,
        "Operating Income": -27,
        "EBIT": -27,
        "Net Income": -32
    },
    "2019-06-30": {
        "Diluted EPS": -11.5,
        "Total Revenue": 6,
        "Gross Profit": 5,
        "Operating Income": -42,
        "EBIT": -41,
        "Net Income": -55
    },
    "2019-03-31": {
        "Diluted EPS": -8.0,
        "Total Revenue": 4,
        "Gross Profit": 3,
        "Operating Income": -38,
        "EBIT": -38,
        "Net Income": -40
    },
    "2018-12-31": {
        "Diluted EPS": -8.5,
        "Total Revenue": 5,
        "Gross Profit": 4,
        "Operating Income": -38,
        "EBIT": -38,
        "Net Income": -39
    },
    "2018-09-30": {
        "Diluted EPS": -8.0,
        "Total Revenue": 3,
        "Gross Profit": 3,
        "Operating Income": -34,
        "EBIT": -34,
        "Net Income": -36
    },
    "2018-06-30": {
        "Diluted EPS": -7.5,
        "Total Revenue": 4,
        "Gross Profit": 3,
        "Operating Income": -33,
        "EBIT": -33,
        "Net Income": -33
    },
    "2018-03-31": {
        "Diluted EPS": -5.5,
        "Total Revenue": 4,
        "Gross Profit": 3,
        "Operating Income": -25,
        "EBIT": -25,
        "Net Income": -24
    },
    "2017-12-31": {
        "Diluted EPS": -4.5,
        "Total Revenue": 4,
        "Gross Profit": 4,
        "Operating Income": -22,
        "EBIT": -22,
        "Net Income": -21
    },
    "2017-09-30": {
        "Diluted EPS": -3.5,
        "Total Revenue": 4,
        "Gross Profit": 4,
        "Operating Income": -15,
        "EBIT": -15,
        "Net Income": -15
    },
    "2017-06-30": {
        "Diluted EPS": -5.0,
        "Total Revenue": 4,
        "Gross Profit": 4,
        "Operating Income": -20,
        "EBIT": -20,
        "Net Income": -20
    },
    "2017-03-31": {
        "Diluted EPS": -5.5,
        "Total Revenue": 4,
        "Gross Profit": 3,
        "Operating Income": -21,
        "EBIT": -21,
        "Net Income": -21
    },
    "2016-12-31": {
        "Diluted EPS": -5.5,
        "Total Revenue": 4,
        "Gross Profit": 4,
        "Operating Income": -23,
        "EBIT": -23,
        "Net Income": -23
    },
    "2016-09-30": {
        "Diluted EPS": -6.5,
        "Total Revenue": 6,
        "Gross Profit": 4,
        "Operating Income": -25,
        "EBIT": -25,
        "Net Income": -25
    },
    "2016-06-30": {
        "Diluted EPS": -5.5,
        "Total Revenue": 4,
        "Gross Profit": 3,
        "Operating Income": -21,
        "EBIT": -21,
        "Net Income": -21
    },
    "2016-03-31": {
        "Diluted EPS": -5.5,
        "Total Revenue": 5,
        "Gross Profit": 4,
        "Operating Income": -21,
        "EBIT": -21,
        "Net Income": -21
    },
    "2015-12-31": {
        "Diluted EPS": -4.5,
        "Total Revenue": 6,
        "Gross Profit": 4,
        "Operating Income": -18,
        "EBIT": -17,
        "Net Income": -17
    },
    "2015-09-30": {
        "Diluted EPS": -5.5,
        "Total Revenue": 5,
        "Gross Profit": 4,
        "Operating Income": -20,
        "EBIT": -19,
        "Net Income": -19
    },
    "2015-06-30": {
        "Diluted EPS": -8.0,
        "Total Revenue": 5,
        "Gross Profit": 4,
        "Operating Income": -27,
        "EBIT": -27,
        "Net Income": -27
    },
    "2015-03-31": {
        "Diluted EPS": -6.5,
        "Total Revenue": 4,
        "Gross Profit": 3,
        "Operating Income": -21,
        "EBIT": -21,
        "Net Income": -21
    },
    "2014-12-31": {
        "Diluted EPS": -5.5,
        "Total Revenue": 4,
        "Gross Profit": 3,
        "Operating Income": -16,
        "EBIT": -16,
        "Net Income": -16
    },
    "2014-09-30": {
        "Diluted EPS": -6.0,
        "Total Revenue": 4,
        "Gross Profit": 3,
        "Operating Income": -18,
        "EBIT": -18,
        "Net Income": -18
    },
    "2014-06-30": {
        "Diluted EPS": -3.5,
        "Total Revenue": 4,
        "Gross Profit": 3,
        "Operating Income": -11,
        "EBIT": -11,
        "Net Income": -11
    },
    "2014-03-31": {
        "Diluted EPS": -3.0,
        "Total Revenue": 3,
        "Gross Profit": 2,
        "Operating Income": -9,
        "EBIT": -9,
        "Net Income": -9
    },
    "2013-12-31": {
        "Diluted EPS": -2.5,
        "Total Revenue": 3,
        "Gross Profit": 2,
        "Operating Income": -8,
        "EBIT": -8,
        "Net Income": -8
    },
    "2013-09-30": {
        "Diluted EPS": -3.0,
        "Total Revenue": 2,
        "Gross Profit": 2,
        "Operating Income": -7,
        "EBIT": -7,
        "Net Income": -8
    },
    "2013-06-30": {
        "Diluted EPS": -2.5,
        "Total Revenue": 2,
        "Gross Profit": 2,
        "Operating Income": -6,
        "EBIT": -5,
        "Net Income": -6
    },
    "2013-03-31": {
        "Diluted EPS": -3.0,
        "Total Revenue": 2,
        "Gross Profit": 1,
        "Operating Income": -5,
        "EBIT": -4,
        "Net Income": -6
    },
    "2012-12-31": {
        "Diluted EPS": -2.0,
        "Total Revenue": 1,
        "Gross Profit": 1,
        "Operating Income": -5,
        "EBIT": -5,
        "Net Income": -6
    },
    "2012-09-30": {
        "Diluted EPS": -2.0,
        "Total Revenue": 1,
        "Gross Profit": 1,
        "Operating Income": -4,
        "EBIT": -4,
        "Net Income": -4
    },
    "2012-06-30": {
        "Diluted EPS": -7.0,
        "Total Revenue": 1,
        "Gross Profit": 0,
        "Operating Income": -4,
        "EBIT": -3,
        "Net Income": -12
    },
    "2012-03-31": {
        "Diluted EPS": -8.0,
        "Total Revenue": 1,
        "Gross Profit": 0,
        "Operating Income": -3,
        "EBIT": -3,
        "Net Income": -13
    },
    "2011-12-31": {
        "Diluted EPS": -7.5,
        "Total Revenue": 1,
        "Gross Profit": 0,
        "Operating Income": -2,
        "EBIT": -2,
        "Net Income": -10
    },
    "2011-09-30": {
        "Diluted EPS": -1.5,
        "Total Revenue": 1,
        "Gross Profit": 0,
        "Operating Income": -1,
        "EBIT": -1,
        "Net Income": -1
    },
    "2011-06-30": {
        "Diluted EPS": -1.0,
        "Total Revenue": 1,
        "Gross Profit": 0,
        "Operating Income": -1,
        "EBIT": -1,
        "Net Income": -1
    },
    "2011-03-31": {
        "Diluted EPS": -0.5,
        "Total Revenue": 0,
        "Gross Profit": 0,
        "Operating Income": -1,
        "EBIT": -1,
        "Net Income": -1
    },
    "2023-06-30": {
        "Tax Effect Of Unusual Items": 0.0,
        "Tax Rate For Calcs": 0.0,
        "Normalized EBITDA": -2240000.0,
        "Total Unusual Items": 0.0,
        "Total Unusual Items Excluding Goodwill": 0.0,
        "Net Income From Continuing Operation Net Minority Interest": -2414000.0,
        "Reconciled Depreciation": 129000.0,
        "Reconciled Cost Of Revenue": 0.0,
        "EBITDA": -2240000.0,
        "EBIT": -2369000.0,
        "Net Interest Income": -45000.0,
        "Interest Expense": 45000.0,
        "Normalized Income": -2414000.0,
        "Net Income From Continuing And Discontinued Operation": -2414000.0,
        "Total Expenses": 2909000.0,
        "Total Operating Income As Reported": -2472000.0,
        "Diluted Average Shares": 10219000.0,
        "Basic Average Shares": 10219000.0,
        "Diluted EPS": -0.24,
        "Basic EPS": -0.24,
        "Diluted NI Availto Com Stockholders": -2414000.0,
        "Net Income Common Stockholders": -2414000.0,
        "Net Income": -2414000.0,
        "Net Income Including Noncontrolling Interests": -2414000.0,
        "Net Income Discontinuous Operations": 0.0,
        "Net Income Continuous Operations": -2414000.0,
        "Tax Provision": 0.0,
        "Pretax Income": -2414000.0,
        "Other Income Expense": 103000.0,
        "Other Non Operating Income Expenses": 103000.0,
        "Special Income Charges": 0.0,
        "Impairment Of Capital Assets": 0.0,
        "Net Non Operating Interest Income Expense": -45000.0,
        "Interest Expense Non Operating": 45000.0,
        "Operating Income": -2472000.0,
        "Operating Expense": 2909000.0,
        "Depreciation Amortization Depletion Income Statement": 128000.0,
        "Depreciation And Amortization In Income Statement": 128000.0,
        "Selling General And Administration": 2781000.0,
        "Gross Profit": 437000.0,
        "Cost Of Revenue": 0.0,
        "Total Revenue": 437000.0,
        "Operating Revenue": 437000.0
    },
    "2023-09-30": {
        "Tax Effect Of Unusual Items": 0.0,
        "Tax Rate For Calcs": 0.0,
        "Normalized EBITDA": -1284000.0,
        "Total Unusual Items": 0.0,
        "Total Unusual Items Excluding Goodwill": 0.0,
        "Net Income From Continuing Operation Net Minority Interest": -1434000.0,
        "Reconciled Depreciation": 129000.0,
        "Reconciled Cost Of Revenue": 1000.0,
        "EBITDA": -1284000.0,
        "EBIT": -1414000.0,
        "Net Interest Income": -20000.0,
        "Interest Expense": 20000.0,
        "Normalized Income": -1434000.0,
        "Net Income From Continuing And Discontinued Operation": -3378000.0,
        "Total Expenses": 1720000.0,
        "Total Operating Income As Reported": -1773000.0,
        "Diluted Average Shares": 10701000.0,
        "Basic Average Shares": 10701000.0,
        "Diluted EPS": -0.32,
        "Basic EPS": -0.32,
        "Diluted NI Availto Com Stockholders": -3378000.0,
        "Net Income Common Stockholders": -3378000.0,
        "Net Income": -3378000.0,
        "Net Income Including Noncontrolling Interests": -3378000.0,
        "Net Income Discontinuous Operations": -1944000.0,
        "Net Income Continuous Operations": -1434000.0,
        "Tax Provision": 0.0,
        "Pretax Income": -1434000.0,
        "Other Income Expense": 359000.0,
        "Other Non Operating Income Expenses": 359000.0,
        "Special Income Charges": 0.0,
        "Impairment Of Capital Assets": 0.0,
        "Net Non Operating Interest Income Expense": -20000.0,
        "Interest Expense Non Operating": 20000.0,
        "Operating Income": -1773000.0,
        "Operating Expense": 1720000.0,
        "Depreciation Amortization Depletion Income Statement": 130000.0,
        "Depreciation And Amortization In Income Statement": 130000.0,
        "Selling General And Administration": 1590000.0,
        "Gross Profit": -53000.0,
        "Cost Of Revenue": 0.0,
        "Total Revenue": -53000.0,
        "Operating Revenue": -53000.0
    },
    "2024-03-31": {
        "Tax Effect Of Unusual Items": 0.0,
        "Tax Rate For Calcs": 0.0,
        "Normalized EBITDA": -676000.0,
        "Total Unusual Items": NaN,
        "Total Unusual Items Excluding Goodwill": NaN,
        "Net Income From Continuing Operation Net Minority Interest": -809000.0,
        "Reconciled Depreciation": 133000.0,
        "Reconciled Cost Of Revenue": NaN,
        "EBITDA": -676000.0,
        "EBIT": -809000.0,
        "Net Interest Income": 0.0,
        "Interest Expense": 0.0,
        "Normalized Income": -809000.0,
        "Net Income From Continuing And Discontinued Operation": -734000.0,
        "Total Expenses": 1455000.0,
        "Total Operating Income As Reported": -1142000.0,
        "Diluted Average Shares": 11532000.0,
        "Basic Average Shares": 11532000.0,
        "Diluted EPS": -0.06,
        "Basic EPS": -0.06,
        "Diluted NI Availto Com Stockholders": -734000.0,
        "Net Income Common Stockholders": -734000.0,
        "Net Income": -734000.0,
        "Net Income Including Noncontrolling Interests": -734000.0,
        "Net Income Discontinuous Operations": 75000.0,
        "Net Income Continuous Operations": -809000.0,
        "Tax Provision": 0.0,
        "Pretax Income": -809000.0,
        "Other Income Expense": 333000.0,
        "Other Non Operating Income Expenses": 333000.0,
        "Special Income Charges": NaN,
        "Impairment Of Capital Assets": NaN,
        "Net Non Operating Interest Income Expense": 0.0,
        "Interest Expense Non Operating": 0.0,
        "Operating Income": -1142000.0,
        "Operating Expense": 1455000.0,
        "Depreciation Amortization Depletion Income Statement": 133000.0,
        "Depreciation And Amortization In Income Statement": 133000.0,
        "Selling General And Administration": 1322000.0,
        "Gross Profit": NaN,
        "Cost Of Revenue": NaN,
        "Total Revenue": 313000.0,
        "Operating Revenue": 313000.0
    },
    "2024-06-30": {
        "Tax Effect Of Unusual Items": 0.0,
        "Tax Rate For Calcs": 0.0,
        "Normalized EBITDA": 396000.0,
        "Total Unusual Items": -1261000.0,
        "Total Unusual Items Excluding Goodwill": -1261000.0,
        "Net Income From Continuing Operation Net Minority Interest": -1050000.0,
        "Reconciled Depreciation": 180000.0,
        "Reconciled Cost Of Revenue": NaN,
        "EBITDA": -865000.0,
        "EBIT": -1045000.0,
        "Net Interest Income": -5000.0,
        "Interest Expense": 5000.0,
        "Normalized Income": 211000.0,
        "Net Income From Continuing And Discontinued Operation": -1090000.0,
        "Total Expenses": 1413000.0,
        "Total Operating Income As Reported": -2440000.0,
        "Diluted Average Shares": 11532000.0,
        "Basic Average Shares": 11532000.0,
        "Diluted EPS": -0.09,
        "Basic EPS": -0.09,
        "Diluted NI Availto Com Stockholders": -1090000.0,
        "Net Income Common Stockholders": -1090000.0,
        "Net Income": -1090000.0,
        "Net Income Including Noncontrolling Interests": -1090000.0,
        "Net Income Discontinuous Operations": -40000.0,
        "Net Income Continuous Operations": -1050000.0,
        "Tax Provision": 0.0,
        "Pretax Income": -1050000.0,
        "Other Income Expense": 134000.0,
        "Other Non Operating Income Expenses": 1395000.0,
        "Special Income Charges": -1261000.0,
        "Impairment Of Capital Assets": 1261000.0,
        "Net Non Operating Interest Income Expense": -5000.0,
        "Interest Expense Non Operating": 5000.0,
        "Operating Income": -1179000.0,
        "Operating Expense": 1413000.0,
        "Depreciation Amortization Depletion Income Statement": 180000.0,
        "Depreciation And Amortization In Income Statement": 180000.0,
        "Selling General And Administration": 1233000.0,
        "Gross Profit": 234000.0,
        "Cost Of Revenue": NaN,
        "Total Revenue": 234000.0,
        "Operating Revenue": 234000.0
    },
    "2024-09-30": {
        "Tax Effect Of Unusual Items": 0.0,
        "Tax Rate For Calcs": 0.0,
        "Normalized EBITDA": -468000.0,
        "Total Unusual Items": 0.0,
        "Total Unusual Items Excluding Goodwill": 0.0,
        "Net Income From Continuing Operation Net Minority Interest": -567000.0,
        "Reconciled Depreciation": 96000.0,
        "Reconciled Cost Of Revenue": NaN,
        "EBITDA": -468000.0,
        "EBIT": -564000.0,
        "Net Interest Income": -3000.0,
        "Interest Expense": 3000.0,
        "Normalized Income": -567000.0,
        "Net Income From Continuing And Discontinued Operation": -609000.0,
        "Total Expenses": 1406000.0,
        "Total Operating Income As Reported": -859000.0,
        "Diluted Average Shares": 11532000.0,
        "Basic Average Shares": 11532000.0,
        "Diluted EPS": -0.05,
        "Basic EPS": -0.05,
        "Diluted NI Availto Com Stockholders": -609000.0,
        "Net Income Common Stockholders": -609000.0,
        "Net Income": -609000.0,
        "Net Income Including Noncontrolling Interests": -609000.0,
        "Net Income Discontinuous Operations": -42000.0,
        "Net Income Continuous Operations": -567000.0,
        "Tax Provision": 0.0,
        "Pretax Income": -567000.0,
        "Other Income Expense": 295000.0,
        "Other Non Operating Income Expenses": 295000.0,
        "Special Income Charges": 0.0,
        "Impairment Of Capital Assets": 0.0,
        "Net Non Operating Interest Income Expense": -3000.0,
        "Interest Expense Non Operating": 3000.0,
        "Operating Income": -859000.0,
        "Operating Expense": 1406000.0,
        "Depreciation Amortization Depletion Income Statement": 96000.0,
        "Depreciation And Amortization In Income Statement": 96000.0,
        "Selling General And Administration": 1310000.0,
        "Gross Profit": 547000.0,
        "Cost Of Revenue": NaN,
        "Total Revenue": 547000.0,
        "Operating Revenue": 547000.0
    }
}