{
    "2023-06-30": {
        "Tax Effect Of Unusual Items": 0.0,
        "Tax Rate For Calcs": 0.14,
        "Normalized EBITDA": 2391000000.0,
        "Total Unusual Items": 0.0,
        "Total Unusual Items Excluding Goodwill": 0.0,
        "Net Income From Continuing Operation Net Minority Interest": 1722000000.0,
        "Reconciled Depreciation": 300000000.0,
        "Reconciled Cost Of Revenue": 1621000000.0,
        "EBITDA": 2391000000.0,
        "EBIT": 2091000000.0,
        "Net Interest Income": -89000000.0,
        "Interest Expense": 89000000.0,
        "Normalized Income": 1722000000.0,
        "Net Income From Continuing And Discontinued Operation": 1722000000.0,
        "Total Expenses": 2559000000.0,
        "Total Operating Income As Reported": 1972000000.0,
        "Diluted Average Shares": 916000000.0,
        "Basic Average Shares": 908000000.0,
        "Diluted EPS": 1.87,
        "Basic EPS": 1.89,
        "Diluted NI Availto Com Stockholders": 1714000000.0,
        "Average Dilution Earnings": NaN,
        "Net Income Common Stockholders": 1714000000.0,
        "Otherunder Preferred Stock Dividend": 8000000.0,
        "Net Income": 1722000000.0,
        "Net Income Including Noncontrolling Interests": 1722000000.0,
        "Net Income Continuous Operations": 1722000000.0,
        "Tax Provision": 280000000.0,
        "Pretax Income": 2002000000.0,
        "Other Income Expense": 119000000.0,
        "Other Non Operating Income Expenses": 119000000.0,
        "Special Income Charges": 0.0,
        "Restructuring And Mergern Acquisition": 0.0,
        "Net Non Operating Interest Income Expense": -89000000.0,
        "Interest Expense Non Operating": 89000000.0,
        "Operating Income": 1972000000.0,
        "Operating Expense": 938000000.0,
        "Research And Development": 477000000.0,
        "Selling General And Administration": 461000000.0,
        "Gross Profit": 2910000000.0,
        "Cost Of Revenue": 1621000000.0,
        "Total Revenue": 4531000000.0,
        "Operating Revenue": 4531000000.0
    },
    "2023-03-31": {
        "Tax Effect Of Unusual Items": 0.0,
        "Tax Rate For Calcs": 0.122,
        "Normalized EBITDA": 2295000000.0,
        "Total Unusual Items": 0.0,
        "Total Unusual Items Excluding Goodwill": 0.0,
        "Net Income From Continuing Operation Net Minority Interest": 1708000000.0,
        "Reconciled Depreciation": 281000000.0,
        "Reconciled Cost Of Revenue": 1516000000.0,
        "EBITDA": 2295000000.0,
        "EBIT": 2014000000.0,
        "Net Interest Income": -68000000.0,
        "Interest Expense": 68000000.0,
        "Normalized Income": 1708000000.0,
        "Net Income From Continuing And Discontinued Operation": 1708000000.0,
        "Total Expenses": 2445000000.0,
        "Total Operating Income As Reported": 1934000000.0,
        "Diluted Average Shares": 916000000.0,
        "Basic Average Shares": 907000000.0,
        "Diluted EPS": 1.85,
        "Basic EPS": 1.87,
        "Diluted NI Availto Com Stockholders": 1699000000.0,
        "Average Dilution Earnings": -9000000.0,
        "Net Income Common Stockholders": 1708000000.0,
        "Otherunder Preferred Stock Dividend": NaN,
        "Net Income": 1708000000.0,
        "Net Income Including Noncontrolling Interests": 1708000000.0,
        "Net Income Continuous Operations": 1708000000.0,
        "Tax Provision": 238000000.0,
        "Pretax Income": 1946000000.0,
        "Other Income Expense": 80000000.0,
        "Other Non Operating Income Expenses": 80000000.0,
        "Special Income Charges": 0.0,
        "Restructuring And Mergern Acquisition": 0.0,
        "Net Non Operating Interest Income Expense": -68000000.0,
        "Interest Expense Non Operating": 68000000.0,
        "Operating Income": 1934000000.0,
        "Operating Expense": 929000000.0,
        "Research And Development": 455000000.0,
        "Selling General And Administration": 474000000.0,
        "Gross Profit": 2863000000.0,
        "Cost Of Revenue": 1516000000.0,
        "Total Revenue": 4379000000.0,
        "Operating Revenue": 4379000000.0
    },
    "2022-12-31": {
        "Tax Effect Of Unusual Items": -4540839.870789,
        "Tax Rate For Calcs": 0.094601,
        "Normalized EBITDA": 2538000000.0,
        "Total Unusual Items": -48000000.0,
        "Total Unusual Items Excluding Goodwill": -48000000.0,
        "Net Income From Continuing Operation Net Minority Interest": 1962000000.0,
        "Reconciled Depreciation": 263000000.0,
        "Reconciled Cost Of Revenue": 1583000000.0,
        "EBITDA": 2490000000.0,
        "EBIT": 2227000000.0,
        "Net Interest Income": -60000000.0,
        "Interest Expense": 60000000.0,
        "Normalized Income": 2005459160.129211,
        "Net Income From Continuing And Discontinued Operation": 1962000000.0,
        "Total Expenses": 2446000000.0,
        "Total Operating Income As Reported": 2176000000.0,
        "Diluted Average Shares": 916000000.0,
        "Basic Average Shares": 906000000.0,
        "Diluted EPS": 2.13,
        "Basic EPS": 2.165563,
        "Diluted NI Availto Com Stockholders": 1953000000.0,
        "Average Dilution Earnings": NaN,
        "Net Income Common Stockholders": 1952000000.0,
        "Otherunder Preferred Stock Dividend": 10000000.0,
        "Net Income": 1962000000.0,
        "Net Income Including Noncontrolling Interests": 1962000000.0,
        "Net Income Continuous Operations": 1962000000.0,
        "Tax Provision": 205000000.0,
        "Pretax Income": 2167000000.0,
        "Other Income Expense": 3000000.0,
        "Other Non Operating Income Expenses": 51000000.0,
        "Special Income Charges": -48000000.0,
        "Restructuring And Mergern Acquisition": 48000000.0,
        "Net Non Operating Interest Income Expense": -60000000.0,
        "Interest Expense Non Operating": 60000000.0,
        "Operating Income": 2224000000.0,
        "Operating Expense": 863000000.0,
        "Research And Development": 434000000.0,
        "Selling General And Administration": 429000000.0,
        "Gross Profit": 3087000000.0,
        "Cost Of Revenue": 1583000000.0,
        "Total Revenue": 4670000000.0,
        "Operating Revenue": 4670000000.0
    },
    "2022-09-30": {
        "Tax Effect Of Unusual Items": -10515801.354402,
        "Tax Rate For Calcs": 0.136569,
        "Normalized EBITDA": 3050000000.0,
        "Total Unusual Items": -77000000.0,
        "Total Unusual Items Excluding Goodwill": -77000000.0,
        "Net Income From Continuing Operation Net Minority Interest": 2295000000.0,
        "Reconciled Depreciation": 262000000.0,
        "Reconciled Cost Of Revenue": 1624000000.0,
        "EBITDA": 2973000000.0,
        "EBIT": 2711000000.0,
        "Net Interest Income": -53000000.0,
        "Interest Expense": 53000000.0,
        "Normalized Income": 2361484198.645598,
        "Net Income From Continuing And Discontinued Operation": 2295000000.0,
        "Total Expenses": 2486000000.0,
        "Total Operating Income As Reported": 2678000000.0,
        "Diluted Average Shares": 923000000.0,
        "Basic Average Shares": 913000000.0,
        "Diluted EPS": 2.47,
        "Basic EPS": 2.5,
        "Diluted NI Availto Com Stockholders": 2284000000.0,
        "Average Dilution Earnings": -11000000.0,
        "Net Income Common Stockholders": 2295000000.0,
        "Otherunder Preferred Stock Dividend": 11000000.0,
        "Net Income": 2295000000.0,
        "Net Income Including Noncontrolling Interests": 2295000000.0,
        "Net Income Continuous Operations": 2295000000.0,
        "Tax Provision": 363000000.0,
        "Pretax Income": 2658000000.0,
        "Other Income Expense": -44000000.0,
        "Other Non Operating Income Expenses": 33000000.0,
        "Special Income Charges": -77000000.0,
        "Restructuring And Mergern Acquisition": 77000000.0,
        "Net Non Operating Interest Income Expense": -53000000.0,
        "Interest Expense Non Operating": 53000000.0,
        "Operating Income": 2755000000.0,
        "Operating Expense": 862000000.0,
        "Research And Development": 431000000.0,
        "Selling General And Administration": 431000000.0,
        "Gross Profit": 3617000000.0,
        "Cost Of Revenue": 1624000000.0,
        "Total Revenue": 5241000000.0,
        "Operating Revenue": 5241000000.0
    },
    "2022-06-30": {
        "Tax Effect Of Unusual Items": -9600895.188363,
        "Tax Rate For Calcs": 0.145468,
        "Normalized EBITDA": 3036000000.0,
        "Total Unusual Items": -66000000.0,
        "Total Unusual Items Excluding Goodwill": -66000000.0,
        "Net Income From Continuing Operation Net Minority Interest": 2291000000.0,
        "Reconciled Depreciation": 240000000.0,
        "Reconciled Cost Of Revenue": 1587000000.0,
        "EBITDA": 2970000000.0,
        "EBIT": 2730000000.0,
        "Net Interest Income": -49000000.0,
        "Interest Expense": 49000000.0,
        "Normalized Income": 2347399104.811637,
        "Net Income From Continuing And Discontinued Operation": 2291000000.0,
        "Total Expenses": 2423000000.0,
        "Total Operating Income As Reported": 2723000000.0,
        "Diluted Average Shares": 930000000.0,
        "Basic Average Shares": 920000000.0,
        "Diluted EPS": 2.45,
        "Basic EPS": 2.48,
        "Diluted NI Availto Com Stockholders": 2281000000.0,
        "Average Dilution Earnings": -10000000.0,
        "Net Income Common Stockholders": 2291000000.0,
        "Otherunder Preferred Stock Dividend": 10000000.0,
        "Net Income": 2291000000.0,
        "Net Income Including Noncontrolling Interests": 2291000000.0,
        "Net Income Continuous Operations": 2291000000.0,
        "Tax Provision": 390000000.0,
        "Pretax Income": 2681000000.0,
        "Other Income Expense": -59000000.0,
        "Other Non Operating Income Expenses": 7000000.0,
        "Special Income Charges": -66000000.0,
        "Restructuring And Mergern Acquisition": 66000000.0,
        "Net Non Operating Interest Income Expense": -49000000.0,
        "Interest Expense Non Operating": 49000000.0,
        "Operating Income": 2789000000.0,
        "Operating Expense": 836000000.0,
        "Research And Development": 414000000.0,
        "Selling General And Administration": 422000000.0,
        "Gross Profit": 3625000000.0,
        "Cost Of Revenue": 1587000000.0,
        "Total Revenue": 5212000000.0,
        "Operating Revenue": 5212000000.0
    },
    "2022-03-31": {
        "Diluted EPS": 2.35,
        "Total Revenue": NaN,
        "Gross Profit": NaN,
        "Operating Income": NaN,
        "EBIT": NaN,
        "Net Income": NaN
    },
    "2021-12-31": {
        "Diluted EPS": 2.27,
        "Total Revenue": NaN,
        "Gross Profit": NaN,
        "Operating Income": NaN,
        "EBIT": NaN,
        "Net Income": NaN
    },
    "2021-09-30": {
        "Diluted EPS": 2.07,
        "Total Revenue": NaN,
        "Gross Profit": NaN,
        "Operating Income": NaN,
        "EBIT": NaN,
        "Net Income": NaN
    },
    "2021-06-30": {
        "Diluted EPS": 2.05,
        "Total Revenue": NaN,
        "Gross Profit": NaN,
        "Operating Income": NaN,
        "EBIT": NaN,
        "Net Income": NaN
    },
    "2021-03-31": {
        "Diluted EPS": 1.87,
        "Total Revenue": NaN,
        "Gross Profit": NaN,
        "Operating Income": NaN,
        "EBIT": NaN,
        "Net Income": NaN
    },
    "2020-12-31": {
        "Diluted EPS": 1.8,
        "Total Revenue": NaN,
        "Gross Profit": NaN,
        "Operating Income": NaN,
        "EBIT": NaN,
        "Net Income": NaN
    },
    "2020-09-30": {
        "Diluted EPS": 1.45,
        "Total Revenue": NaN,
        "Gross Profit": NaN,
        "Operating Income": NaN,
        "EBIT": NaN,
        "Net Income": NaN
    },
    "2020-06-30": {
        "Diluted EPS": 1.48,
        "Total Revenue": NaN,
        "Gross Profit": NaN,
        "Operating Income": NaN,
        "EBIT": NaN,
        "Net Income": NaN
    },
    "2020-03-31": {
        "Diluted EPS": 1.24,
        "Total Revenue": NaN,
        "Gross Profit": NaN,
        "Operating Income": NaN,
        "EBIT": NaN,
        "Net Income": NaN
    },
    "2019-12-31": {
        "Diluted EPS": 1.13,
        "Total Revenue": NaN,
        "Gross Profit": NaN,
        "Operating Income": NaN,
        "EBIT": NaN,
        "Net Income": NaN
    },
    "2019-09-30": {
        "Diluted EPS": 1.49,
        "Total Revenue": NaN,
        "Gross Profit": NaN,
        "Operating Income": NaN,
        "EBIT": NaN,
        "Net Income": NaN
    },
    "2019-06-30": {
        "Diluted EPS": 1.36,
        "Total Revenue": NaN,
        "Gross Profit": NaN,
        "Operating Income": NaN,
        "EBIT": NaN,
        "Net Income": NaN
    },
    "2019-03-31": {
        "Diluted EPS": 1.26,
        "Total Revenue": NaN,
        "Gross Profit": NaN,
        "Operating Income": NaN,
        "EBIT": NaN,
        "Net Income": NaN
    },
    "2018-12-31": {
        "Diluted EPS": 1.26,
        "Total Revenue": NaN,
        "Gross Profit": NaN,
        "Operating Income": NaN,
        "EBIT": NaN,
        "Net Income": NaN
    },
    "2018-09-30": {
        "Diluted EPS": 1.58,
        "Total Revenue": NaN,
        "Gross Profit": NaN,
        "Operating Income": NaN,
        "EBIT": NaN,
        "Net Income": NaN
    },
    "2018-06-30": {
        "Diluted EPS": 1.4,
        "Total Revenue": NaN,
        "Gross Profit": NaN,
        "Operating Income": NaN,
        "EBIT": NaN,
        "Net Income": NaN
    },
    "2018-03-31": {
        "Diluted EPS": 1.35,
        "Total Revenue": NaN,
        "Gross Profit": NaN,
        "Operating Income": NaN,
        "EBIT": NaN,
        "Net Income": NaN
    },
    "2017-12-31": {
        "Diluted EPS": 0.35,
        "Total Revenue": NaN,
        "Gross Profit": NaN,
        "Operating Income": NaN,
        "EBIT": NaN,
        "Net Income": 310
    },
    "2017-09-30": {
        "Diluted EPS": 1.26,
        "Total Revenue": NaN,
        "Gross Profit": NaN,
        "Operating Income": NaN,
        "EBIT": NaN,
        "Net Income": NaN
    },
    "2017-06-30": {
        "Diluted EPS": 1.03,
        "Total Revenue": NaN,
        "Gross Profit": NaN,
        "Operating Income": NaN,
        "EBIT": NaN,
        "Net Income": NaN
    },
    "2017-03-31": {
        "Diluted EPS": 0.97,
        "Total Revenue": NaN,
        "Gross Profit": NaN,
        "Operating Income": NaN,
        "EBIT": NaN,
        "Net Income": 997
    },
    "2016-12-31": {
        "Diluted EPS": 1.02,
        "Total Revenue": NaN,
        "Gross Profit": NaN,
        "Operating Income": NaN,
        "EBIT": NaN,
        "Net Income": NaN
    },
    "2016-09-30": {
        "Diluted EPS": 0.98,
        "Total Revenue": NaN,
        "Gross Profit": NaN,
        "Operating Income": NaN,
        "EBIT": NaN,
        "Net Income": NaN
    },
    "2016-06-30": {
        "Diluted EPS": 0.79,
        "Total Revenue": NaN,
        "Gross Profit": NaN,
        "Operating Income": NaN,
        "EBIT": NaN,
        "Net Income": 819
    },
    "2016-03-31": {
        "Diluted EPS": 0.69,
        "Total Revenue": NaN,
        "Gross Profit": NaN,
        "Operating Income": 984,
        "EBIT": NaN,
        "Net Income": 711
    },
    "2015-12-31": {
        "Diluted EPS": 0.8,
        "Total Revenue": NaN,
        "Gross Profit": NaN,
        "Operating Income": NaN,
        "EBIT": NaN,
        "Net Income": 836
    },
    "2015-09-30": {
        "Diluted EPS": 0.76,
        "Total Revenue": NaN,
        "Gross Profit": NaN,
        "Operating Income": NaN,
        "EBIT": NaN,
        "Net Income": 798
    },
    "2015-06-30": {
        "Diluted EPS": 0.65,
        "Total Revenue": NaN,
        "Gross Profit": NaN,
        "Operating Income": NaN,
        "EBIT": NaN,
        "Net Income": 696
    },
    "2015-03-31": {
        "Diluted EPS": 0.61,
        "Total Revenue": NaN,
        "Gross Profit": NaN,
        "Operating Income": 958,
        "EBIT": NaN,
        "Net Income": 656
    },
    "2014-12-31": {
        "Diluted EPS": 0.75,
        "Total Revenue": NaN,
        "Gross Profit": NaN,
        "Operating Income": NaN,
        "EBIT": NaN,
        "Net Income": 811
    },
    "2014-09-30": {
        "Diluted EPS": 0.76,
        "Total Revenue": NaN,
        "Gross Profit": NaN,
        "Operating Income": NaN,
        "EBIT": NaN,
        "Net Income": 813
    },
    "2014-06-30": {
        "Diluted EPS": 0.62,
        "Total Revenue": NaN,
        "Gross Profit": NaN,
        "Operating Income": 982,
        "EBIT": NaN,
        "Net Income": 673
    },
    "2014-03-31": {
        "Diluted EPS": 0.44,
        "Total Revenue": NaN,
        "Gross Profit": NaN,
        "Operating Income": 690,
        "EBIT": NaN,
        "Net Income": 480
    },
    "2013-12-31": {
        "Diluted EPS": 0.45,
        "Total Revenue": NaN,
        "Gross Profit": NaN,
        "Operating Income": 687,
        "EBIT": NaN,
        "Net Income": 503
    },
    "2013-09-30": {
        "Diluted EPS": 0.56,
        "Total Revenue": NaN,
        "Gross Profit": NaN,
        "Operating Income": 844,
        "EBIT": NaN,
        "Net Income": 618
    },
    "2013-06-30": {
        "Diluted EPS": 0.58,
        "Total Revenue": NaN,
        "Gross Profit": NaN,
        "Operating Income": 906,
        "EBIT": NaN,
        "Net Income": 649
    },
    "2013-03-31": {
        "Diluted EPS": 0.32,
        "Total Revenue": NaN,
        "Gross Profit": NaN,
        "Operating Income": 395,
        "EBIT": 740,
        "Net Income": 355
    },
    "2012-12-31": {
        "Diluted EPS": 0.24,
        "Total Revenue": NaN,
        "Gross Profit": NaN,
        "Operating Income": 138,
        "EBIT": 557,
        "Net Income": 260
    },
    "2012-09-30": {
        "Diluted EPS": 0.67,
        "Total Revenue": NaN,
        "Gross Profit": NaN,
        "Operating Income": 840,
        "EBIT": NaN,
        "Net Income": 769
    },
    "2012-06-30": {
        "Diluted EPS": 0.38,
        "Total Revenue": NaN,
        "Gross Profit": NaN,
        "Operating Income": 598,
        "EBIT": 924,
        "Net Income": 438
    },
    "2012-03-31": {
        "Diluted EPS": 0.22,
        "Total Revenue": NaN,
        "Gross Profit": NaN,
        "Operating Income": 397,
        "EBIT": 726,
        "Net Income": 261
    },
    "2011-12-31": {
        "Diluted EPS": 0.26,
        "Total Revenue": NaN,
        "Gross Profit": NaN,
        "Operating Income": 365,
        "EBIT": 790,
        "Net Income": 293
    },
    "2011-09-30": {
        "Diluted EPS": 0.51,
        "Total Revenue": NaN,
        "Gross Profit": NaN,
        "Operating Income": 814,
        "EBIT": NaN,
        "Net Income": 591
    },
    "2011-06-30": {
        "Diluted EPS": 0.56,
        "Total Revenue": NaN,
        "Gross Profit": NaN,
        "Operating Income": 905,
        "EBIT": NaN,
        "Net Income": 661
    },
    "2011-03-31": {
        "Diluted EPS": 0.55,
        "Total Revenue": NaN,
        "Gross Profit": NaN,
        "Operating Income": 908,
        "EBIT": NaN,
        "Net Income": 656
    },
    "2010-12-31": {
        "Diluted EPS": 0.77,
        "Total Revenue": NaN,
        "Gross Profit": NaN,
        "Operating Income": NaN,
        "EBIT": NaN,
        "Net Income": 922
    },
    "2010-09-30": {
        "Diluted EPS": 0.71,
        "Total Revenue": NaN,
        "Gross Profit": NaN,
        "Operating Income": NaN,
        "EBIT": NaN,
        "Net Income": 846
    },
    "2010-06-30": {
        "Diluted EPS": 0.62,
        "Total Revenue": NaN,
        "Gross Profit": NaN,
        "Operating Income": NaN,
        "EBIT": NaN,
        "Net Income": 758
    },
    "2010-03-31": {
        "Diluted EPS": 0.52,
        "Total Revenue": NaN,
        "Gross Profit": NaN,
        "Operating Income": 950,
        "EBIT": NaN,
        "Net Income": 658
    },
    "2009-12-31": {
        "Diluted EPS": 0.52,
        "Total Revenue": NaN,
        "Gross Profit": NaN,
        "Operating Income": 875,
        "EBIT": NaN,
        "Net Income": 641
    },
    "2009-09-30": {
        "Diluted EPS": 0.42,
        "Total Revenue": NaN,
        "Gross Profit": NaN,
        "Operating Income": 763,
        "EBIT": 992,
        "Net Income": 538
    },
    "2009-06-30": {
        "Diluted EPS": 0.2,
        "Total Revenue": NaN,
        "Gross Profit": NaN,
        "Operating Income": 343,
        "EBIT": 576,
        "Net Income": 260
    },
    "2009-03-31": {
        "Diluted EPS": 0.01,
        "Total Revenue": NaN,
        "Gross Profit": 806,
        "Operating Income": 10,
        "EBIT": 250,
        "Net Income": 17
    },
    "2023-09-30": {
        "Tax Effect Of Unusual Items": 0.0,
        "Tax Rate For Calcs": 0.11,
        "Normalized EBITDA": 2340000000.0,
        "Total Unusual Items": 0.0,
        "Total Unusual Items Excluding Goodwill": 0.0,
        "Net Income From Continuing Operation Net Minority Interest": 1709000000.0,
        "Reconciled Depreciation": 320000000.0,
        "Reconciled Cost Of Revenue": 1717000000.0,
        "EBITDA": 2340000000.0,
        "EBIT": 2020000000.0,
        "Net Interest Income": -98000000.0,
        "Interest Expense": 98000000.0,
        "Normalized Income": 1709000000.0,
        "Net Income From Continuing And Discontinued Operation": 1709000000.0,
        "Total Expenses": 2640000000.0,
        "Total Operating Income As Reported": 1892000000.0,
        "Diluted Average Shares": 916000000.0,
        "Basic Average Shares": 908000000.0,
        "Diluted EPS": 1.85,
        "Basic EPS": 1.87,
        "Diluted NI Availto Com Stockholders": 1699000000.0,
        "Average Dilution Earnings": -1000000.0,
        "Net Income Common Stockholders": 1700000000.0,
        "Otherunder Preferred Stock Dividend": 9000000.0,
        "Net Income": 1709000000.0,
        "Net Income Including Noncontrolling Interests": 1709000000.0,
        "Net Income Continuous Operations": 1709000000.0,
        "Tax Provision": 213000000.0,
        "Pretax Income": 1922000000.0,
        "Other Income Expense": 128000000.0,
        "Other Non Operating Income Expenses": 128000000.0,
        "Special Income Charges": 0.0,
        "Restructuring And Mergern Acquisition": 0.0,
        "Net Non Operating Interest Income Expense": -98000000.0,
        "Interest Expense Non Operating": 98000000.0,
        "Operating Income": 1892000000.0,
        "Operating Expense": 923000000.0,
        "Research And Development": 471000000.0,
        "Selling General And Administration": 452000000.0,
        "Gross Profit": 2815000000.0,
        "Cost Of Revenue": 1717000000.0,
        "Total Revenue": 4532000000.0,
        "Operating Revenue": 4532000000.0
    },
    "2023-12-31": {
        "Tax Effect Of Unusual Items": 0.0,
        "Tax Rate For Calcs": 0.114341,
        "Normalized EBITDA": 1983000000.0,
        "Total Unusual Items": 0.0,
        "Total Unusual Items Excluding Goodwill": 0.0,
        "Net Income From Continuing Operation Net Minority Interest": 1371000000.0,
        "Reconciled Depreciation": 337000000.0,
        "Reconciled Cost Of Revenue": 1646000000.0,
        "EBITDA": 1983000000.0,
        "EBIT": 1646000000.0,
        "Net Interest Income": -98000000.0,
        "Interest Expense": 98000000.0,
        "Normalized Income": 1371000000.0,
        "Net Income From Continuing And Discontinued Operation": 1371000000.0,
        "Total Expenses": 2544000000.0,
        "Total Operating Income As Reported": 1533000000.0,
        "Diluted Average Shares": 915000000.0,
        "Basic Average Shares": 908000000.0,
        "Diluted EPS": 1.49,
        "Basic EPS": 1.509912,
        "Diluted NI Availto Com Stockholders": 1364000000.0,
        "Average Dilution Earnings": 0.0,
        "Net Income Common Stockholders": 1364000000.0,
        "Otherunder Preferred Stock Dividend": 7000000.0,
        "Net Income": 1371000000.0,
        "Net Income Including Noncontrolling Interests": 1371000000.0,
        "Net Income Continuous Operations": 1371000000.0,
        "Tax Provision": 177000000.0,
        "Pretax Income": 1548000000.0,
        "Other Income Expense": 113000000.0,
        "Other Non Operating Income Expenses": 113000000.0,
        "Special Income Charges": 0.0,
        "Restructuring And Mergern Acquisition": 0.0,
        "Net Non Operating Interest Income Expense": -98000000.0,
        "Interest Expense Non Operating": 98000000.0,
        "Operating Income": 1533000000.0,
        "Operating Expense": 898000000.0,
        "Research And Development": 460000000.0,
        "Selling General And Administration": 438000000.0,
        "Gross Profit": 2431000000.0,
        "Cost Of Revenue": 1646000000.0,
        "Total Revenue": 4077000000.0,
        "Operating Revenue": 4077000000.0
    },
    "2024-03-31": {
        "Tax Effect Of Unusual Items": 17980000.0,
        "Tax Rate For Calcs": 0.145,
        "Normalized EBITDA": 1647000000.0,
        "Total Unusual Items": 124000000.0,
        "Total Unusual Items Excluding Goodwill": 124000000.0,
        "Net Income From Continuing Operation Net Minority Interest": 1105000000.0,
        "Reconciled Depreciation": 362000000.0,
        "Reconciled Cost Of Revenue": 1566000000.0,
        "EBITDA": 1771000000.0,
        "EBIT": 1409000000.0,
        "Net Interest Income": -116000000.0,
        "Interest Expense": 116000000.0,
        "Normalized Income": 998980000.0,
        "Net Income From Continuing And Discontinued Operation": 1105000000.0,
        "Total Expenses": 2499000000.0,
        "Total Operating Income As Reported": 1286000000.0,
        "Diluted Average Shares": 917000000.0,
        "Basic Average Shares": 910000000.0,
        "Diluted EPS": 1.2,
        "Basic EPS": 1.21,
        "Diluted NI Availto Com Stockholders": 1100000000.0,
        "Average Dilution Earnings": -5000000.0,
        "Net Income Common Stockholders": 1105000000.0,
        "Otherunder Preferred Stock Dividend": NaN,
        "Net Income": 1105000000.0,
        "Net Income Including Noncontrolling Interests": 1105000000.0,
        "Net Income Continuous Operations": 1105000000.0,
        "Tax Provision": 188000000.0,
        "Pretax Income": 1293000000.0,
        "Other Income Expense": 247000000.0,
        "Other Non Operating Income Expenses": 123000000.0,
        "Special Income Charges": 124000000.0,
        "Restructuring And Mergern Acquisition": -124000000.0,
        "Net Non Operating Interest Income Expense": -116000000.0,
        "Interest Expense Non Operating": 116000000.0,
        "Operating Income": 1162000000.0,
        "Operating Expense": 933000000.0,
        "Research And Development": 478000000.0,
        "Selling General And Administration": 455000000.0,
        "Gross Profit": 2095000000.0,
        "Cost Of Revenue": 1566000000.0,
        "Total Revenue": 3661000000.0,
        "Operating Revenue": 3661000000.0
    }
}