{
    "2023-06-30": {
        "Tax Effect Of Unusual Items": NaN,
        "Tax Rate For Calcs": NaN,
        "Normalized EBITDA": NaN,
        "Total Unusual Items": NaN,
        "Total Unusual Items Excluding Goodwill": NaN,
        "Net Income From Continuing Operation Net Minority Interest": NaN,
        "Reconciled Cost Of Revenue": NaN,
        "EBITDA": NaN,
        "EBIT": NaN,
        "Net Interest Income": NaN,
        "Interest Expense": NaN,
        "Interest Income": NaN,
        "Normalized Income": NaN,
        "Net Income From Continuing And Discontinued Operation": NaN,
        "Total Expenses": NaN,
        "Rent Expense Supplemental": NaN,
        "Total Operating Income As Reported": NaN,
        "Diluted Average Shares": NaN,
        "Basic Average Shares": NaN,
        "Diluted EPS": NaN,
        "Basic EPS": NaN,
        "Diluted NI Availto Com Stockholders": NaN,
        "Net Income Common Stockholders": NaN,
        "Net Income": NaN,
        "Net Income Including Noncontrolling Interests": NaN,
        "Net Income Continuous Operations": NaN,
        "Tax Provision": NaN,
        "Pretax Income": NaN,
        "Other Income Expense": NaN,
        "Other Non Operating Income Expenses": NaN,
        "Special Income Charges": NaN,
        "Gain On Sale Of Ppe": NaN,
        "Restructuring And Mergern Acquisition": 813000000.0,
        "Gain On Sale Of Security": NaN,
        "Net Non Operating Interest Income Expense": NaN,
        "Interest Expense Non Operating": NaN,
        "Interest Income Non Operating": NaN,
        "Operating Income": NaN,
        "Operating Expense": NaN,
        "Other Operating Expenses": NaN,
        "Selling General And Administration": NaN,
        "Selling And Marketing Expense": NaN,
        "Gross Profit": NaN,
        "Cost Of Revenue": NaN,
        "Total Revenue": NaN,
        "Operating Revenue": NaN
    },
    "2023-03-31": {
        "Tax Effect Of Unusual Items": NaN,
        "Tax Rate For Calcs": NaN,
        "Normalized EBITDA": NaN,
        "Total Unusual Items": NaN,
        "Total Unusual Items Excluding Goodwill": NaN,
        "Net Income From Continuing Operation Net Minority Interest": NaN,
        "Reconciled Cost Of Revenue": NaN,
        "EBITDA": NaN,
        "EBIT": NaN,
        "Net Interest Income": NaN,
        "Interest Expense": NaN,
        "Interest Income": NaN,
        "Normalized Income": NaN,
        "Net Income From Continuing And Discontinued Operation": NaN,
        "Total Expenses": NaN,
        "Rent Expense Supplemental": NaN,
        "Total Operating Income As Reported": NaN,
        "Diluted Average Shares": NaN,
        "Basic Average Shares": NaN,
        "Diluted EPS": NaN,
        "Basic EPS": NaN,
        "Diluted NI Availto Com Stockholders": NaN,
        "Net Income Common Stockholders": NaN,
        "Net Income": NaN,
        "Net Income Including Noncontrolling Interests": NaN,
        "Net Income Continuous Operations": NaN,
        "Tax Provision": NaN,
        "Pretax Income": NaN,
        "Other Income Expense": NaN,
        "Other Non Operating Income Expenses": NaN,
        "Special Income Charges": NaN,
        "Gain On Sale Of Ppe": NaN,
        "Other Special Charges": 14000000.0,
        "Restructuring And Mergern Acquisition": NaN,
        "Gain On Sale Of Security": NaN,
        "Net Non Operating Interest Income Expense": NaN,
        "Interest Expense Non Operating": NaN,
        "Interest Income Non Operating": NaN,
        "Operating Income": NaN,
        "Operating Expense": NaN,
        "Other Operating Expenses": NaN,
        "Selling General And Administration": NaN,
        "Selling And Marketing Expense": NaN,
        "Gross Profit": NaN,
        "Cost Of Revenue": NaN,
        "Total Revenue": NaN,
        "Operating Revenue": NaN
    },
    "2022-12-31": {
        "Tax Effect Of Unusual Items": NaN,
        "Tax Rate For Calcs": NaN,
        "Normalized EBITDA": NaN,
        "Total Unusual Items": NaN,
        "Total Unusual Items Excluding Goodwill": NaN,
        "Net Income From Continuing Operation Net Minority Interest": NaN,
        "Reconciled Cost Of Revenue": NaN,
        "EBITDA": NaN,
        "EBIT": NaN,
        "Net Interest Income": NaN,
        "Interest Expense": NaN,
        "Interest Income": NaN,
        "Normalized Income": NaN,
        "Net Income From Continuing And Discontinued Operation": NaN,
        "Total Expenses": NaN,
        "Rent Expense Supplemental": NaN,
        "Total Operating Income As Reported": NaN,
        "Diluted Average Shares": NaN,
        "Basic Average Shares": NaN,
        "Diluted EPS": NaN,
        "Basic EPS": NaN,
        "Diluted NI Availto Com Stockholders": NaN,
        "Net Income Common Stockholders": NaN,
        "Net Income": NaN,
        "Net Income Including Noncontrolling Interests": NaN,
        "Net Income Continuous Operations": NaN,
        "Tax Provision": NaN,
        "Pretax Income": NaN,
        "Other Income Expense": NaN,
        "Other Non Operating Income Expenses": NaN,
        "Special Income Charges": NaN,
        "Gain On Sale Of Ppe": NaN,
        "Other Special Charges": NaN,
        "Impairment Of Capital Assets": 0.0,
        "Restructuring And Mergern Acquisition": 0.0,
        "Gain On Sale Of Security": NaN,
        "Net Non Operating Interest Income Expense": NaN,
        "Interest Expense Non Operating": NaN,
        "Interest Income Non Operating": NaN,
        "Operating Income": NaN,
        "Operating Expense": NaN,
        "Other Operating Expenses": NaN,
        "Selling General And Administration": NaN,
        "Selling And Marketing Expense": NaN,
        "Gross Profit": NaN,
        "Cost Of Revenue": NaN,
        "Total Revenue": NaN,
        "Operating Revenue": NaN
    },
    "2022-09-30": {
        "Tax Effect Of Unusual Items": NaN,
        "Tax Rate For Calcs": NaN,
        "Normalized EBITDA": NaN,
        "Total Unusual Items": NaN,
        "Total Unusual Items Excluding Goodwill": NaN,
        "Net Income From Continuing Operation Net Minority Interest": NaN,
        "Reconciled Cost Of Revenue": NaN,
        "EBITDA": NaN,
        "EBIT": NaN,
        "Net Interest Income": NaN,
        "Interest Expense": NaN,
        "Interest Income": NaN,
        "Normalized Income": NaN,
        "Net Income From Continuing And Discontinued Operation": NaN,
        "Total Expenses": NaN,
        "Rent Expense Supplemental": NaN,
        "Total Operating Income As Reported": NaN,
        "Diluted Average Shares": NaN,
        "Basic Average Shares": NaN,
        "Diluted EPS": NaN,
        "Basic EPS": NaN,
        "Diluted NI Availto Com Stockholders": NaN,
        "Net Income Common Stockholders": NaN,
        "Net Income": NaN,
        "Net Income Including Noncontrolling Interests": NaN,
        "Net Income Continuous Operations": NaN,
        "Tax Provision": NaN,
        "Pretax Income": NaN,
        "Other Income Expense": NaN,
        "Other Non Operating Income Expenses": NaN,
        "Special Income Charges": NaN,
        "Gain On Sale Of Ppe": NaN,
        "Other Special Charges": NaN,
        "Impairment Of Capital Assets": 0.0,
        "Restructuring And Mergern Acquisition": 0.0,
        "Gain On Sale Of Security": NaN,
        "Net Non Operating Interest Income Expense": NaN,
        "Interest Expense Non Operating": NaN,
        "Interest Income Non Operating": NaN,
        "Operating Income": NaN,
        "Operating Expense": NaN,
        "Other Operating Expenses": NaN,
        "Selling General And Administration": NaN,
        "Selling And Marketing Expense": NaN,
        "Gross Profit": NaN,
        "Cost Of Revenue": NaN,
        "Total Revenue": NaN,
        "Operating Revenue": NaN
    },
    "2022-06-30": {
        "Tax Effect Of Unusual Items": -43016000.0,
        "Tax Rate For Calcs": 0.283,
        "Normalized EBITDA": 1009000000.0,
        "Total Unusual Items": -152000000.0,
        "Total Unusual Items Excluding Goodwill": -152000000.0,
        "Net Income From Continuing Operation Net Minority Interest": 329000000.0,
        "Reconciled Cost Of Revenue": 9087000000.0,
        "EBITDA": 857000000.0,
        "EBIT": 857000000.0,
        "Net Interest Income": -365000000.0,
        "Interest Expense": 398000000.0,
        "Interest Income": 33000000.0,
        "Normalized Income": 437984000.0,
        "Net Income From Continuing And Discontinued Operation": 329000000.0,
        "Total Expenses": 11122000000.0,
        "Rent Expense Supplemental": 735000000.0,
        "Total Operating Income As Reported": 878000000.0,
        "Diluted Average Shares": 330300000.0,
        "Basic Average Shares": 326700000.0,
        "Diluted EPS": 1.0,
        "Basic EPS": 1.01,
        "Diluted NI Availto Com Stockholders": 329000000.0,
        "Net Income Common Stockholders": 329000000.0,
        "Net Income": 329000000.0,
        "Net Income Including Noncontrolling Interests": 329000000.0,
        "Net Income Continuous Operations": 329000000.0,
        "Tax Provision": 130000000.0,
        "Pretax Income": 459000000.0,
        "Other Income Expense": -166000000.0,
        "Other Non Operating Income Expenses": -14000000.0,
        "Special Income Charges": -112000000.0,
        "Gain On Sale Of Ppe": -112000000.0,
        "Other Special Charges": NaN,
        "Impairment Of Capital Assets": 0.0,
        "Restructuring And Mergern Acquisition": 0.0,
        "Gain On Sale Of Security": -40000000.0,
        "Net Non Operating Interest Income Expense": -365000000.0,
        "Interest Expense Non Operating": 398000000.0,
        "Interest Income Non Operating": 33000000.0,
        "Operating Income": 990000000.0,
        "Operating Expense": 2035000000.0,
        "Other Operating Expenses": 1642000000.0,
        "Selling General And Administration": 393000000.0,
        "Selling And Marketing Expense": 393000000.0,
        "Gross Profit": 3025000000.0,
        "Cost Of Revenue": 9087000000.0,
        "Total Revenue": 12112000000.0,
        "Operating Revenue": 11403000000.0
    },
    "2022-03-31": {
        "Diluted EPS": -4.24,
        "Total Revenue": NaN,
        "Gross Profit": NaN,
        "Operating Income": NaN,
        "EBIT": NaN,
        "Net Income": NaN
    },
    "2021-12-31": {
        "Diluted EPS": -1.91,
        "Total Revenue": NaN,
        "Gross Profit": NaN,
        "Operating Income": -408,
        "EBIT": -408,
        "Net Income": -646
    },
    "2021-09-30": {
        "Diluted EPS": 1.44,
        "Total Revenue": NaN,
        "Gross Profit": NaN,
        "Operating Income": NaN,
        "EBIT": NaN,
        "Net Income": 473
    },
    "2021-06-30": {
        "Diluted EPS": -1.34,
        "Total Revenue": NaN,
        "Gross Profit": NaN,
        "Operating Income": -270,
        "EBIT": -270,
        "Net Income": -434
    },
    "2021-03-31": {
        "Diluted EPS": -4.29,
        "Total Revenue": NaN,
        "Gross Profit": NaN,
        "Operating Income": NaN,
        "EBIT": NaN,
        "Net Income": NaN
    },
    "2020-12-31": {
        "Diluted EPS": -6.32,
        "Total Revenue": NaN,
        "Gross Profit": NaN,
        "Operating Income": NaN,
        "EBIT": NaN,
        "Net Income": NaN
    },
    "2020-09-30": {
        "Diluted EPS": -6.33,
        "Total Revenue": NaN,
        "Gross Profit": NaN,
        "Operating Income": NaN,
        "EBIT": NaN,
        "Net Income": NaN
    },
    "2020-06-30": {
        "Diluted EPS": -5.79,
        "Total Revenue": NaN,
        "Gross Profit": 737,
        "Operating Income": NaN,
        "EBIT": NaN,
        "Net Income": NaN
    },
    "2020-03-31": {
        "Diluted EPS": -6.86,
        "Total Revenue": NaN,
        "Gross Profit": NaN,
        "Operating Income": -972,
        "EBIT": -972,
        "Net Income": NaN
    },
    "2019-12-31": {
        "Diluted EPS": 2.48,
        "Total Revenue": NaN,
        "Gross Profit": NaN,
        "Operating Income": 861,
        "EBIT": 861,
        "Net Income": 641
    },
    "2019-09-30": {
        "Diluted EPS": 3.99,
        "Total Revenue": NaN,
        "Gross Profit": NaN,
        "Operating Income": NaN,
        "EBIT": NaN,
        "Net Income": NaN
    },
    "2019-06-30": {
        "Diluted EPS": 4.02,
        "Total Revenue": NaN,
        "Gross Profit": NaN,
        "Operating Income": NaN,
        "EBIT": NaN,
        "Net Income": NaN
    },
    "2019-03-31": {
        "Diluted EPS": 1.09,
        "Total Revenue": NaN,
        "Gross Profit": NaN,
        "Operating Income": 495,
        "EBIT": 495,
        "Net Income": 292
    },
    "2018-12-31": {
        "Diluted EPS": 1.63,
        "Total Revenue": NaN,
        "Gross Profit": NaN,
        "Operating Income": 635,
        "EBIT": 635,
        "Net Income": 461
    },
    "2018-09-30": {
        "Diluted EPS": 3.05,
        "Total Revenue": NaN,
        "Gross Profit": NaN,
        "Operating Income": NaN,
        "EBIT": NaN,
        "Net Income": 833
    },
    "2018-06-30": {
        "Diluted EPS": 2.48,
        "Total Revenue": NaN,
        "Gross Profit": NaN,
        "Operating Income": NaN,
        "EBIT": NaN,
        "Net Income": 683
    },
    "2018-03-31": {
        "Diluted EPS": 0.51,
        "Total Revenue": NaN,
        "Gross Profit": NaN,
        "Operating Income": 262,
        "EBIT": 262,
        "Net Income": 145
    },
    "2017-12-31": {
        "Diluted EPS": 1.92,
        "Total Revenue": NaN,
        "Gross Profit": NaN,
        "Operating Income": 723,
        "EBIT": 723,
        "Net Income": 578
    },
    "2017-09-30": {
        "Diluted EPS": 2.15,
        "Total Revenue": NaN,
        "Gross Profit": NaN,
        "Operating Income": NaN,
        "EBIT": NaN,
        "Net Income": 645
    },
    "2017-06-30": {
        "Diluted EPS": 2.67,
        "Total Revenue": NaN,
        "Gross Profit": NaN,
        "Operating Income": NaN,
        "EBIT": NaN,
        "Net Income": 821
    },
    "2017-03-31": {
        "Diluted EPS": 0.32,
        "Total Revenue": NaN,
        "Gross Profit": NaN,
        "Operating Income": 320,
        "EBIT": 320,
        "Net Income": 99
    },
    "2016-12-31": {
        "Diluted EPS": 1.09,
        "Total Revenue": NaN,
        "Gross Profit": NaN,
        "Operating Income": NaN,
        "EBIT": NaN,
        "Net Income": 368
    },
    "2016-09-30": {
        "Diluted EPS": 3.01,
        "Total Revenue": NaN,
        "Gross Profit": NaN,
        "Operating Income": NaN,
        "EBIT": NaN,
        "Net Income": 965
    },
    "2016-06-30": {
        "Diluted EPS": 1.78,
        "Total Revenue": NaN,
        "Gross Profit": NaN,
        "Operating Income": NaN,
        "EBIT": NaN,
        "Net Income": 588
    },
    "2016-03-31": {
        "Diluted EPS": 0.88,
        "Total Revenue": NaN,
        "Gross Profit": NaN,
        "Operating Income": 649,
        "EBIT": 649,
        "Net Income": 313
    },
    "2015-12-31": {
        "Diluted EPS": 2.19,
        "Total Revenue": NaN,
        "Gross Profit": NaN,
        "Operating Income": NaN,
        "EBIT": NaN,
        "Net Income": 823
    },
    "2015-09-30": {
        "Diluted EPS": 12.82,
        "Total Revenue": NaN,
        "Gross Profit": NaN,
        "Operating Income": NaN,
        "EBIT": NaN,
        "Net Income": NaN
    },
    "2015-06-30": {
        "Diluted EPS": 3.14,
        "Total Revenue": NaN,
        "Gross Profit": NaN,
        "Operating Income": NaN,
        "EBIT": NaN,
        "Net Income": NaN
    },
    "2015-03-31": {
        "Diluted EPS": 1.32,
        "Total Revenue": NaN,
        "Gross Profit": NaN,
        "Operating Income": 741,
        "EBIT": 741,
        "Net Income": 508
    },
    "2014-12-31": {
        "Diluted EPS": 0.21,
        "Total Revenue": NaN,
        "Gross Profit": NaN,
        "Operating Income": 625,
        "EBIT": 625,
        "Net Income": 28
    },
    "2014-09-30": {
        "Diluted EPS": 2.37,
        "Total Revenue": NaN,
        "Gross Profit": NaN,
        "Operating Income": NaN,
        "EBIT": NaN,
        "Net Income": 924
    },
    "2014-06-30": {
        "Diluted EPS": 2.01,
        "Total Revenue": NaN,
        "Gross Profit": NaN,
        "Operating Income": 906,
        "EBIT": 906,
        "Net Income": 789
    },
    "2014-03-31": {
        "Diluted EPS": -1.66,
        "Total Revenue": NaN,
        "Gross Profit": NaN,
        "Operating Income": -349,
        "EBIT": -349,
        "Net Income": -609
    },
    "2013-12-31": {
        "Diluted EPS": 0.6,
        "Total Revenue": NaN,
        "Gross Profit": NaN,
        "Operating Income": 235,
        "EBIT": 235,
        "Net Income": 142
    },
    "2013-09-30": {
        "Diluted EPS": 0.98,
        "Total Revenue": NaN,
        "Gross Profit": NaN,
        "Operating Income": 508,
        "EBIT": 508,
        "Net Income": 378
    },
    "2013-06-30": {
        "Diluted EPS": 1.21,
        "Total Revenue": NaN,
        "Gross Profit": NaN,
        "Operating Income": 770,
        "EBIT": 770,
        "Net Income": 468
    },
    "2013-03-31": {
        "Diluted EPS": -1.26,
        "Total Revenue": NaN,
        "Gross Profit": NaN,
        "Operating Income": -264,
        "EBIT": -264,
        "Net Income": -417
    },
    "2012-12-31": {
        "Diluted EPS": -1.73,
        "Total Revenue": NaN,
        "Gross Profit": NaN,
        "Operating Income": -465,
        "EBIT": -465,
        "Net Income": -619
    },
    "2012-09-30": {
        "Diluted EPS": 0.02,
        "Total Revenue": NaN,
        "Gross Profit": NaN,
        "Operating Income": 200,
        "EBIT": 200,
        "Net Income": 6
    },
    "2012-06-30": {
        "Diluted EPS": 0.89,
        "Total Revenue": NaN,
        "Gross Profit": NaN,
        "Operating Income": 575,
        "EBIT": 575,
        "Net Income": 338
    },
    "2012-03-31": {
        "Diluted EPS": -1.36,
        "Total Revenue": NaN,
        "Gross Profit": NaN,
        "Operating Income": -271,
        "EBIT": -271,
        "Net Income": -448
    },
    "2011-12-31": {
        "Diluted EPS": -0.17,
        "Total Revenue": NaN,
        "Gross Profit": NaN,
        "Operating Income": 45,
        "EBIT": 533,
        "Net Income": -137
    },
    "2011-09-30": {
        "Diluted EPS": 1.69,
        "Total Revenue": NaN,
        "Gross Profit": NaN,
        "Operating Income": 935,
        "EBIT": NaN,
        "Net Income": 651
    },
    "2011-06-30": {
        "Diluted EPS": 1.39,
        "Total Revenue": NaN,
        "Gross Profit": NaN,
        "Operating Income": 808,
        "EBIT": NaN,
        "Net Income": 536
    },
    "2011-03-31": {
        "Diluted EPS": -0.65,
        "Total Revenue": NaN,
        "Gross Profit": NaN,
        "Operating Income": 34,
        "EBIT": 378,
        "Net Income": -213
    },
    "2010-12-31": {
        "Diluted EPS": -1.47,
        "Total Revenue": NaN,
        "Gross Profit": NaN,
        "Operating Income": -82,
        "EBIT": 503,
        "Net Income": -325
    },
    "2010-09-30": {
        "Diluted EPS": 1.75,
        "Total Revenue": NaN,
        "Gross Profit": NaN,
        "Operating Income": 541,
        "EBIT": 777,
        "Net Income": 387
    },
    "2010-06-30": {
        "Diluted EPS": 1.29,
        "Total Revenue": NaN,
        "Gross Profit": NaN,
        "Operating Income": 441,
        "EBIT": 672,
        "Net Income": 273
    },
    "2010-03-31": {
        "Diluted EPS": -0.49,
        "Total Revenue": NaN,
        "Gross Profit": NaN,
        "Operating Income": 76,
        "EBIT": 297,
        "Net Income": -82
    },
    "2009-12-31": {
        "Diluted EPS": -1.44,
        "Total Revenue": NaN,
        "Gross Profit": NaN,
        "Operating Income": -74,
        "EBIT": 639,
        "Net Income": -240
    },
    "2009-09-30": {
        "Diluted EPS": -0.39,
        "Total Revenue": NaN,
        "Gross Profit": NaN,
        "Operating Income": 88,
        "EBIT": 308,
        "Net Income": -57
    },
    "2009-06-30": {
        "Diluted EPS": 0.19,
        "Total Revenue": NaN,
        "Gross Profit": NaN,
        "Operating Income": 107,
        "EBIT": 329,
        "Net Income": 28
    },
    "2009-03-31": {
        "Diluted EPS": -2.64,
        "Total Revenue": NaN,
        "Gross Profit": NaN,
        "Operating Income": -282,
        "EBIT": -49,
        "Net Income": -382
    },
    "2023-09-30": {
        "Tax Effect Of Unusual Items": -19437415.881561,
        "Tax Rate For Calcs": 0.234186,
        "Normalized EBITDA": 2014000000.0,
        "Total Unusual Items": -83000000.0,
        "Total Unusual Items Excluding Goodwill": -83000000.0,
        "Net Income From Continuing Operation Net Minority Interest": 1138000000.0,
        "Reconciled Cost Of Revenue": 10042000000.0,
        "EBITDA": 1931000000.0,
        "EBIT": 1931000000.0,
        "Net Interest Income": -211000000.0,
        "Interest Expense": 445000000.0,
        "Interest Income": 234000000.0,
        "Normalized Income": 1201562584.118439,
        "Net Income From Continuing And Discontinued Operation": 1138000000.0,
        "Total Expenses": 12716000000.0,
        "Rent Expense Supplemental": 847000000.0,
        "Total Operating Income As Reported": 1739000000.0,
        "Diluted Average Shares": 332400000.0,
        "Basic Average Shares": 328000000.0,
        "Diluted EPS": 3.42,
        "Basic EPS": 3.47,
        "Diluted NI Availto Com Stockholders": 1138000000.0,
        "Net Income Common Stockholders": 1138000000.0,
        "Net Income": 1138000000.0,
        "Net Income Including Noncontrolling Interests": 1138000000.0,
        "Net Income Continuous Operations": 1138000000.0,
        "Tax Provision": 348000000.0,
        "Pretax Income": 1486000000.0,
        "Other Income Expense": -71000000.0,
        "Other Non Operating Income Expenses": 12000000.0,
        "Special Income Charges": -29000000.0,
        "Gain On Sale Of Ppe": -28000000.0,
        "Restructuring And Mergern Acquisition": 1000000.0,
        "Gain On Sale Of Security": -54000000.0,
        "Net Non Operating Interest Income Expense": -211000000.0,
        "Interest Expense Non Operating": 445000000.0,
        "Interest Income Non Operating": 234000000.0,
        "Operating Income": 1768000000.0,
        "Operating Expense": 2674000000.0,
        "Other Operating Expenses": 2158000000.0,
        "Selling General And Administration": 516000000.0,
        "Selling And Marketing Expense": 516000000.0,
        "Gross Profit": 4442000000.0,
        "Cost Of Revenue": 10042000000.0,
        "Total Revenue": 14484000000.0,
        "Operating Revenue": 13682000000.0
    },
    "2023-12-31": {
        "Tax Effect Of Unusual Items": -16358907.672302,
        "Tax Rate For Calcs": 0.221066,
        "Normalized EBITDA": 1273000000.0,
        "Total Unusual Items": -74000000.0,
        "Total Unusual Items Excluding Goodwill": -74000000.0,
        "Net Income From Continuing Operation Net Minority Interest": 599000000.0,
        "Reconciled Cost Of Revenue": 9937000000.0,
        "EBITDA": 1199000000.0,
        "EBIT": 1199000000.0,
        "Net Interest Income": -223000000.0,
        "Interest Expense": 430000000.0,
        "Interest Income": 207000000.0,
        "Normalized Income": 656641092.327698,
        "Net Income From Continuing And Discontinued Operation": 599000000.0,
        "Total Expenses": 12582000000.0,
        "Rent Expense Supplemental": 839000000.0,
        "Total Operating Income As Reported": 997000000.0,
        "Diluted Average Shares": 331300000.0,
        "Basic Average Shares": 328018739.0,
        "Diluted EPS": 1.81,
        "Basic EPS": 1.829164,
        "Diluted NI Availto Com Stockholders": 599000000.0,
        "Net Income Common Stockholders": 599000000.0,
        "Net Income": 599000000.0,
        "Net Income Including Noncontrolling Interests": 599000000.0,
        "Net Income Continuous Operations": 599000000.0,
        "Tax Provision": 170000000.0,
        "Pretax Income": 769000000.0,
        "Other Income Expense": -52000000.0,
        "Other Non Operating Income Expenses": 22000000.0,
        "Special Income Charges": -47000000.0,
        "Gain On Sale Of Ppe": -47000000.0,
        "Restructuring And Mergern Acquisition": 0.0,
        "Gain On Sale Of Security": -27000000.0,
        "Net Non Operating Interest Income Expense": -223000000.0,
        "Interest Expense Non Operating": 430000000.0,
        "Interest Income Non Operating": 207000000.0,
        "Operating Income": 1044000000.0,
        "Operating Expense": 2645000000.0,
        "Other Operating Expenses": 2074000000.0,
        "Selling General And Administration": 571000000.0,
        "Selling And Marketing Expense": 571000000.0,
        "Gross Profit": 3689000000.0,
        "Cost Of Revenue": 9937000000.0,
        "Total Revenue": 13626000000.0,
        "Operating Revenue": 12823000000.0
    },
    "2024-03-31": {
        "Tax Effect Of Unusual Items": -12200000.0,
        "Tax Rate For Calcs": 0.244,
        "Normalized EBITDA": 279000000.0,
        "Total Unusual Items": -50000000.0,
        "Total Unusual Items Excluding Goodwill": -50000000.0,
        "Net Income From Continuing Operation Net Minority Interest": -124000000.0,
        "Reconciled Cost Of Revenue": 9799000000.0,
        "EBITDA": 229000000.0,
        "EBIT": 229000000.0,
        "Net Interest Income": -216000000.0,
        "Interest Expense": 393000000.0,
        "Interest Income": 177000000.0,
        "Normalized Income": -86200000.0,
        "Net Income From Continuing And Discontinued Operation": -124000000.0,
        "Total Expenses": 12427000000.0,
        "Rent Expense Supplemental": 847000000.0,
        "Total Operating Income As Reported": 99000000.0,
        "Diluted Average Shares": 328300000.0,
        "Basic Average Shares": 328300000.0,
        "Diluted EPS": -0.38,
        "Basic EPS": -0.38,
        "Diluted NI Availto Com Stockholders": -124000000.0,
        "Net Income Common Stockholders": -124000000.0,
        "Net Income": -124000000.0,
        "Net Income Including Noncontrolling Interests": -124000000.0,
        "Net Income Continuous Operations": -124000000.0,
        "Tax Provision": -40000000.0,
        "Pretax Income": -164000000.0,
        "Other Income Expense": -60000000.0,
        "Other Non Operating Income Expenses": -10000000.0,
        "Special Income Charges": -13000000.0,
        "Gain On Sale Of Ppe": -13000000.0,
        "Restructuring And Mergern Acquisition": NaN,
        "Gain On Sale Of Security": -37000000.0,
        "Net Non Operating Interest Income Expense": -216000000.0,
        "Interest Expense Non Operating": 393000000.0,
        "Interest Income Non Operating": 177000000.0,
        "Operating Income": 112000000.0,
        "Operating Expense": 2628000000.0,
        "Other Operating Expenses": 2148000000.0,
        "Selling General And Administration": 480000000.0,
        "Selling And Marketing Expense": 480000000.0,
        "Gross Profit": 2740000000.0,
        "Cost Of Revenue": 9799000000.0,
        "Total Revenue": 12539000000.0,
        "Operating Revenue": 11704000000.0
    },
    "2024-06-30": {
        "Tax Effect Of Unusual Items": -16506037.952846,
        "Tax Rate For Calcs": 0.239218,
        "Normalized EBITDA": 2175000000.0,
        "Total Unusual Items": -69000000.0,
        "Total Unusual Items Excluding Goodwill": -69000000.0,
        "Net Income From Continuing Operation Net Minority Interest": 1323000000.0,
        "Reconciled Cost Of Revenue": 10184000000.0,
        "EBITDA": 2106000000.0,
        "EBIT": 2106000000.0,
        "Net Interest Income": -177000000.0,
        "Interest Expense": 367000000.0,
        "Interest Income": 190000000.0,
        "Normalized Income": 1375493962.047154,
        "Net Income From Continuing And Discontinued Operation": 1323000000.0,
        "Total Expenses": 13021000000.0,
        "Rent Expense Supplemental": 906000000.0,
        "Total Operating Income As Reported": 1929000000.0,
        "Diluted Average Shares": 333900000.0,
        "Basic Average Shares": 328800000.0,
        "Diluted EPS": 3.96,
        "Basic EPS": 4.02,
        "Diluted NI Availto Com Stockholders": 1323000000.0,
        "Net Income Common Stockholders": 1323000000.0,
        "Net Income": 1323000000.0,
        "Net Income Including Noncontrolling Interests": 1323000000.0,
        "Net Income Continuous Operations": 1323000000.0,
        "Tax Provision": 416000000.0,
        "Pretax Income": 1739000000.0,
        "Other Income Expense": -49000000.0,
        "Other Non Operating Income Expenses": 20000000.0,
        "Special Income Charges": -36000000.0,
        "Gain On Sale Of Ppe": -36000000.0,
        "Restructuring And Mergern Acquisition": 0.0,
        "Gain On Sale Of Security": -33000000.0,
        "Net Non Operating Interest Income Expense": -177000000.0,
        "Interest Expense Non Operating": 367000000.0,
        "Interest Income Non Operating": 190000000.0,
        "Operating Income": 1965000000.0,
        "Operating Expense": 2837000000.0,
        "Other Operating Expenses": 2211000000.0,
        "Selling General And Administration": 626000000.0,
        "Selling And Marketing Expense": 626000000.0,
        "Gross Profit": 4802000000.0,
        "Cost Of Revenue": 10184000000.0,
        "Total Revenue": 14986000000.0,
        "Operating Revenue": 14094000000.0
    },
    "2024-09-30": {
        "Tax Effect Of Unusual Items": -21216951.788491,
        "Tax Rate For Calcs": 0.249611,
        "Normalized EBITDA": 1697000000.0,
        "Total Unusual Items": -85000000.0,
        "Total Unusual Items Excluding Goodwill": -85000000.0,
        "Net Income From Continuing Operation Net Minority Interest": 965000000.0,
        "Reconciled Cost Of Revenue": 10405000000.0,
        "EBITDA": 1612000000.0,
        "EBIT": 1612000000.0,
        "Net Interest Income": -139000000.0,
        "Interest Expense": 326000000.0,
        "Interest Income": 187000000.0,
        "Normalized Income": 1028783048.211509,
        "Net Income From Continuing And Discontinued Operation": 965000000.0,
        "Total Expenses": 13283000000.0,
        "Rent Expense Supplemental": 931000000.0,
        "Total Operating Income As Reported": 1565000000.0,
        "Diluted Average Shares": 332700000.0,
        "Basic Average Shares": 329000000.0,
        "Diluted EPS": 2.9,
        "Basic EPS": 2.93,
        "Diluted NI Availto Com Stockholders": 965000000.0,
        "Net Income Common Stockholders": 965000000.0,
        "Net Income": 965000000.0,
        "Net Income Including Noncontrolling Interests": 965000000.0,
        "Net Income Continuous Operations": 965000000.0,
        "Tax Provision": 321000000.0,
        "Pretax Income": 1286000000.0,
        "Other Income Expense": -135000000.0,
        "Other Non Operating Income Expenses": -50000000.0,
        "Special Income Charges": 5000000.0,
        "Gain On Sale Of Ppe": 5000000.0,
        "Restructuring And Mergern Acquisition": 0.0,
        "Gain On Sale Of Security": -90000000.0,
        "Net Non Operating Interest Income Expense": -139000000.0,
        "Interest Expense Non Operating": 326000000.0,
        "Interest Income Non Operating": 187000000.0,
        "Operating Income": 1560000000.0,
        "Operating Expense": 2878000000.0,
        "Other Operating Expenses": 2304000000.0,
        "Selling General And Administration": 574000000.0,
        "Selling And Marketing Expense": 574000000.0,
        "Gross Profit": 4438000000.0,
        "Cost Of Revenue": 10405000000.0,
        "Total Revenue": 14843000000.0,
        "Operating Revenue": 13978000000.0
    }
}