{
    "2023-03-31": {
        "Tax Effect Of Unusual Items": NaN,
        "Tax Rate For Calcs": NaN,
        "Net Income From Continuing Operation Net Minority Interest": NaN,
        "Reconciled Depreciation": NaN,
        "Net Interest Income": NaN,
        "Interest Expense": NaN,
        "Interest Income": NaN,
        "Normalized Income": NaN,
        "Net Income From Continuing And Discontinued Operation": NaN,
        "Diluted Average Shares": NaN,
        "Basic Average Shares": NaN,
        "Diluted EPS": NaN,
        "Basic EPS": NaN,
        "Diluted NI Availto Com Stockholders": NaN,
        "Net Income Common Stockholders": NaN,
        "Otherunder Preferred Stock Dividend": NaN,
        "Net Income": NaN,
        "Net Income Including Noncontrolling Interests": NaN,
        "Net Income Continuous Operations": NaN,
        "Tax Provision": NaN,
        "Pretax Income": NaN,
        "Gain On Sale Of Security": NaN,
        "Depreciation Amortization Depletion Income Statement": NaN,
        "Depreciation And Amortization In Income Statement": NaN,
        "Amortization": NaN,
        "Amortization Of Intangibles Income Statement": NaN,
        "Selling General And Administration": NaN,
        "Selling And Marketing Expense": NaN,
        "General And Administrative Expense": NaN,
        "Other Gand A": 30000.0,
        "Insurance And Claims": NaN,
        "Salaries And Wages": NaN,
        "Total Revenue": NaN,
        "Operating Revenue": NaN,
        "Occupancy And Equipment": NaN,
        "Professional Expense And Contract Services Expense": NaN,
        "Other Non Interest Expense": NaN
    },
    "2022-12-31": {
        "Tax Effect Of Unusual Items": 0.0,
        "Tax Rate For Calcs": 0.091768,
        "Net Income From Continuing Operation Net Minority Interest": 2306000.0,
        "Reconciled Depreciation": 282000.0,
        "Net Interest Income": 6496000.0,
        "Interest Expense": 1381000.0,
        "Interest Income": 7877000.0,
        "Normalized Income": 2306000.0,
        "Net Income From Continuing And Discontinued Operation": 2306000.0,
        "Diluted Average Shares": NaN,
        "Basic Average Shares": NaN,
        "Diluted EPS": NaN,
        "Basic EPS": NaN,
        "Diluted NI Availto Com Stockholders": 2203000.0,
        "Net Income Common Stockholders": 2203000.0,
        "Otherunder Preferred Stock Dividend": 103000.0,
        "Net Income": 2306000.0,
        "Net Income Including Noncontrolling Interests": 2306000.0,
        "Net Income Continuous Operations": 2306000.0,
        "Tax Provision": 233000.0,
        "Pretax Income": 2539000.0,
        "Gain On Sale Of Security": 0.0,
        "Depreciation Amortization Depletion Income Statement": 37000.0,
        "Depreciation And Amortization In Income Statement": 37000.0,
        "Amortization": 37000.0,
        "Amortization Of Intangibles Income Statement": 37000.0,
        "Selling General And Administration": 2703000.0,
        "Selling And Marketing Expense": 69000.0,
        "General And Administrative Expense": 2634000.0,
        "Other Gand A": NaN,
        "Insurance And Claims": 195000.0,
        "Salaries And Wages": 2517000.0,
        "Total Revenue": 7606000.0,
        "Operating Revenue": 7606000.0
    },
    "2022-09-30": {
        "Tax Effect Of Unusual Items": NaN,
        "Tax Rate For Calcs": NaN,
        "Net Income From Continuing Operation Net Minority Interest": NaN,
        "Reconciled Depreciation": NaN,
        "Net Interest Income": NaN,
        "Interest Expense": NaN,
        "Interest Income": NaN,
        "Normalized Income": NaN,
        "Net Income From Continuing And Discontinued Operation": NaN,
        "Diluted Average Shares": 5488121.0,
        "Basic Average Shares": 5488121.0,
        "Diluted EPS": 0.4,
        "Basic EPS": 0.4,
        "Diluted NI Availto Com Stockholders": NaN,
        "Net Income Common Stockholders": NaN,
        "Otherunder Preferred Stock Dividend": NaN,
        "Net Income": NaN,
        "Net Income Including Noncontrolling Interests": NaN,
        "Net Income Continuous Operations": NaN,
        "Tax Provision": NaN,
        "Pretax Income": NaN,
        "Gain On Sale Of Security": NaN,
        "Depreciation Amortization Depletion Income Statement": NaN,
        "Depreciation And Amortization In Income Statement": NaN,
        "Amortization": NaN,
        "Amortization Of Intangibles Income Statement": NaN,
        "Selling General And Administration": NaN,
        "Selling And Marketing Expense": NaN,
        "General And Administrative Expense": NaN,
        "Other Gand A": 32000.0,
        "Insurance And Claims": NaN,
        "Salaries And Wages": NaN,
        "Total Revenue": NaN,
        "Operating Revenue": NaN
    },
    "2022-06-30": {
        "Tax Effect Of Unusual Items": 0.0,
        "Tax Rate For Calcs": 0.113812,
        "Net Income From Continuing Operation Net Minority Interest": 2297000.0,
        "Reconciled Depreciation": 299000.0,
        "Net Interest Income": 5940000.0,
        "Interest Expense": 477000.0,
        "Interest Income": 6417000.0,
        "Normalized Income": 2297000.0,
        "Net Income From Continuing And Discontinued Operation": 2297000.0,
        "Diluted Average Shares": 5484701.0,
        "Basic Average Shares": 5484701.0,
        "Diluted EPS": 0.4,
        "Basic EPS": 0.4,
        "Diluted NI Availto Com Stockholders": 2234000.0,
        "Net Income Common Stockholders": 2234000.0,
        "Otherunder Preferred Stock Dividend": 63000.0,
        "Net Income": 2297000.0,
        "Net Income Including Noncontrolling Interests": 2297000.0,
        "Net Income Continuous Operations": 2297000.0,
        "Tax Provision": 295000.0,
        "Pretax Income": 2592000.0,
        "Gain On Sale Of Security": 0.0,
        "Depreciation Amortization Depletion Income Statement": 38000.0,
        "Depreciation And Amortization In Income Statement": 38000.0,
        "Amortization": 38000.0,
        "Amortization Of Intangibles Income Statement": 38000.0,
        "Selling General And Administration": 2717000.0,
        "Selling And Marketing Expense": 123000.0,
        "General And Administrative Expense": 2594000.0,
        "Other Gand A": 21000.0,
        "Insurance And Claims": 189000.0,
        "Salaries And Wages": 2384000.0,
        "Total Revenue": 6956000.0,
        "Operating Revenue": 6956000.0
    },
    "2022-03-31": {
        "Diluted EPS": 0.3,
        "Total Revenue": 7,
        "Gross Profit": 6,
        "Operating Income": 2,
        "EBIT": NaN,
        "Net Income": 2
    },
    "2021-12-31": {
        "Diluted EPS": 0.41,
        "Total Revenue": 8,
        "Gross Profit": 7,
        "Operating Income": 3,
        "EBIT": NaN,
        "Net Income": 3
    },
    "2021-09-30": {
        "Diluted EPS": 0.5,
        "Total Revenue": 9,
        "Gross Profit": 8,
        "Operating Income": 3,
        "EBIT": NaN,
        "Net Income": 3
    },
    "2021-06-30": {
        "Diluted EPS": 0.38,
        "Total Revenue": 7,
        "Gross Profit": 7,
        "Operating Income": 2,
        "EBIT": NaN,
        "Net Income": 2
    },
    "2021-03-31": {
        "Diluted EPS": 0.33,
        "Total Revenue": 7,
        "Gross Profit": 6,
        "Operating Income": 2,
        "EBIT": NaN,
        "Net Income": 2
    },
    "2020-12-31": {
        "Diluted EPS": 0.46,
        "Total Revenue": 8,
        "Gross Profit": 7,
        "Operating Income": 3,
        "EBIT": NaN,
        "Net Income": 2
    },
    "2020-09-30": {
        "Diluted EPS": 0.36,
        "Total Revenue": 9,
        "Gross Profit": 8,
        "Operating Income": 2,
        "EBIT": NaN,
        "Net Income": 2
    },
    "2020-06-30": {
        "Diluted EPS": 0.29,
        "Total Revenue": 9,
        "Gross Profit": 8,
        "Operating Income": 2,
        "EBIT": NaN,
        "Net Income": 2
    },
    "2020-03-31": {
        "Diluted EPS": 0.28,
        "Total Revenue": 8,
        "Gross Profit": 7,
        "Operating Income": 2,
        "EBIT": NaN,
        "Net Income": 2
    },
    "2019-12-31": {
        "Diluted EPS": 0.31,
        "Total Revenue": 8,
        "Gross Profit": 6,
        "Operating Income": 2,
        "EBIT": NaN,
        "Net Income": 2
    },
    "2019-09-30": {
        "Diluted EPS": 0.31,
        "Total Revenue": 8,
        "Gross Profit": 6,
        "Operating Income": 2,
        "EBIT": NaN,
        "Net Income": 2
    },
    "2019-06-30": {
        "Diluted EPS": 0.29,
        "Total Revenue": 8,
        "Gross Profit": 6,
        "Operating Income": 2,
        "EBIT": NaN,
        "Net Income": 2
    },
    "2019-03-31": {
        "Diluted EPS": 0.28,
        "Total Revenue": 7,
        "Gross Profit": 6,
        "Operating Income": 2,
        "EBIT": NaN,
        "Net Income": 2
    },
    "2018-12-31": {
        "Diluted EPS": 0.11,
        "Total Revenue": 7,
        "Gross Profit": 6,
        "Operating Income": 1,
        "EBIT": NaN,
        "Net Income": 0
    },
    "2018-09-30": {
        "Diluted EPS": 0.25,
        "Total Revenue": 6,
        "Gross Profit": 6,
        "Operating Income": 2,
        "EBIT": NaN,
        "Net Income": 1
    },
    "2018-06-30": {
        "Diluted EPS": 0.23,
        "Total Revenue": 6,
        "Gross Profit": 5,
        "Operating Income": 1,
        "EBIT": NaN,
        "Net Income": 1
    },
    "2018-03-31": {
        "Diluted EPS": 0.23,
        "Total Revenue": 6,
        "Gross Profit": 5,
        "Operating Income": 1,
        "EBIT": NaN,
        "Net Income": 1
    },
    "2017-12-31": {
        "Diluted EPS": 0.16,
        "Total Revenue": 5,
        "Gross Profit": 5,
        "Operating Income": 1,
        "EBIT": NaN,
        "Net Income": 1
    },
    "2017-09-30": {
        "Diluted EPS": 0.2,
        "Total Revenue": 5,
        "Gross Profit": 5,
        "Operating Income": 2,
        "EBIT": NaN,
        "Net Income": 1
    },
    "2017-06-30": {
        "Diluted EPS": 0.18,
        "Total Revenue": 5,
        "Gross Profit": 5,
        "Operating Income": 1,
        "EBIT": NaN,
        "Net Income": 1
    },
    "2017-03-31": {
        "Diluted EPS": 0.17,
        "Total Revenue": 5,
        "Gross Profit": 5,
        "Operating Income": 1,
        "EBIT": NaN,
        "Net Income": 1
    },
    "2016-12-31": {
        "Diluted EPS": 0.18,
        "Total Revenue": 5,
        "Gross Profit": 5,
        "Operating Income": 1,
        "EBIT": NaN,
        "Net Income": 1
    },
    "2016-09-30": {
        "Diluted EPS": 0.18,
        "Total Revenue": 5,
        "Gross Profit": 5,
        "Operating Income": 1,
        "EBIT": NaN,
        "Net Income": 1
    },
    "2016-06-30": {
        "Diluted EPS": 0.18,
        "Total Revenue": 5,
        "Gross Profit": 5,
        "Operating Income": 1,
        "EBIT": NaN,
        "Net Income": 1
    },
    "2016-03-31": {
        "Diluted EPS": 0.17,
        "Total Revenue": 5,
        "Gross Profit": 4,
        "Operating Income": 1,
        "EBIT": NaN,
        "Net Income": 1
    },
    "2015-12-31": {
        "Diluted EPS": 0.17,
        "Total Revenue": 5,
        "Gross Profit": 4,
        "Operating Income": 1,
        "EBIT": NaN,
        "Net Income": 1
    },
    "2015-09-30": {
        "Diluted EPS": 0.17,
        "Total Revenue": 5,
        "Gross Profit": 5,
        "Operating Income": 1,
        "EBIT": NaN,
        "Net Income": 1
    },
    "2015-06-30": {
        "Diluted EPS": 0.16,
        "Total Revenue": 5,
        "Gross Profit": 4,
        "Operating Income": 1,
        "EBIT": NaN,
        "Net Income": 1
    },
    "2015-03-31": {
        "Diluted EPS": 0.14,
        "Total Revenue": 5,
        "Gross Profit": 4,
        "Operating Income": 1,
        "EBIT": NaN,
        "Net Income": 1
    },
    "2014-12-31": {
        "Diluted EPS": 0.15,
        "Total Revenue": 5,
        "Gross Profit": 4,
        "Operating Income": 1,
        "EBIT": NaN,
        "Net Income": 1
    },
    "2014-09-30": {
        "Diluted EPS": 0.14,
        "Total Revenue": 5,
        "Gross Profit": 4,
        "Operating Income": 1,
        "EBIT": NaN,
        "Net Income": 1
    },
    "2014-06-30": {
        "Diluted EPS": 0.14,
        "Total Revenue": 5,
        "Gross Profit": 4,
        "Operating Income": 1,
        "EBIT": NaN,
        "Net Income": 1
    },
    "2014-03-31": {
        "Diluted EPS": 0.1,
        "Total Revenue": 5,
        "Gross Profit": 4,
        "Operating Income": 1,
        "EBIT": NaN,
        "Net Income": 0
    },
    "2013-12-31": {
        "Diluted EPS": 0.12,
        "Total Revenue": 5,
        "Gross Profit": 4,
        "Operating Income": 1,
        "EBIT": NaN,
        "Net Income": 1
    },
    "2013-09-30": {
        "Diluted EPS": 0.22,
        "Total Revenue": 6,
        "Gross Profit": 5,
        "Operating Income": 1,
        "EBIT": NaN,
        "Net Income": 1
    },
    "2013-06-30": {
        "Diluted EPS": 0.1,
        "Total Revenue": 5,
        "Gross Profit": 4,
        "Operating Income": 1,
        "EBIT": NaN,
        "Net Income": 0
    },
    "2013-03-31": {
        "Diluted EPS": 0.09,
        "Total Revenue": 5,
        "Gross Profit": 4,
        "Operating Income": 1,
        "EBIT": NaN,
        "Net Income": 0
    },
    "2012-12-31": {
        "Diluted EPS": 0.09,
        "Total Revenue": 5,
        "Gross Profit": 5,
        "Operating Income": 1,
        "EBIT": NaN,
        "Net Income": 1
    },
    "2012-09-30": {
        "Diluted EPS": 0.09,
        "Total Revenue": 5,
        "Gross Profit": 4,
        "Operating Income": 1,
        "EBIT": NaN,
        "Net Income": 0
    },
    "2012-06-30": {
        "Diluted EPS": 0.15,
        "Total Revenue": 5,
        "Gross Profit": 4,
        "Operating Income": 1,
        "EBIT": NaN,
        "Net Income": 1
    },
    "2012-03-31": {
        "Diluted EPS": 0.15,
        "Total Revenue": 5,
        "Gross Profit": 4,
        "Operating Income": 1,
        "EBIT": NaN,
        "Net Income": 1
    },
    "2011-12-31": {
        "Diluted EPS": 0.16,
        "Total Revenue": 6,
        "Gross Profit": 5,
        "Operating Income": 1,
        "EBIT": NaN,
        "Net Income": 1
    },
    "2011-09-30": {
        "Diluted EPS": 0.16,
        "Total Revenue": 6,
        "Gross Profit": 5,
        "Operating Income": 1,
        "EBIT": NaN,
        "Net Income": 1
    },
    "2011-06-30": {
        "Diluted EPS": 0.15,
        "Total Revenue": 6,
        "Gross Profit": 5,
        "Operating Income": 1,
        "EBIT": NaN,
        "Net Income": 1
    },
    "2011-03-31": {
        "Diluted EPS": 0.15,
        "Total Revenue": 6,
        "Gross Profit": 5,
        "Operating Income": 1,
        "EBIT": NaN,
        "Net Income": 1
    },
    "2010-12-31": {
        "Diluted EPS": 0.09,
        "Total Revenue": 6,
        "Gross Profit": 5,
        "Operating Income": 0,
        "EBIT": NaN,
        "Net Income": 0
    },
    "2010-09-30": {
        "Diluted EPS": 0.15,
        "Total Revenue": 6,
        "Gross Profit": 5,
        "Operating Income": 1,
        "EBIT": NaN,
        "Net Income": 1
    },
    "2010-06-30": {
        "Diluted EPS": 0.14,
        "Total Revenue": 6,
        "Gross Profit": 5,
        "Operating Income": 1,
        "EBIT": NaN,
        "Net Income": 1
    },
    "2010-03-31": {
        "Diluted EPS": 0.14,
        "Total Revenue": 6,
        "Gross Profit": 5,
        "Operating Income": 1,
        "EBIT": NaN,
        "Net Income": 1
    },
    "2009-12-31": {
        "Diluted EPS": 0.14,
        "Total Revenue": 7,
        "Gross Profit": 5,
        "Operating Income": 1,
        "EBIT": NaN,
        "Net Income": 1
    },
    "2009-09-30": {
        "Diluted EPS": 0.16,
        "Total Revenue": 7,
        "Gross Profit": 5,
        "Operating Income": 1,
        "EBIT": NaN,
        "Net Income": 1
    },
    "2009-06-30": {
        "Diluted EPS": 0.15,
        "Total Revenue": 7,
        "Gross Profit": 5,
        "Operating Income": 1,
        "EBIT": NaN,
        "Net Income": 1
    },
    "2009-03-31": {
        "Diluted EPS": 0.17,
        "Total Revenue": 7,
        "Gross Profit": 5,
        "Operating Income": 1,
        "EBIT": NaN,
        "Net Income": 1
    },
    "2023-06-30": {
        "Tax Effect Of Unusual Items": NaN,
        "Tax Rate For Calcs": NaN,
        "Net Income From Continuing Operation Net Minority Interest": NaN,
        "Reconciled Depreciation": NaN,
        "Net Interest Income": NaN,
        "Interest Expense": NaN,
        "Interest Income": NaN,
        "Normalized Income": NaN,
        "Net Income From Continuing And Discontinued Operation": NaN,
        "Diluted Average Shares": 5496049.0,
        "Basic Average Shares": 5496049.0,
        "Diluted EPS": 0.4,
        "Basic EPS": 0.4,
        "Diluted NI Availto Com Stockholders": NaN,
        "Net Income Common Stockholders": NaN,
        "Otherunder Preferred Stock Dividend": NaN,
        "Net Income": NaN,
        "Net Income Including Noncontrolling Interests": NaN,
        "Net Income Continuous Operations": NaN,
        "Tax Provision": NaN,
        "Pretax Income": NaN,
        "Gain On Sale Of Security": NaN,
        "Depreciation Amortization Depletion Income Statement": NaN,
        "Depreciation And Amortization In Income Statement": NaN,
        "Amortization": NaN,
        "Amortization Of Intangibles Income Statement": NaN,
        "Selling General And Administration": NaN,
        "Selling And Marketing Expense": NaN,
        "General And Administrative Expense": NaN,
        "Other Gand A": 29000.0,
        "Insurance And Claims": NaN,
        "Salaries And Wages": NaN,
        "Total Revenue": NaN,
        "Operating Revenue": NaN,
        "Occupancy And Equipment": NaN,
        "Professional Expense And Contract Services Expense": NaN,
        "Other Non Interest Expense": NaN
    },
    "2023-09-30": {
        "Tax Effect Of Unusual Items": 0.0,
        "Tax Rate For Calcs": 0.023673,
        "Net Income From Continuing Operation Net Minority Interest": 2392000.0,
        "Reconciled Depreciation": 289000.0,
        "Net Interest Income": 6485000.0,
        "Interest Expense": 3085000.0,
        "Interest Income": 9570000.0,
        "Normalized Income": 2392000.0,
        "Net Income From Continuing And Discontinued Operation": 2392000.0,
        "Diluted Average Shares": 5488995.0,
        "Basic Average Shares": 5488995.0,
        "Diluted EPS": 0.42,
        "Basic EPS": 0.42,
        "Diluted NI Availto Com Stockholders": 2300000.0,
        "Net Income Common Stockholders": 2300000.0,
        "Otherunder Preferred Stock Dividend": 92000.0,
        "Net Income": 2392000.0,
        "Net Income Including Noncontrolling Interests": 2392000.0,
        "Net Income Continuous Operations": 2392000.0,
        "Tax Provision": 58000.0,
        "Pretax Income": 2450000.0,
        "Gain On Sale Of Security": 0.0,
        "Depreciation Amortization Depletion Income Statement": 38000.0,
        "Depreciation And Amortization In Income Statement": 38000.0,
        "Amortization": 38000.0,
        "Amortization Of Intangibles Income Statement": 38000.0,
        "Selling General And Administration": 2820000.0,
        "Selling And Marketing Expense": 100000.0,
        "General And Administrative Expense": 2720000.0,
        "Other Gand A": 33000.0,
        "Insurance And Claims": 240000.0,
        "Salaries And Wages": 2480000.0,
        "Total Revenue": 7529000.0,
        "Operating Revenue": 7529000.0,
        "Occupancy And Equipment": 546000.0,
        "Professional Expense And Contract Services Expense": 371000.0,
        "Other Non Interest Expense": 1458000.0
    },
    "2023-12-31": {
        "Tax Effect Of Unusual Items": 0.0,
        "Tax Rate For Calcs": 0.077932,
        "Net Income From Continuing Operation Net Minority Interest": 2390000.0,
        "Reconciled Depreciation": 290000.0,
        "Net Interest Income": 6407000.0,
        "Interest Expense": 3203000.0,
        "Interest Income": 9610000.0,
        "Normalized Income": 2390000.0,
        "Net Income From Continuing And Discontinued Operation": 2390000.0,
        "Diluted Average Shares": NaN,
        "Basic Average Shares": NaN,
        "Diluted EPS": NaN,
        "Basic EPS": NaN,
        "Diluted NI Availto Com Stockholders": 2297000.0,
        "Net Income Common Stockholders": 2297000.0,
        "Otherunder Preferred Stock Dividend": 93000.0,
        "Net Income": 2390000.0,
        "Net Income Including Noncontrolling Interests": 2390000.0,
        "Net Income Continuous Operations": 2390000.0,
        "Tax Provision": 202000.0,
        "Pretax Income": 2592000.0,
        "Gain On Sale Of Security": 0.0,
        "Depreciation Amortization Depletion Income Statement": 37000.0,
        "Depreciation And Amortization In Income Statement": 37000.0,
        "Amortization": 37000.0,
        "Amortization Of Intangibles Income Statement": 37000.0,
        "Selling General And Administration": 2802000.0,
        "Selling And Marketing Expense": 61000.0,
        "General And Administrative Expense": 2741000.0,
        "Other Gand A": NaN,
        "Insurance And Claims": 283000.0,
        "Salaries And Wages": 2458000.0,
        "Total Revenue": 7530000.0,
        "Operating Revenue": 7530000.0,
        "Occupancy And Equipment": 514000.0,
        "Professional Expense And Contract Services Expense": 365000.0,
        "Other Non Interest Expense": 1374000.0
    },
    "2024-03-31": {
        "Tax Effect Of Unusual Items": 0.0,
        "Tax Rate For Calcs": 0.07,
        "Net Income From Continuing Operation Net Minority Interest": 1993000.0,
        "Reconciled Depreciation": 299000.0,
        "Net Interest Income": 6017000.0,
        "Interest Expense": 3506000.0,
        "Interest Income": 9523000.0,
        "Normalized Income": 1993000.0,
        "Net Income From Continuing And Discontinued Operation": 1993000.0,
        "Diluted Average Shares": 5499877.0,
        "Basic Average Shares": 5499877.0,
        "Diluted EPS": 0.35,
        "Basic EPS": 0.35,
        "Diluted NI Availto Com Stockholders": 1903000.0,
        "Net Income Common Stockholders": 1903000.0,
        "Otherunder Preferred Stock Dividend": 90000.0,
        "Net Income": 1993000.0,
        "Net Income Including Noncontrolling Interests": 1993000.0,
        "Net Income Continuous Operations": 1993000.0,
        "Tax Provision": 150000.0,
        "Pretax Income": 2143000.0,
        "Gain On Sale Of Security": -194000.0,
        "Depreciation Amortization Depletion Income Statement": 38000.0,
        "Depreciation And Amortization In Income Statement": 38000.0,
        "Amortization": 38000.0,
        "Amortization Of Intangibles Income Statement": 38000.0,
        "Selling General And Administration": 2158000.0,
        "Selling And Marketing Expense": 113000.0,
        "General And Administrative Expense": 2045000.0,
        "Other Gand A": NaN,
        "Insurance And Claims": 258000.0,
        "Salaries And Wages": 1787000.0,
        "Total Revenue": 6981000.0,
        "Operating Revenue": 6981000.0,
        "Occupancy And Equipment": 624000.0,
        "Professional Expense And Contract Services Expense": 610000.0,
        "Other Non Interest Expense": 1408000.0
    },
    "2024-06-30": {
        "Tax Effect Of Unusual Items": 0.0,
        "Tax Rate For Calcs": 0.21,
        "Net Income From Continuing Operation Net Minority Interest": 1739000.0,
        "Reconciled Depreciation": 142000.0,
        "Net Interest Income": 6108000.0,
        "Interest Expense": 3676000.0,
        "Interest Income": 9784000.0,
        "Normalized Income": 1739000.0,
        "Net Income From Continuing And Discontinued Operation": 1739000.0,
        "Diluted Average Shares": 5629558.0,
        "Basic Average Shares": 5629558.0,
        "Diluted EPS": 0.3,
        "Basic EPS": 0.3,
        "Diluted NI Availto Com Stockholders": 1659000.0,
        "Net Income Common Stockholders": 1659000.0,
        "Otherunder Preferred Stock Dividend": 80000.0,
        "Net Income": 1739000.0,
        "Net Income Including Noncontrolling Interests": 1739000.0,
        "Net Income Continuous Operations": 1739000.0,
        "Tax Provision": -127000.0,
        "Pretax Income": 1612000.0,
        "Gain On Sale Of Security": 78000.0,
        "Depreciation Amortization Depletion Income Statement": 38000.0,
        "Depreciation And Amortization In Income Statement": 38000.0,
        "Amortization": 38000.0,
        "Amortization Of Intangibles Income Statement": 38000.0,
        "Selling General And Administration": 3064000.0,
        "Selling And Marketing Expense": 124000.0,
        "General And Administrative Expense": 2940000.0,
        "Other Gand A": NaN,
        "Insurance And Claims": 265000.0,
        "Salaries And Wages": 2675000.0,
        "Total Revenue": 7386000.0,
        "Operating Revenue": 7386000.0,
        "Occupancy And Equipment": 542000.0,
        "Professional Expense And Contract Services Expense": 457000.0,
        "Other Non Interest Expense": 1569000.0
    },
    "2024-09-30": {
        "Tax Effect Of Unusual Items": 0.0,
        "Tax Rate For Calcs": 0.21,
        "Net Income From Continuing Operation Net Minority Interest": 1820000.0,
        "Reconciled Depreciation": 461000.0,
        "Net Interest Income": 6043000.0,
        "Interest Expense": 3805000.0,
        "Interest Income": 9848000.0,
        "Normalized Income": 1820000.0,
        "Net Income From Continuing And Discontinued Operation": 1820000.0,
        "Diluted Average Shares": 5621393.0,
        "Basic Average Shares": 5621393.0,
        "Diluted EPS": 0.31,
        "Basic EPS": 0.31,
        "Diluted NI Availto Com Stockholders": 1733000.0,
        "Net Income Common Stockholders": 1733000.0,
        "Otherunder Preferred Stock Dividend": 87000.0,
        "Net Income": 1820000.0,
        "Net Income Including Noncontrolling Interests": 1820000.0,
        "Net Income Continuous Operations": 1820000.0,
        "Tax Provision": -64000.0,
        "Pretax Income": 1756000.0,
        "Gain On Sale Of Security": 0.0,
        "Depreciation Amortization Depletion Income Statement": 38000.0,
        "Depreciation And Amortization In Income Statement": 38000.0,
        "Amortization": 38000.0,
        "Amortization Of Intangibles Income Statement": 38000.0,
        "Selling General And Administration": 3146000.0,
        "Selling And Marketing Expense": 124000.0,
        "General And Administrative Expense": 3022000.0,
        "Other Gand A": NaN,
        "Insurance And Claims": 265000.0,
        "Salaries And Wages": 2757000.0,
        "Total Revenue": 7354000.0,
        "Operating Revenue": 7354000.0,
        "Occupancy And Equipment": 573000.0,
        "Professional Expense And Contract Services Expense": 398000.0,
        "Other Non Interest Expense": 1374000.0
    }
}