{
    "2023-03-31": {
        "Tax Effect Of Unusual Items": NaN,
        "Tax Rate For Calcs": NaN,
        "Normalized EBITDA": NaN,
        "Total Unusual Items": NaN,
        "Total Unusual Items Excluding Goodwill": NaN,
        "Net Income From Continuing Operation Net Minority Interest": NaN,
        "Reconciled Depreciation": NaN,
        "Reconciled Cost Of Revenue": NaN,
        "EBITDA": NaN,
        "EBIT": NaN,
        "Net Interest Income": NaN,
        "Interest Expense": NaN,
        "Interest Income": NaN,
        "Normalized Income": NaN,
        "Net Income From Continuing And Discontinued Operation": NaN,
        "Total Expenses": NaN,
        "Total Operating Income As Reported": NaN,
        "Diluted Average Shares": NaN,
        "Basic Average Shares": NaN,
        "Diluted EPS": NaN,
        "Basic EPS": NaN,
        "Diluted NI Availto Com Stockholders": NaN,
        "Average Dilution Earnings": NaN,
        "Net Income Common Stockholders": NaN,
        "Net Income": NaN,
        "Minority Interests": NaN,
        "Net Income Including Noncontrolling Interests": NaN,
        "Net Income Continuous Operations": NaN,
        "Earnings From Equity Interest Net Of Tax": NaN,
        "Tax Provision": NaN,
        "Pretax Income": NaN,
        "Other Income Expense": NaN,
        "Other Non Operating Income Expenses": NaN,
        "Special Income Charges": 0.0,
        "Gain On Sale Of Business": NaN,
        "Write Off": 0.0,
        "Gain On Sale Of Security": NaN,
        "Net Non Operating Interest Income Expense": NaN,
        "Interest Expense Non Operating": NaN,
        "Interest Income Non Operating": NaN,
        "Operating Income": NaN,
        "Operating Expense": NaN,
        "Other Operating Expenses": NaN,
        "Depreciation Amortization Depletion Income Statement": NaN,
        "Depreciation And Amortization In Income Statement": NaN,
        "Research And Development": NaN,
        "Selling General And Administration": NaN,
        "Selling And Marketing Expense": NaN,
        "General And Administrative Expense": NaN,
        "Other Gand A": NaN,
        "Gross Profit": NaN,
        "Cost Of Revenue": NaN,
        "Total Revenue": NaN,
        "Operating Revenue": NaN
    },
    "2022-12-31": {
        "Tax Effect Of Unusual Items": NaN,
        "Tax Rate For Calcs": NaN,
        "Normalized EBITDA": NaN,
        "Total Unusual Items": NaN,
        "Total Unusual Items Excluding Goodwill": NaN,
        "Net Income From Continuing Operation Net Minority Interest": NaN,
        "Reconciled Depreciation": NaN,
        "Reconciled Cost Of Revenue": NaN,
        "EBITDA": NaN,
        "EBIT": NaN,
        "Net Interest Income": NaN,
        "Interest Expense": NaN,
        "Interest Income": NaN,
        "Normalized Income": NaN,
        "Net Income From Continuing And Discontinued Operation": NaN,
        "Total Expenses": NaN,
        "Total Operating Income As Reported": NaN,
        "Diluted Average Shares": NaN,
        "Basic Average Shares": NaN,
        "Diluted EPS": NaN,
        "Basic EPS": NaN,
        "Diluted NI Availto Com Stockholders": NaN,
        "Average Dilution Earnings": NaN,
        "Net Income Common Stockholders": NaN,
        "Net Income": NaN,
        "Minority Interests": NaN,
        "Net Income Including Noncontrolling Interests": NaN,
        "Net Income Continuous Operations": NaN,
        "Earnings From Equity Interest Net Of Tax": NaN,
        "Tax Provision": NaN,
        "Pretax Income": NaN,
        "Other Income Expense": NaN,
        "Other Non Operating Income Expenses": NaN,
        "Special Income Charges": 0.0,
        "Gain On Sale Of Business": 0.0,
        "Write Off": 0.0,
        "Gain On Sale Of Security": NaN,
        "Net Non Operating Interest Income Expense": NaN,
        "Interest Expense Non Operating": NaN,
        "Interest Income Non Operating": NaN,
        "Operating Income": NaN,
        "Operating Expense": NaN,
        "Other Operating Expenses": NaN,
        "Depreciation Amortization Depletion Income Statement": NaN,
        "Depreciation And Amortization In Income Statement": NaN,
        "Research And Development": NaN,
        "Selling General And Administration": NaN,
        "Selling And Marketing Expense": NaN,
        "General And Administrative Expense": NaN,
        "Other Gand A": NaN,
        "Gross Profit": NaN,
        "Cost Of Revenue": NaN,
        "Total Revenue": NaN,
        "Operating Revenue": NaN
    },
    "2022-09-30": {
        "Tax Effect Of Unusual Items": NaN,
        "Tax Rate For Calcs": NaN,
        "Normalized EBITDA": NaN,
        "Total Unusual Items": NaN,
        "Total Unusual Items Excluding Goodwill": NaN,
        "Net Income From Continuing Operation Net Minority Interest": NaN,
        "Reconciled Depreciation": NaN,
        "Reconciled Cost Of Revenue": NaN,
        "EBITDA": NaN,
        "EBIT": NaN,
        "Net Interest Income": NaN,
        "Interest Expense": NaN,
        "Interest Income": NaN,
        "Normalized Income": NaN,
        "Net Income From Continuing And Discontinued Operation": NaN,
        "Total Expenses": NaN,
        "Total Operating Income As Reported": NaN,
        "Diluted Average Shares": NaN,
        "Basic Average Shares": NaN,
        "Diluted EPS": NaN,
        "Basic EPS": NaN,
        "Diluted NI Availto Com Stockholders": NaN,
        "Average Dilution Earnings": NaN,
        "Net Income Common Stockholders": NaN,
        "Net Income": NaN,
        "Minority Interests": NaN,
        "Net Income Including Noncontrolling Interests": NaN,
        "Net Income Continuous Operations": NaN,
        "Earnings From Equity Interest Net Of Tax": NaN,
        "Tax Provision": NaN,
        "Pretax Income": NaN,
        "Other Income Expense": NaN,
        "Other Non Operating Income Expenses": NaN,
        "Special Income Charges": NaN,
        "Gain On Sale Of Business": 14000000.0,
        "Write Off": NaN,
        "Gain On Sale Of Security": NaN,
        "Net Non Operating Interest Income Expense": NaN,
        "Interest Expense Non Operating": NaN,
        "Interest Income Non Operating": NaN,
        "Operating Income": NaN,
        "Operating Expense": NaN,
        "Other Operating Expenses": NaN,
        "Depreciation Amortization Depletion Income Statement": NaN,
        "Depreciation And Amortization In Income Statement": NaN,
        "Research And Development": NaN,
        "Selling General And Administration": NaN,
        "Selling And Marketing Expense": NaN,
        "General And Administrative Expense": NaN,
        "Other Gand A": NaN,
        "Gross Profit": NaN,
        "Cost Of Revenue": NaN,
        "Total Revenue": NaN,
        "Operating Revenue": NaN
    },
    "2022-06-30": {
        "Tax Effect Of Unusual Items": -690400000.0,
        "Tax Rate For Calcs": 0.4,
        "Normalized EBITDA": -448000000.0,
        "Total Unusual Items": -1726000000.0,
        "Total Unusual Items Excluding Goodwill": -1726000000.0,
        "Net Income From Continuing Operation Net Minority Interest": -2601000000.0,
        "Reconciled Depreciation": 243000000.0,
        "Reconciled Cost Of Revenue": 5153000000.0,
        "EBITDA": -2174000000.0,
        "EBIT": -2417000000.0,
        "Net Interest Income": -122000000.0,
        "Interest Expense": 139000000.0,
        "Interest Income": 17000000.0,
        "Normalized Income": -1565400000.0,
        "Net Income From Continuing And Discontinued Operation": -2601000000.0,
        "Total Expenses": 8786000000.0,
        "Total Operating Income As Reported": -713000000.0,
        "Diluted Average Shares": 1968882000.0,
        "Basic Average Shares": 1964304000.0,
        "Diluted EPS": -1.33,
        "Basic EPS": -1.32,
        "Diluted NI Availto Com Stockholders": -2601000000.0,
        "Average Dilution Earnings": -12000000.0,
        "Net Income Common Stockholders": -2601000000.0,
        "Net Income": -2601000000.0,
        "Minority Interests": 15000000.0,
        "Net Income Including Noncontrolling Interests": -2616000000.0,
        "Net Income Continuous Operations": -2616000000.0,
        "Earnings From Equity Interest Net Of Tax": 17000000.0,
        "Tax Provision": 77000000.0,
        "Pretax Income": -2556000000.0,
        "Other Income Expense": -1721000000.0,
        "Other Non Operating Income Expenses": 5000000.0,
        "Special Income Charges": 0.0,
        "Gain On Sale Of Business": 0.0,
        "Write Off": 0.0,
        "Gain On Sale Of Security": -1726000000.0,
        "Net Non Operating Interest Income Expense": -122000000.0,
        "Interest Expense Non Operating": 139000000.0,
        "Interest Income Non Operating": 17000000.0,
        "Operating Income": -713000000.0,
        "Operating Expense": 3633000000.0,
        "Other Operating Expenses": 617000000.0,
        "Depreciation Amortization Depletion Income Statement": 243000000.0,
        "Depreciation And Amortization In Income Statement": 243000000.0,
        "Research And Development": 704000000.0,
        "Selling General And Administration": 2069000000.0,
        "Selling And Marketing Expense": 1218000000.0,
        "General And Administrative Expense": 851000000.0,
        "Other Gand A": 851000000.0,
        "Gross Profit": 2920000000.0,
        "Cost Of Revenue": 5153000000.0,
        "Total Revenue": 8073000000.0,
        "Operating Revenue": 8073000000.0
    },
    "2023-06-30": {
        "Tax Effect Of Unusual Items": NaN,
        "Tax Rate For Calcs": NaN,
        "Normalized EBITDA": NaN,
        "Total Unusual Items": NaN,
        "Total Unusual Items Excluding Goodwill": NaN,
        "Net Income From Continuing Operation Net Minority Interest": NaN,
        "Reconciled Depreciation": NaN,
        "Reconciled Cost Of Revenue": NaN,
        "EBITDA": NaN,
        "EBIT": NaN,
        "Net Interest Income": NaN,
        "Interest Expense": NaN,
        "Interest Income": NaN,
        "Normalized Income": NaN,
        "Net Income From Continuing And Discontinued Operation": NaN,
        "Total Expenses": NaN,
        "Total Operating Income As Reported": NaN,
        "Diluted Average Shares": NaN,
        "Basic Average Shares": NaN,
        "Diluted EPS": NaN,
        "Basic EPS": NaN,
        "Diluted NI Availto Com Stockholders": NaN,
        "Average Dilution Earnings": NaN,
        "Net Income Common Stockholders": NaN,
        "Net Income": NaN,
        "Minority Interests": NaN,
        "Net Income Including Noncontrolling Interests": NaN,
        "Net Income Continuous Operations": NaN,
        "Earnings From Equity Interest Net Of Tax": NaN,
        "Tax Provision": NaN,
        "Pretax Income": NaN,
        "Other Income Expense": NaN,
        "Other Non Operating Income Expenses": NaN,
        "Special Income Charges": 0.0,
        "Gain On Sale Of Business": NaN,
        "Write Off": 0.0,
        "Gain On Sale Of Security": NaN,
        "Net Non Operating Interest Income Expense": NaN,
        "Interest Expense Non Operating": NaN,
        "Interest Income Non Operating": NaN,
        "Operating Income": NaN,
        "Operating Expense": NaN,
        "Other Operating Expenses": NaN,
        "Depreciation Amortization Depletion Income Statement": NaN,
        "Depreciation And Amortization In Income Statement": NaN,
        "Research And Development": NaN,
        "Selling General And Administration": NaN,
        "Selling And Marketing Expense": NaN,
        "General And Administrative Expense": NaN,
        "Other Gand A": NaN,
        "Gross Profit": NaN,
        "Cost Of Revenue": NaN,
        "Total Revenue": NaN,
        "Operating Revenue": NaN
    },
    "2022-03-31": {
        "Diluted EPS": -3.04,
        "Total Revenue": NaN,
        "Gross Profit": NaN,
        "Operating Income": -482,
        "EBIT": -228,
        "Net Income": NaN
    },
    "2021-12-31": {
        "Diluted EPS": 0.47,
        "Total Revenue": NaN,
        "Gross Profit": NaN,
        "Operating Income": -550,
        "EBIT": -188,
        "Net Income": 892
    },
    "2021-09-30": {
        "Diluted EPS": -1.28,
        "Total Revenue": NaN,
        "Gross Profit": NaN,
        "Operating Income": -572,
        "EBIT": -370,
        "Net Income": NaN
    },
    "2021-06-30": {
        "Diluted EPS": 0.58,
        "Total Revenue": NaN,
        "Gross Profit": NaN,
        "Operating Income": NaN,
        "EBIT": -962,
        "Net Income": NaN
    },
    "2021-03-31": {
        "Diluted EPS": -0.06,
        "Total Revenue": NaN,
        "Gross Profit": NaN,
        "Operating Income": NaN,
        "EBIT": NaN,
        "Net Income": -108
    },
    "2020-12-31": {
        "Diluted EPS": -0.52,
        "Total Revenue": NaN,
        "Gross Profit": NaN,
        "Operating Income": -877,
        "EBIT": -293,
        "Net Income": -968
    },
    "2020-09-30": {
        "Diluted EPS": -0.62,
        "Total Revenue": NaN,
        "Gross Profit": NaN,
        "Operating Income": NaN,
        "EBIT": -978,
        "Net Income": NaN
    },
    "2020-06-30": {
        "Diluted EPS": -1.02,
        "Total Revenue": NaN,
        "Gross Profit": 989,
        "Operating Income": NaN,
        "EBIT": NaN,
        "Net Income": NaN
    },
    "2020-03-31": {
        "Diluted EPS": -1.7,
        "Total Revenue": NaN,
        "Gross Profit": NaN,
        "Operating Income": NaN,
        "EBIT": NaN,
        "Net Income": NaN
    },
    "2019-12-31": {
        "Diluted EPS": 0.85,
        "Total Revenue": NaN,
        "Gross Profit": NaN,
        "Operating Income": -971,
        "EBIT": -870,
        "Net Income": NaN
    },
    "2019-09-30": {
        "Diluted EPS": -0.68,
        "Total Revenue": NaN,
        "Gross Profit": NaN,
        "Operating Income": NaN,
        "EBIT": NaN,
        "Net Income": NaN
    },
    "2019-06-30": {
        "Diluted EPS": -4.72,
        "Total Revenue": NaN,
        "Gross Profit": NaN,
        "Operating Income": NaN,
        "EBIT": NaN,
        "Net Income": NaN
    },
    "2019-03-31": {
        "Diluted EPS": -2.26,
        "Total Revenue": NaN,
        "Gross Profit": NaN,
        "Operating Income": NaN,
        "EBIT": -888,
        "Net Income": NaN
    },
    "2018-12-31": {
        "Diluted EPS": 4.46,
        "Total Revenue": NaN,
        "Gross Profit": NaN,
        "Operating Income": NaN,
        "EBIT": NaN,
        "Net Income": -887
    },
    "2018-09-30": {
        "Diluted EPS": -2.21,
        "Total Revenue": NaN,
        "Gross Profit": NaN,
        "Operating Income": -763,
        "EBIT": -632,
        "Net Income": -986
    },
    "2018-06-30": {
        "Diluted EPS": -2.01,
        "Total Revenue": NaN,
        "Gross Profit": NaN,
        "Operating Income": -739,
        "EBIT": -641,
        "Net Income": -878
    },
    "2018-03-31": {
        "Diluted EPS": 1.84,
        "Total Revenue": NaN,
        "Gross Profit": NaN,
        "Operating Income": -478,
        "EBIT": -390,
        "Net Income": 876
    },
    "2017-12-31": {
        "Diluted EPS": 0.0,
        "Total Revenue": NaN,
        "Gross Profit": NaN,
        "Operating Income": NaN,
        "EBIT": NaN,
        "Net Income": NaN
    },
    "2016-12-31": {
        "Diluted EPS": 0.0,
        "Total Revenue": NaN,
        "Gross Profit": NaN,
        "Operating Income": NaN,
        "EBIT": NaN,
        "Net Income": NaN
    },
    "2023-09-30": {
        "Tax Effect Of Unusual Items": -39480000.0,
        "Tax Rate For Calcs": 0.21,
        "Normalized EBITDA": 735000000.0,
        "Total Unusual Items": -188000000.0,
        "Total Unusual Items Excluding Goodwill": -188000000.0,
        "Net Income From Continuing Operation Net Minority Interest": 221000000.0,
        "Reconciled Depreciation": 205000000.0,
        "Reconciled Cost Of Revenue": 5626000000.0,
        "EBITDA": 547000000.0,
        "EBIT": 342000000.0,
        "Net Interest Income": -36000000.0,
        "Interest Expense": 166000000.0,
        "Interest Income": 130000000.0,
        "Normalized Income": 369520000.0,
        "Net Income From Continuing And Discontinued Operation": 221000000.0,
        "Total Expenses": 8898000000.0,
        "Total Operating Income As Reported": 394000000.0,
        "Diluted Average Shares": 2108479000.0,
        "Basic Average Shares": 2044688000.0,
        "Diluted EPS": 0.1,
        "Basic EPS": 0.11,
        "Diluted NI Availto Com Stockholders": 208000000.0,
        "Average Dilution Earnings": -13000000.0,
        "Net Income Common Stockholders": 221000000.0,
        "Net Income": 221000000.0,
        "Minority Interests": 2000000.0,
        "Net Income Including Noncontrolling Interests": 219000000.0,
        "Net Income Continuous Operations": 219000000.0,
        "Earnings From Equity Interest Net Of Tax": 3000000.0,
        "Tax Provision": -40000000.0,
        "Pretax Income": 176000000.0,
        "Other Income Expense": -182000000.0,
        "Other Non Operating Income Expenses": 6000000.0,
        "Special Income Charges": 0.0,
        "Gain On Sale Of Business": 0.0,
        "Write Off": 0.0,
        "Gain On Sale Of Security": -188000000.0,
        "Net Non Operating Interest Income Expense": -36000000.0,
        "Interest Expense Non Operating": 166000000.0,
        "Interest Income Non Operating": 130000000.0,
        "Operating Income": 394000000.0,
        "Operating Expense": 3272000000.0,
        "Other Operating Expenses": 683000000.0,
        "Depreciation Amortization Depletion Income Statement": 205000000.0,
        "Depreciation And Amortization In Income Statement": 205000000.0,
        "Research And Development": 797000000.0,
        "Selling General And Administration": 1587000000.0,
        "Selling And Marketing Expense": 941000000.0,
        "General And Administrative Expense": 646000000.0,
        "Other Gand A": 646000000.0,
        "Gross Profit": 3666000000.0,
        "Cost Of Revenue": 5626000000.0,
        "Total Revenue": 9292000000.0,
        "Operating Revenue": 9292000000.0
    },
    "2023-12-31": {
        "Tax Effect Of Unusual Items": 87817833.698031,
        "Tax Rate For Calcs": 0.072757,
        "Normalized EBITDA": 979000000.0,
        "Total Unusual Items": 1207000000.0,
        "Total Unusual Items Excluding Goodwill": 1207000000.0,
        "Net Income From Continuing Operation Net Minority Interest": 1429000000.0,
        "Reconciled Depreciation": 203000000.0,
        "Reconciled Cost Of Revenue": 6057000000.0,
        "EBITDA": 2186000000.0,
        "EBIT": 1983000000.0,
        "Net Interest Income": 5000000.0,
        "Interest Expense": 155000000.0,
        "Interest Income": 160000000.0,
        "Normalized Income": 309817833.698031,
        "Net Income From Continuing And Discontinued Operation": 1429000000.0,
        "Total Expenses": 9284000000.0,
        "Total Operating Income As Reported": 652000000.0,
        "Diluted Average Shares": 2121929000.0,
        "Basic Average Shares": 2060885000.0,
        "Diluted EPS": 0.66,
        "Basic EPS": 0.69,
        "Diluted NI Availto Com Stockholders": 1409000000.0,
        "Average Dilution Earnings": -20000000.0,
        "Net Income Common Stockholders": 1429000000.0,
        "Net Income": 1429000000.0,
        "Minority Interests": -271000000.0,
        "Net Income Including Noncontrolling Interests": 1700000000.0,
        "Net Income Continuous Operations": 1700000000.0,
        "Earnings From Equity Interest Net Of Tax": 5000000.0,
        "Tax Provision": 133000000.0,
        "Pretax Income": 1828000000.0,
        "Other Income Expense": 1171000000.0,
        "Other Non Operating Income Expenses": -36000000.0,
        "Special Income Charges": 204000000.0,
        "Gain On Sale Of Business": 204000000.0,
        "Write Off": 0.0,
        "Gain On Sale Of Security": 1003000000.0,
        "Net Non Operating Interest Income Expense": 5000000.0,
        "Interest Expense Non Operating": 155000000.0,
        "Interest Income Non Operating": 160000000.0,
        "Operating Income": 652000000.0,
        "Operating Expense": 3227000000.0,
        "Other Operating Expenses": 702000000.0,
        "Depreciation Amortization Depletion Income Statement": 203000000.0,
        "Depreciation And Amortization In Income Statement": 203000000.0,
        "Research And Development": 784000000.0,
        "Selling General And Administration": 1538000000.0,
        "Selling And Marketing Expense": 935000000.0,
        "General And Administrative Expense": 603000000.0,
        "Other Gand A": 603000000.0,
        "Gross Profit": 3879000000.0,
        "Cost Of Revenue": 6057000000.0,
        "Total Revenue": 9936000000.0,
        "Operating Revenue": 9936000000.0
    },
    "2024-03-31": {
        "Tax Effect Of Unusual Items": -185850000.0,
        "Tax Rate For Calcs": 0.21,
        "Normalized EBITDA": 573000000.0,
        "Total Unusual Items": -885000000.0,
        "Total Unusual Items Excluding Goodwill": -885000000.0,
        "Net Income From Continuing Operation Net Minority Interest": -654000000.0,
        "Reconciled Depreciation": 194000000.0,
        "Reconciled Cost Of Revenue": 6164000000.0,
        "EBITDA": -312000000.0,
        "EBIT": -506000000.0,
        "Net Interest Income": 35000000.0,
        "Interest Expense": 124000000.0,
        "Interest Income": 159000000.0,
        "Normalized Income": 45150000.0,
        "Net Income From Continuing And Discontinued Operation": -654000000.0,
        "Total Expenses": 9959000000.0,
        "Total Operating Income As Reported": 172000000.0,
        "Diluted Average Shares": 2080168000.0,
        "Basic Average Shares": 2078467000.0,
        "Diluted EPS": -0.32,
        "Basic EPS": -0.31,
        "Diluted NI Availto Com Stockholders": -670000000.0,
        "Average Dilution Earnings": -16000000.0,
        "Net Income Common Stockholders": -654000000.0,
        "Net Income": -654000000.0,
        "Minority Interests": 9000000.0,
        "Net Income Including Noncontrolling Interests": -663000000.0,
        "Net Income Continuous Operations": -663000000.0,
        "Earnings From Equity Interest Net Of Tax": -4000000.0,
        "Tax Provision": 29000000.0,
        "Pretax Income": -630000000.0,
        "Other Income Expense": -837000000.0,
        "Other Non Operating Income Expenses": 48000000.0,
        "Special Income Charges": NaN,
        "Gain On Sale Of Business": NaN,
        "Write Off": NaN,
        "Gain On Sale Of Security": -885000000.0,
        "Net Non Operating Interest Income Expense": 35000000.0,
        "Interest Expense Non Operating": 124000000.0,
        "Interest Income Non Operating": 159000000.0,
        "Operating Income": 172000000.0,
        "Operating Expense": 3791000000.0,
        "Other Operating Expenses": 685000000.0,
        "Depreciation Amortization Depletion Income Statement": 190000000.0,
        "Depreciation And Amortization In Income Statement": 190000000.0,
        "Research And Development": 790000000.0,
        "Selling General And Administration": 2126000000.0,
        "Selling And Marketing Expense": 917000000.0,
        "General And Administrative Expense": 1209000000.0,
        "Other Gand A": 1209000000.0,
        "Gross Profit": 3963000000.0,
        "Cost Of Revenue": 6168000000.0,
        "Total Revenue": 10131000000.0,
        "Operating Revenue": 10131000000.0
    },
    "2024-06-30": {
        "Tax Effect Of Unusual Items": 12500000.0,
        "Tax Rate For Calcs": 0.05,
        "Normalized EBITDA": 1147000000.0,
        "Total Unusual Items": 250000000.0,
        "Total Unusual Items Excluding Goodwill": 250000000.0,
        "Net Income From Continuing Operation Net Minority Interest": 1015000000.0,
        "Reconciled Depreciation": 181000000.0,
        "Reconciled Cost Of Revenue": 6480000000.0,
        "EBITDA": 1397000000.0,
        "EBIT": 1216000000.0,
        "Net Interest Income": 37000000.0,
        "Interest Expense": 139000000.0,
        "Interest Income": 176000000.0,
        "Normalized Income": 777500000.0,
        "Net Income From Continuing And Discontinued Operation": 1015000000.0,
        "Total Expenses": 9904000000.0,
        "Total Operating Income As Reported": 796000000.0,
        "Diluted Average Shares": 2150019000.0,
        "Basic Average Shares": 2092180000.0,
        "Diluted EPS": 0.47,
        "Basic EPS": 0.49,
        "Diluted NI Availto Com Stockholders": 1001000000.0,
        "Average Dilution Earnings": -14000000.0,
        "Net Income Common Stockholders": 1015000000.0,
        "Net Income": 1015000000.0,
        "Minority Interests": 7000000.0,
        "Net Income Including Noncontrolling Interests": 1008000000.0,
        "Net Income Continuous Operations": 1008000000.0,
        "Earnings From Equity Interest Net Of Tax": -12000000.0,
        "Tax Provision": 57000000.0,
        "Pretax Income": 1077000000.0,
        "Other Income Expense": 244000000.0,
        "Other Non Operating Income Expenses": -6000000.0,
        "Special Income Charges": NaN,
        "Gain On Sale Of Business": NaN,
        "Write Off": NaN,
        "Gain On Sale Of Security": 250000000.0,
        "Net Non Operating Interest Income Expense": 37000000.0,
        "Interest Expense Non Operating": 139000000.0,
        "Interest Income Non Operating": 176000000.0,
        "Operating Income": 796000000.0,
        "Operating Expense": 3416000000.0,
        "Other Operating Expenses": 682000000.0,
        "Depreciation Amortization Depletion Income Statement": 173000000.0,
        "Depreciation And Amortization In Income Statement": 173000000.0,
        "Research And Development": 760000000.0,
        "Selling General And Administration": 1801000000.0,
        "Selling And Marketing Expense": 1115000000.0,
        "General And Administrative Expense": 686000000.0,
        "Other Gand A": 686000000.0,
        "Gross Profit": 4212000000.0,
        "Cost Of Revenue": 6488000000.0,
        "Total Revenue": 10700000000.0,
        "Operating Revenue": 10700000000.0
    },
    "2024-09-30": {
        "Tax Effect Of Unusual Items": 96374864.572048,
        "Tax Rate For Calcs": 0.05706,
        "Normalized EBITDA": 1409000000.0,
        "Total Unusual Items": 1689000000.0,
        "Total Unusual Items Excluding Goodwill": 1689000000.0,
        "Net Income From Continuing Operation Net Minority Interest": 2612000000.0,
        "Reconciled Depreciation": 186000000.0,
        "Reconciled Cost Of Revenue": 6754000000.0,
        "EBITDA": 3098000000.0,
        "EBIT": 2912000000.0,
        "Net Interest Income": 52000000.0,
        "Interest Expense": 143000000.0,
        "Interest Income": 195000000.0,
        "Normalized Income": 1019374864.572048,
        "Net Income From Continuing And Discontinued Operation": 2612000000.0,
        "Total Expenses": 10127000000.0,
        "Total Operating Income As Reported": 1061000000.0,
        "Diluted Average Shares": 2154466000.0,
        "Basic Average Shares": 2101660000.0,
        "Diluted EPS": 1.2,
        "Basic EPS": 1.24,
        "Diluted NI Availto Com Stockholders": 2594000000.0,
        "Average Dilution Earnings": -18000000.0,
        "Net Income Common Stockholders": 2612000000.0,
        "Net Income": 2612000000.0,
        "Minority Interests": 13000000.0,
        "Net Income Including Noncontrolling Interests": 2599000000.0,
        "Net Income Continuous Operations": 2599000000.0,
        "Earnings From Equity Interest Net Of Tax": -12000000.0,
        "Tax Provision": 158000000.0,
        "Pretax Income": 2769000000.0,
        "Other Income Expense": 1656000000.0,
        "Other Non Operating Income Expenses": -33000000.0,
        "Special Income Charges": NaN,
        "Gain On Sale Of Business": NaN,
        "Write Off": NaN,
        "Gain On Sale Of Security": 1689000000.0,
        "Net Non Operating Interest Income Expense": 52000000.0,
        "Interest Expense Non Operating": 143000000.0,
        "Interest Income Non Operating": 195000000.0,
        "Operating Income": 1061000000.0,
        "Operating Expense": 3366000000.0,
        "Other Operating Expenses": 687000000.0,
        "Depreciation Amortization Depletion Income Statement": 179000000.0,
        "Depreciation And Amortization In Income Statement": 179000000.0,
        "Research And Development": 774000000.0,
        "Selling General And Administration": 1726000000.0,
        "Selling And Marketing Expense": 1096000000.0,
        "General And Administrative Expense": 630000000.0,
        "Other Gand A": 630000000.0,
        "Gross Profit": 4427000000.0,
        "Cost Of Revenue": 6761000000.0,
        "Total Revenue": 11188000000.0,
        "Operating Revenue": 11188000000.0
    }
}