{
    "2023-03-31": {
        "Tax Effect Of Unusual Items": NaN,
        "Tax Rate For Calcs": NaN,
        "Normalized EBITDA": NaN,
        "Total Unusual Items": NaN,
        "Total Unusual Items Excluding Goodwill": NaN,
        "Net Income From Continuing Operation Net Minority Interest": NaN,
        "Reconciled Depreciation": NaN,
        "EBITDA": NaN,
        "EBIT": NaN,
        "Net Interest Income": NaN,
        "Interest Expense": NaN,
        "Interest Income": NaN,
        "Normalized Income": NaN,
        "Net Income From Continuing And Discontinued Operation": NaN,
        "Total Expenses": NaN,
        "Total Operating Income As Reported": NaN,
        "Diluted Average Shares": 14312887.0,
        "Basic Average Shares": 14312887.0,
        "Diluted EPS": -0.37,
        "Basic EPS": -0.37,
        "Diluted NI Availto Com Stockholders": NaN,
        "Net Income Common Stockholders": NaN,
        "Net Income": NaN,
        "Net Income Including Noncontrolling Interests": NaN,
        "Net Income Continuous Operations": NaN,
        "Pretax Income": NaN,
        "Other Income Expense": NaN,
        "Other Non Operating Income Expenses": NaN,
        "Special Income Charges": NaN,
        "Impairment Of Capital Assets": NaN,
        "Gain On Sale Of Security": 5491000.0,
        "Net Non Operating Interest Income Expense": NaN,
        "Interest Expense Non Operating": NaN,
        "Interest Income Non Operating": NaN,
        "Operating Income": NaN,
        "Operating Expense": NaN,
        "Research And Development": NaN,
        "Selling General And Administration": NaN,
        "General And Administrative Expense": NaN,
        "Other Gand A": NaN,
        "Total Revenue": NaN,
        "Operating Revenue": NaN
    },
    "2022-12-31": {
        "Tax Effect Of Unusual Items": NaN,
        "Tax Rate For Calcs": NaN,
        "Normalized EBITDA": NaN,
        "Total Unusual Items": NaN,
        "Total Unusual Items Excluding Goodwill": NaN,
        "Net Income From Continuing Operation Net Minority Interest": NaN,
        "Reconciled Depreciation": NaN,
        "EBITDA": NaN,
        "EBIT": NaN,
        "Net Interest Income": NaN,
        "Interest Expense": NaN,
        "Interest Income": NaN,
        "Normalized Income": NaN,
        "Net Income From Continuing And Discontinued Operation": NaN,
        "Total Expenses": NaN,
        "Total Operating Income As Reported": NaN,
        "Diluted Average Shares": 14140520.0,
        "Basic Average Shares": 14140520.0,
        "Diluted EPS": -1.0,
        "Basic EPS": -1.0,
        "Diluted NI Availto Com Stockholders": NaN,
        "Net Income Common Stockholders": NaN,
        "Net Income": NaN,
        "Net Income Including Noncontrolling Interests": NaN,
        "Net Income Continuous Operations": NaN,
        "Pretax Income": NaN,
        "Other Income Expense": NaN,
        "Other Non Operating Income Expenses": NaN,
        "Special Income Charges": NaN,
        "Impairment Of Capital Assets": NaN,
        "Gain On Sale Of Security": NaN,
        "Net Non Operating Interest Income Expense": NaN,
        "Interest Expense Non Operating": NaN,
        "Interest Income Non Operating": NaN,
        "Operating Income": NaN,
        "Operating Expense": NaN,
        "Research And Development": NaN,
        "Selling General And Administration": NaN,
        "General And Administrative Expense": NaN,
        "Other Gand A": NaN,
        "Total Revenue": NaN,
        "Operating Revenue": NaN
    },
    "2022-09-30": {
        "Tax Effect Of Unusual Items": NaN,
        "Tax Rate For Calcs": NaN,
        "Normalized EBITDA": NaN,
        "Total Unusual Items": 0.0,
        "Total Unusual Items Excluding Goodwill": 0.0,
        "Net Income From Continuing Operation Net Minority Interest": NaN,
        "Reconciled Depreciation": NaN,
        "EBITDA": NaN,
        "EBIT": NaN,
        "Net Interest Income": NaN,
        "Interest Expense": NaN,
        "Interest Income": NaN,
        "Normalized Income": NaN,
        "Net Income From Continuing And Discontinued Operation": NaN,
        "Total Expenses": NaN,
        "Total Operating Income As Reported": NaN,
        "Diluted Average Shares": NaN,
        "Basic Average Shares": NaN,
        "Diluted EPS": NaN,
        "Basic EPS": NaN,
        "Diluted NI Availto Com Stockholders": NaN,
        "Net Income Common Stockholders": NaN,
        "Net Income": NaN,
        "Net Income Including Noncontrolling Interests": NaN,
        "Net Income Continuous Operations": NaN,
        "Pretax Income": NaN,
        "Other Income Expense": NaN,
        "Other Non Operating Income Expenses": NaN,
        "Special Income Charges": 0.0,
        "Impairment Of Capital Assets": 0.0,
        "Gain On Sale Of Security": NaN,
        "Net Non Operating Interest Income Expense": NaN,
        "Interest Expense Non Operating": NaN,
        "Interest Income Non Operating": NaN,
        "Operating Income": NaN,
        "Operating Expense": NaN,
        "Research And Development": NaN,
        "Selling General And Administration": NaN,
        "General And Administrative Expense": NaN,
        "Other Gand A": NaN,
        "Total Revenue": NaN,
        "Operating Revenue": NaN
    },
    "2022-06-30": {
        "Tax Effect Of Unusual Items": 0.0,
        "Tax Rate For Calcs": 0.0,
        "Normalized EBITDA": -11634000.0,
        "Net Income From Continuing Operation Net Minority Interest": -13137000.0,
        "Reconciled Depreciation": 609000.0,
        "EBITDA": -11634000.0,
        "EBIT": -12243000.0,
        "Net Interest Income": -836000.0,
        "Interest Expense": 894000.0,
        "Interest Income": 58000.0,
        "Normalized Income": -13137000.0,
        "Net Income From Continuing And Discontinued Operation": -13137000.0,
        "Total Expenses": 12494000.0,
        "Total Operating Income As Reported": -12258000.0,
        "Diluted Average Shares": 6924782.0,
        "Basic Average Shares": 6924782.0,
        "Diluted EPS": -1.9,
        "Basic EPS": -1.9,
        "Diluted NI Availto Com Stockholders": -13137000.0,
        "Net Income Common Stockholders": -13137000.0,
        "Net Income": -13137000.0,
        "Net Income Including Noncontrolling Interests": -13137000.0,
        "Net Income Continuous Operations": -13137000.0,
        "Pretax Income": -13137000.0,
        "Other Income Expense": -43000.0,
        "Other Non Operating Income Expenses": -43000.0,
        "Net Non Operating Interest Income Expense": -836000.0,
        "Interest Expense Non Operating": 894000.0,
        "Interest Income Non Operating": 58000.0,
        "Operating Income": -12258000.0,
        "Operating Expense": 12494000.0,
        "Research And Development": 7553000.0,
        "Selling General And Administration": 4941000.0,
        "General And Administrative Expense": 4941000.0,
        "Other Gand A": 4941000.0,
        "Total Revenue": 236000.0,
        "Operating Revenue": 236000.0
    },
    "2022-03-31": {
        "Diluted EPS": -2.8,
        "Total Revenue": NaN,
        "Gross Profit": NaN,
        "Operating Income": -18,
        "EBIT": -17,
        "Net Income": -19
    },
    "2021-12-31": {
        "Diluted EPS": -1.81,
        "Total Revenue": NaN,
        "Gross Profit": NaN,
        "Operating Income": -15,
        "EBIT": -14,
        "Net Income": -11
    },
    "2021-09-30": {
        "Diluted EPS": -2.97,
        "Total Revenue": NaN,
        "Gross Profit": NaN,
        "Operating Income": -15,
        "EBIT": -14,
        "Net Income": -16
    },
    "2021-06-30": {
        "Diluted EPS": -3.2,
        "Total Revenue": NaN,
        "Gross Profit": NaN,
        "Operating Income": -17,
        "EBIT": -16,
        "Net Income": -18
    },
    "2021-03-31": {
        "Diluted EPS": -2.9,
        "Total Revenue": NaN,
        "Gross Profit": NaN,
        "Operating Income": -15,
        "EBIT": -14,
        "Net Income": -16
    },
    "2020-12-31": {
        "Diluted EPS": -3.55,
        "Total Revenue": NaN,
        "Gross Profit": NaN,
        "Operating Income": -19,
        "EBIT": -17,
        "Net Income": -20
    },
    "2020-09-30": {
        "Diluted EPS": -5.2,
        "Total Revenue": NaN,
        "Gross Profit": NaN,
        "Operating Income": -25,
        "EBIT": -24,
        "Net Income": -28
    },
    "2020-06-30": {
        "Diluted EPS": -3.8,
        "Total Revenue": NaN,
        "Gross Profit": NaN,
        "Operating Income": -23,
        "EBIT": -22,
        "Net Income": -19
    },
    "2020-03-31": {
        "Diluted EPS": -5.9,
        "Total Revenue": NaN,
        "Gross Profit": NaN,
        "Operating Income": -27,
        "EBIT": -24,
        "Net Income": -28
    },
    "2019-12-31": {
        "Diluted EPS": -3.7,
        "Total Revenue": NaN,
        "Gross Profit": NaN,
        "Operating Income": -23,
        "EBIT": -22,
        "Net Income": -18
    },
    "2019-09-30": {
        "Diluted EPS": -5.1,
        "Total Revenue": NaN,
        "Gross Profit": NaN,
        "Operating Income": -22,
        "EBIT": -22,
        "Net Income": -22
    },
    "2019-06-30": {
        "Diluted EPS": -5.6,
        "Total Revenue": NaN,
        "Gross Profit": NaN,
        "Operating Income": -24,
        "EBIT": -24,
        "Net Income": -24
    },
    "2019-03-31": {
        "Diluted EPS": -4.4,
        "Total Revenue": NaN,
        "Gross Profit": NaN,
        "Operating Income": -20,
        "EBIT": -19,
        "Net Income": -19
    },
    "2018-12-31": {
        "Diluted EPS": 32.0,
        "Total Revenue": NaN,
        "Gross Profit": NaN,
        "Operating Income": -23,
        "EBIT": -23,
        "Net Income": -22
    },
    "2018-09-30": {
        "Diluted EPS": -4.5,
        "Total Revenue": NaN,
        "Gross Profit": NaN,
        "Operating Income": -19,
        "EBIT": -19,
        "Net Income": -18
    },
    "2018-06-30": {
        "Diluted EPS": -7.6,
        "Total Revenue": NaN,
        "Gross Profit": NaN,
        "Operating Income": -21,
        "EBIT": -20,
        "Net Income": -20
    },
    "2018-03-31": {
        "Diluted EPS": -46.9,
        "Total Revenue": NaN,
        "Gross Profit": NaN,
        "Operating Income": -16,
        "EBIT": -16,
        "Net Income": -16
    },
    "2017-12-31": {
        "Diluted EPS": -38.2,
        "Total Revenue": 1,
        "Gross Profit": 1,
        "Operating Income": -13,
        "EBIT": -12,
        "Net Income": -13
    },
    "2017-09-30": {
        "Diluted EPS": -36.3,
        "Total Revenue": NaN,
        "Gross Profit": NaN,
        "Operating Income": -12,
        "EBIT": -12,
        "Net Income": -12
    },
    "2017-06-30": {
        "Diluted EPS": -36.2,
        "Total Revenue": NaN,
        "Gross Profit": NaN,
        "Operating Income": -12,
        "EBIT": -11,
        "Net Income": -11
    },
    "2017-03-31": {
        "Diluted EPS": -29.0,
        "Total Revenue": NaN,
        "Gross Profit": NaN,
        "Operating Income": -9,
        "EBIT": -9,
        "Net Income": -9
    },
    "2016-12-31": {
        "Diluted EPS": 0.0,
        "Total Revenue": NaN,
        "Gross Profit": NaN,
        "Operating Income": NaN,
        "EBIT": NaN,
        "Net Income": NaN
    },
    "2023-06-30": {
        "Tax Effect Of Unusual Items": NaN,
        "Tax Rate For Calcs": NaN,
        "Normalized EBITDA": NaN,
        "Total Unusual Items": NaN,
        "Total Unusual Items Excluding Goodwill": NaN,
        "Net Income From Continuing Operation Net Minority Interest": NaN,
        "Reconciled Depreciation": NaN,
        "EBITDA": NaN,
        "EBIT": NaN,
        "Net Interest Income": NaN,
        "Interest Expense": NaN,
        "Interest Income": NaN,
        "Normalized Income": NaN,
        "Net Income From Continuing And Discontinued Operation": NaN,
        "Total Expenses": NaN,
        "Total Operating Income As Reported": NaN,
        "Diluted Average Shares": 14425775.0,
        "Basic Average Shares": 14425775.0,
        "Diluted EPS": -1.07,
        "Basic EPS": -1.07,
        "Diluted NI Availto Com Stockholders": NaN,
        "Net Income Common Stockholders": NaN,
        "Net Income": NaN,
        "Net Income Including Noncontrolling Interests": NaN,
        "Net Income Continuous Operations": NaN,
        "Pretax Income": NaN,
        "Other Income Expense": NaN,
        "Other Non Operating Income Expenses": NaN,
        "Special Income Charges": NaN,
        "Impairment Of Capital Assets": NaN,
        "Gain On Sale Of Security": -3461000.0,
        "Net Non Operating Interest Income Expense": NaN,
        "Interest Expense Non Operating": NaN,
        "Interest Income Non Operating": NaN,
        "Operating Income": NaN,
        "Operating Expense": NaN,
        "Research And Development": NaN,
        "Selling General And Administration": NaN,
        "General And Administrative Expense": NaN,
        "Other Gand A": NaN,
        "Total Revenue": NaN,
        "Operating Revenue": NaN
    },
    "2023-09-30": {
        "Tax Effect Of Unusual Items": 0.0,
        "Tax Rate For Calcs": 0.0,
        "Normalized EBITDA": -8559000.0,
        "Total Unusual Items": -5349000.0,
        "Total Unusual Items Excluding Goodwill": -5349000.0,
        "Net Income From Continuing Operation Net Minority Interest": -14782000.0,
        "Reconciled Depreciation": 308000.0,
        "EBITDA": -13908000.0,
        "EBIT": -14216000.0,
        "Net Interest Income": 123000.0,
        "Interest Expense": 566000.0,
        "Interest Income": 689000.0,
        "Normalized Income": -9433000.0,
        "Net Income From Continuing And Discontinued Operation": -14782000.0,
        "Total Expenses": 8979000.0,
        "Total Operating Income As Reported": -14581000.0,
        "Diluted Average Shares": 14598218.0,
        "Basic Average Shares": 14598218.0,
        "Diluted EPS": -1.01,
        "Basic EPS": -1.01,
        "Diluted NI Availto Com Stockholders": -14782000.0,
        "Net Income Common Stockholders": -14782000.0,
        "Net Income": -14782000.0,
        "Net Income Including Noncontrolling Interests": -14782000.0,
        "Net Income Continuous Operations": -14782000.0,
        "Pretax Income": -14782000.0,
        "Other Income Expense": -5926000.0,
        "Other Non Operating Income Expenses": -577000.0,
        "Special Income Charges": -5602000.0,
        "Impairment Of Capital Assets": 5602000.0,
        "Gain On Sale Of Security": 253000.0,
        "Net Non Operating Interest Income Expense": 123000.0,
        "Interest Expense Non Operating": 566000.0,
        "Interest Income Non Operating": 689000.0,
        "Operating Income": -8979000.0,
        "Operating Expense": 8979000.0,
        "Research And Development": 4632000.0,
        "Selling General And Administration": 4347000.0,
        "General And Administrative Expense": 4347000.0,
        "Other Gand A": 4347000.0,
        "Total Revenue": 0.0,
        "Operating Revenue": 0.0
    },
    "2023-12-31": {
        "Tax Effect Of Unusual Items": 0.0,
        "Tax Rate For Calcs": 0.0,
        "Normalized EBITDA": -7481000.0,
        "Total Unusual Items": 6215000.0,
        "Total Unusual Items Excluding Goodwill": 6215000.0,
        "Net Income From Continuing Operation Net Minority Interest": -1498000.0,
        "Reconciled Depreciation": 231000.0,
        "EBITDA": -1266000.0,
        "EBIT": -1497000.0,
        "Net Interest Income": 524000.0,
        "Interest Expense": 1000.0,
        "Interest Income": 525000.0,
        "Normalized Income": -7713000.0,
        "Net Income From Continuing And Discontinued Operation": -1498000.0,
        "Total Expenses": 7118000.0,
        "Total Operating Income As Reported": -7118000.0,
        "Diluted Average Shares": NaN,
        "Basic Average Shares": NaN,
        "Diluted EPS": NaN,
        "Basic EPS": NaN,
        "Diluted NI Availto Com Stockholders": -1498000.0,
        "Net Income Common Stockholders": -1498000.0,
        "Net Income": -1498000.0,
        "Net Income Including Noncontrolling Interests": -1498000.0,
        "Net Income Continuous Operations": -1498000.0,
        "Pretax Income": -1498000.0,
        "Other Income Expense": 5096000.0,
        "Other Non Operating Income Expenses": -1119000.0,
        "Special Income Charges": 0.0,
        "Impairment Of Capital Assets": 0.0,
        "Gain On Sale Of Security": NaN,
        "Net Non Operating Interest Income Expense": 524000.0,
        "Interest Expense Non Operating": 1000.0,
        "Interest Income Non Operating": 525000.0,
        "Operating Income": -7118000.0,
        "Operating Expense": 7118000.0,
        "Research And Development": 2833000.0,
        "Selling General And Administration": 4285000.0,
        "General And Administrative Expense": 4285000.0,
        "Other Gand A": 4285000.0,
        "Total Revenue": 0.0,
        "Operating Revenue": 0.0
    },
    "2024-03-31": {
        "Tax Effect Of Unusual Items": 0.0,
        "Tax Rate For Calcs": 0.0,
        "Normalized EBITDA": -6939000.0,
        "Total Unusual Items": 1376000.0,
        "Total Unusual Items Excluding Goodwill": 1376000.0,
        "Net Income From Continuing Operation Net Minority Interest": -5790000.0,
        "Reconciled Depreciation": 227000.0,
        "EBITDA": -5563000.0,
        "EBIT": -5790000.0,
        "Net Interest Income": 513000.0,
        "Interest Expense": 0.0,
        "Interest Income": 513000.0,
        "Normalized Income": -7166000.0,
        "Net Income From Continuing And Discontinued Operation": -5790000.0,
        "Total Expenses": 7599000.0,
        "Total Operating Income As Reported": -7599000.0,
        "Diluted Average Shares": 16785090.0,
        "Basic Average Shares": 16785090.0,
        "Diluted EPS": -0.34,
        "Basic EPS": -0.34,
        "Diluted NI Availto Com Stockholders": -5790000.0,
        "Net Income Common Stockholders": -5790000.0,
        "Net Income": -5790000.0,
        "Net Income Including Noncontrolling Interests": -5790000.0,
        "Net Income Continuous Operations": -5790000.0,
        "Pretax Income": -5790000.0,
        "Other Income Expense": 1296000.0,
        "Other Non Operating Income Expenses": -80000.0,
        "Special Income Charges": NaN,
        "Impairment Of Capital Assets": NaN,
        "Gain On Sale Of Security": 1376000.0,
        "Net Non Operating Interest Income Expense": 513000.0,
        "Interest Expense Non Operating": 0.0,
        "Interest Income Non Operating": 513000.0,
        "Operating Income": -7599000.0,
        "Operating Expense": 7599000.0,
        "Research And Development": 3721000.0,
        "Selling General And Administration": 3878000.0,
        "General And Administrative Expense": 3878000.0,
        "Other Gand A": 3878000.0,
        "Total Revenue": 0.0,
        "Operating Revenue": 0.0
    },
    "2024-06-30": {
        "Tax Effect Of Unusual Items": 0.0,
        "Tax Rate For Calcs": 0.0,
        "Normalized EBITDA": -6304000.0,
        "Total Unusual Items": 1246000.0,
        "Total Unusual Items Excluding Goodwill": 1246000.0,
        "Net Income From Continuing Operation Net Minority Interest": -5279000.0,
        "Reconciled Depreciation": 221000.0,
        "EBITDA": -5058000.0,
        "EBIT": -5279000.0,
        "Net Interest Income": 515000.0,
        "Interest Expense": 0.0,
        "Interest Income": 515000.0,
        "Normalized Income": -6525000.0,
        "Net Income From Continuing And Discontinued Operation": -5279000.0,
        "Total Expenses": 6979000.0,
        "Total Operating Income As Reported": -6979000.0,
        "Diluted Average Shares": 16815387.0,
        "Basic Average Shares": 16815387.0,
        "Diluted EPS": -0.31,
        "Basic EPS": -0.31,
        "Diluted NI Availto Com Stockholders": -5279000.0,
        "Net Income Common Stockholders": -5279000.0,
        "Net Income": -5279000.0,
        "Net Income Including Noncontrolling Interests": -5279000.0,
        "Net Income Continuous Operations": -5279000.0,
        "Pretax Income": -5279000.0,
        "Other Income Expense": 1185000.0,
        "Other Non Operating Income Expenses": -61000.0,
        "Special Income Charges": NaN,
        "Impairment Of Capital Assets": NaN,
        "Gain On Sale Of Security": 1246000.0,
        "Net Non Operating Interest Income Expense": 515000.0,
        "Interest Expense Non Operating": 0.0,
        "Interest Income Non Operating": 515000.0,
        "Operating Income": -6979000.0,
        "Operating Expense": 6979000.0,
        "Research And Development": 3463000.0,
        "Selling General And Administration": 3516000.0,
        "General And Administrative Expense": 3516000.0,
        "Other Gand A": 3516000.0,
        "Total Revenue": 0.0,
        "Operating Revenue": 0.0
    },
    "2024-09-30": {
        "Tax Effect Of Unusual Items": 0.0,
        "Tax Rate For Calcs": 0.0,
        "Normalized EBITDA": -6050000.0,
        "Total Unusual Items": -215000.0,
        "Total Unusual Items Excluding Goodwill": -215000.0,
        "Net Income From Continuing Operation Net Minority Interest": -6481000.0,
        "Reconciled Depreciation": 216000.0,
        "EBITDA": -6265000.0,
        "EBIT": -6481000.0,
        "Net Interest Income": 396000.0,
        "Interest Expense": 0.0,
        "Interest Income": 396000.0,
        "Normalized Income": -6266000.0,
        "Net Income From Continuing And Discontinued Operation": -6481000.0,
        "Total Expenses": 6602000.0,
        "Total Operating Income As Reported": -6602000.0,
        "Diluted Average Shares": 16849283.0,
        "Basic Average Shares": 16849283.0,
        "Diluted EPS": -0.38,
        "Basic EPS": -0.38,
        "Diluted NI Availto Com Stockholders": -6481000.0,
        "Net Income Common Stockholders": -6481000.0,
        "Net Income": -6481000.0,
        "Net Income Including Noncontrolling Interests": -6481000.0,
        "Net Income Continuous Operations": -6481000.0,
        "Pretax Income": -6481000.0,
        "Other Income Expense": -275000.0,
        "Other Non Operating Income Expenses": -60000.0,
        "Special Income Charges": 0.0,
        "Impairment Of Capital Assets": 0.0,
        "Gain On Sale Of Security": -215000.0,
        "Net Non Operating Interest Income Expense": 396000.0,
        "Interest Expense Non Operating": 0.0,
        "Interest Income Non Operating": 396000.0,
        "Operating Income": -6602000.0,
        "Operating Expense": 6602000.0,
        "Research And Development": 2787000.0,
        "Selling General And Administration": 3815000.0,
        "General And Administrative Expense": 3815000.0,
        "Other Gand A": 3815000.0,
        "Total Revenue": 0.0,
        "Operating Revenue": 0.0
    }
}