{
    "2024-01-31": {
        "Tax Effect Of Unusual Items": 4609545.035352,
        "Tax Rate For Calcs": 0.308331,
        "Normalized EBITDA": -10931000.0,
        "Total Unusual Items": 14950000.0,
        "Total Unusual Items Excluding Goodwill": 14950000.0,
        "Net Income From Continuing Operation Net Minority Interest": 2250000.0,
        "Reconciled Depreciation": 552000.0,
        "Reconciled Cost Of Revenue": 97000.0,
        "EBITDA": 4019000.0,
        "EBIT": 3467000.0,
        "Net Interest Income": -214000.0,
        "Interest Expense": 214000.0,
        "Interest Income": NaN,
        "Normalized Income": -8090454.964648,
        "Net Income From Continuing And Discontinued Operation": 2250000.0,
        "Total Expenses": 12149000.0,
        "Total Operating Income As Reported": -12119000.0,
        "Diluted Average Shares": 403179679.0,
        "Basic Average Shares": 394024127.0,
        "Diluted EPS": 0.01,
        "Basic EPS": 0.01,
        "Diluted NI Availto Com Stockholders": 2250000.0,
        "Net Income Common Stockholders": 2250000.0,
        "Net Income": 2250000.0,
        "Net Income Including Noncontrolling Interests": 2250000.0,
        "Net Income Continuous Operations": 2250000.0,
        "Tax Provision": 1003000.0,
        "Pretax Income": 3253000.0,
        "Other Income Expense": 15500000.0,
        "Other Non Operating Income Expenses": 368000.0,
        "Special Income Charges": 22000.0,
        "Gain On Sale Of Ppe": 12000.0,
        "Gain On Sale Of Business": 10000.0,
        "Write Off": NaN,
        "Restructuring And Mergern Acquisition": NaN,
        "Earnings From Equity Interest": 182000.0,
        "Gain On Sale Of Security": 14928000.0,
        "Net Non Operating Interest Income Expense": -214000.0,
        "Interest Expense Non Operating": 214000.0,
        "Interest Income Non Operating": NaN,
        "Operating Income": -12033000.0,
        "Operating Expense": 12052000.0,
        "Other Operating Expenses": 6691000.0,
        "Depreciation Amortization Depletion Income Statement": 552000.0,
        "Depreciation And Amortization In Income Statement": 552000.0,
        "Selling General And Administration": 4809000.0,
        "General And Administrative Expense": 4809000.0,
        "Other Gand A": 1899000.0,
        "Salaries And Wages": 2910000.0,
        "Gross Profit": 19000.0,
        "Cost Of Revenue": 97000.0,
        "Total Revenue": 116000.0,
        "Operating Revenue": 116000.0
    },
    "2023-10-31": {
        "Tax Effect Of Unusual Items": 2285220.0,
        "Tax Rate For Calcs": 0.21,
        "Normalized EBITDA": -9649000.0,
        "Total Unusual Items": 10882000.0,
        "Total Unusual Items Excluding Goodwill": 10882000.0,
        "Net Income From Continuing Operation Net Minority Interest": 3321000.0,
        "Reconciled Depreciation": 517000.0,
        "Reconciled Cost Of Revenue": 90000.0,
        "EBITDA": 1233000.0,
        "EBIT": 716000.0,
        "Net Interest Income": 13000.0,
        "Interest Expense": 201000.0,
        "Interest Income": 214000.0,
        "Normalized Income": -5275780.0,
        "Net Income From Continuing And Discontinued Operation": 3321000.0,
        "Total Expenses": 11541000.0,
        "Total Operating Income As Reported": -11385000.0,
        "Diluted Average Shares": 391423178.0,
        "Basic Average Shares": 382380679.0,
        "Diluted EPS": 0.01,
        "Basic EPS": 0.01,
        "Diluted NI Availto Com Stockholders": 3321000.0,
        "Net Income Common Stockholders": 3321000.0,
        "Net Income": 3321000.0,
        "Net Income Including Noncontrolling Interests": 3321000.0,
        "Net Income Continuous Operations": 3321000.0,
        "Tax Provision": -2806000.0,
        "Pretax Income": 515000.0,
        "Other Income Expense": 11935000.0,
        "Other Non Operating Income Expenses": 15000.0,
        "Special Income Charges": 422000.0,
        "Gain On Sale Of Ppe": 1000.0,
        "Gain On Sale Of Business": 421000.0,
        "Write Off": NaN,
        "Restructuring And Mergern Acquisition": NaN,
        "Earnings From Equity Interest": 1038000.0,
        "Gain On Sale Of Security": 10460000.0,
        "Net Non Operating Interest Income Expense": 13000.0,
        "Interest Expense Non Operating": 201000.0,
        "Interest Income Non Operating": 214000.0,
        "Operating Income": -11433000.0,
        "Operating Expense": 11451000.0,
        "Other Operating Expenses": 5686000.0,
        "Depreciation Amortization Depletion Income Statement": 517000.0,
        "Depreciation And Amortization In Income Statement": 517000.0,
        "Selling General And Administration": 5248000.0,
        "General And Administrative Expense": 5248000.0,
        "Other Gand A": 2479000.0,
        "Salaries And Wages": 2769000.0,
        "Gross Profit": 18000.0,
        "Cost Of Revenue": 90000.0,
        "Total Revenue": 108000.0,
        "Operating Revenue": 108000.0
    },
    "2023-07-31": {
        "Tax Effect Of Unusual Items": NaN,
        "Tax Rate For Calcs": NaN,
        "Normalized EBITDA": NaN,
        "Total Unusual Items": NaN,
        "Total Unusual Items Excluding Goodwill": NaN,
        "Net Income From Continuing Operation Net Minority Interest": NaN,
        "Reconciled Depreciation": NaN,
        "Reconciled Cost Of Revenue": NaN,
        "EBITDA": NaN,
        "EBIT": NaN,
        "Net Interest Income": NaN,
        "Interest Expense": NaN,
        "Interest Income": NaN,
        "Normalized Income": NaN,
        "Net Income From Continuing And Discontinued Operation": NaN,
        "Total Expenses": NaN,
        "Total Operating Income As Reported": NaN,
        "Diluted Average Shares": NaN,
        "Basic Average Shares": NaN,
        "Diluted EPS": NaN,
        "Basic EPS": NaN,
        "Diluted NI Availto Com Stockholders": NaN,
        "Net Income Common Stockholders": NaN,
        "Net Income": NaN,
        "Net Income Including Noncontrolling Interests": NaN,
        "Net Income Continuous Operations": NaN,
        "Tax Provision": NaN,
        "Pretax Income": NaN,
        "Other Income Expense": NaN,
        "Other Non Operating Income Expenses": NaN,
        "Special Income Charges": NaN,
        "Gain On Sale Of Ppe": NaN,
        "Gain On Sale Of Business": NaN,
        "Write Off": 0.0,
        "Restructuring And Mergern Acquisition": 0.0,
        "Earnings From Equity Interest": NaN,
        "Gain On Sale Of Security": NaN,
        "Net Non Operating Interest Income Expense": NaN,
        "Interest Expense Non Operating": NaN,
        "Interest Income Non Operating": NaN,
        "Operating Income": NaN,
        "Operating Expense": NaN,
        "Other Operating Expenses": NaN,
        "Depreciation Amortization Depletion Income Statement": NaN,
        "Depreciation And Amortization In Income Statement": NaN,
        "Selling General And Administration": NaN,
        "General And Administrative Expense": NaN,
        "Other Gand A": NaN,
        "Salaries And Wages": NaN,
        "Gross Profit": NaN,
        "Cost Of Revenue": NaN,
        "Total Revenue": NaN,
        "Operating Revenue": NaN
    },
    "2023-04-30": {
        "Tax Effect Of Unusual Items": NaN,
        "Tax Rate For Calcs": NaN,
        "Normalized EBITDA": NaN,
        "Total Unusual Items": NaN,
        "Total Unusual Items Excluding Goodwill": NaN,
        "Net Income From Continuing Operation Net Minority Interest": NaN,
        "Reconciled Depreciation": NaN,
        "Reconciled Cost Of Revenue": NaN,
        "EBITDA": NaN,
        "EBIT": NaN,
        "Net Interest Income": NaN,
        "Interest Expense": NaN,
        "Interest Income": NaN,
        "Normalized Income": NaN,
        "Net Income From Continuing And Discontinued Operation": NaN,
        "Total Expenses": NaN,
        "Total Operating Income As Reported": NaN,
        "Diluted Average Shares": 375759521.0,
        "Basic Average Shares": 375759521.0,
        "Diluted EPS": -0.03,
        "Basic EPS": -0.03,
        "Diluted NI Availto Com Stockholders": NaN,
        "Net Income Common Stockholders": NaN,
        "Net Income": NaN,
        "Net Income Including Noncontrolling Interests": NaN,
        "Net Income Continuous Operations": NaN,
        "Tax Provision": NaN,
        "Pretax Income": NaN,
        "Other Income Expense": NaN,
        "Other Non Operating Income Expenses": NaN,
        "Special Income Charges": NaN,
        "Gain On Sale Of Ppe": NaN,
        "Gain On Sale Of Business": 8000.0,
        "Write Off": 0.0,
        "Restructuring And Mergern Acquisition": -235000.0,
        "Earnings From Equity Interest": NaN,
        "Gain On Sale Of Security": NaN,
        "Net Non Operating Interest Income Expense": NaN,
        "Interest Expense Non Operating": NaN,
        "Interest Income Non Operating": NaN,
        "Operating Income": NaN,
        "Operating Expense": NaN,
        "Other Operating Expenses": NaN,
        "Depreciation Amortization Depletion Income Statement": NaN,
        "Depreciation And Amortization In Income Statement": NaN,
        "Selling General And Administration": NaN,
        "General And Administrative Expense": NaN,
        "Other Gand A": NaN,
        "Salaries And Wages": NaN,
        "Gross Profit": NaN,
        "Cost Of Revenue": NaN,
        "Total Revenue": NaN,
        "Operating Revenue": NaN
    },
    "2023-01-31": {
        "Tax Effect Of Unusual Items": NaN,
        "Tax Rate For Calcs": NaN,
        "Normalized EBITDA": NaN,
        "Total Unusual Items": NaN,
        "Total Unusual Items Excluding Goodwill": NaN,
        "Net Income From Continuing Operation Net Minority Interest": NaN,
        "Reconciled Depreciation": NaN,
        "Reconciled Cost Of Revenue": NaN,
        "EBITDA": NaN,
        "EBIT": NaN,
        "Net Interest Income": NaN,
        "Interest Expense": NaN,
        "Normalized Income": NaN,
        "Net Income From Continuing And Discontinued Operation": NaN,
        "Total Expenses": NaN,
        "Total Operating Income As Reported": NaN,
        "Diluted Average Shares": 377825545.0,
        "Basic Average Shares": 369608851.0,
        "Diluted EPS": 0.03,
        "Basic EPS": 0.03,
        "Diluted NI Availto Com Stockholders": NaN,
        "Net Income Common Stockholders": NaN,
        "Net Income": NaN,
        "Net Income Including Noncontrolling Interests": NaN,
        "Net Income Continuous Operations": NaN,
        "Tax Provision": NaN,
        "Pretax Income": NaN,
        "Other Income Expense": NaN,
        "Other Non Operating Income Expenses": NaN,
        "Special Income Charges": NaN,
        "Gain On Sale Of Ppe": NaN,
        "Gain On Sale Of Business": 390000.0,
        "Other Special Charges": -1726000.0,
        "Write Off": NaN,
        "Restructuring And Mergern Acquisition": 0.0,
        "Earnings From Equity Interest": NaN,
        "Gain On Sale Of Security": NaN,
        "Net Non Operating Interest Income Expense": NaN,
        "Interest Expense Non Operating": NaN,
        "Operating Income": NaN,
        "Operating Expense": NaN,
        "Other Operating Expenses": NaN,
        "Depreciation Amortization Depletion Income Statement": NaN,
        "Depreciation And Amortization In Income Statement": NaN,
        "Selling General And Administration": NaN,
        "General And Administrative Expense": NaN,
        "Other Gand A": NaN,
        "Salaries And Wages": NaN,
        "Gross Profit": NaN,
        "Cost Of Revenue": NaN,
        "Total Revenue": NaN,
        "Operating Revenue": NaN
    },
    "2022-10-31": {
        "Tax Effect Of Unusual Items": NaN,
        "Tax Rate For Calcs": NaN,
        "Normalized EBITDA": NaN,
        "Total Unusual Items": NaN,
        "Total Unusual Items Excluding Goodwill": NaN,
        "Net Income From Continuing Operation Net Minority Interest": NaN,
        "Reconciled Depreciation": NaN,
        "Reconciled Cost Of Revenue": NaN,
        "EBITDA": NaN,
        "EBIT": NaN,
        "Net Interest Income": NaN,
        "Interest Expense": NaN,
        "Normalized Income": NaN,
        "Net Income From Continuing And Discontinued Operation": NaN,
        "Total Expenses": NaN,
        "Total Operating Income As Reported": NaN,
        "Diluted Average Shares": NaN,
        "Basic Average Shares": NaN,
        "Diluted EPS": NaN,
        "Basic EPS": NaN,
        "Diluted NI Availto Com Stockholders": NaN,
        "Net Income Common Stockholders": NaN,
        "Net Income": NaN,
        "Net Income Including Noncontrolling Interests": NaN,
        "Net Income Continuous Operations": NaN,
        "Tax Provision": NaN,
        "Pretax Income": NaN,
        "Other Income Expense": NaN,
        "Other Non Operating Income Expenses": NaN,
        "Special Income Charges": NaN,
        "Gain On Sale Of Ppe": 0.0,
        "Gain On Sale Of Business": NaN,
        "Other Special Charges": NaN,
        "Write Off": NaN,
        "Restructuring And Mergern Acquisition": NaN,
        "Earnings From Equity Interest": NaN,
        "Gain On Sale Of Security": NaN,
        "Net Non Operating Interest Income Expense": NaN,
        "Interest Expense Non Operating": NaN,
        "Operating Income": NaN,
        "Operating Expense": NaN,
        "Other Operating Expenses": NaN,
        "Depreciation Amortization Depletion Income Statement": NaN,
        "Depreciation And Amortization In Income Statement": NaN,
        "Selling General And Administration": NaN,
        "General And Administrative Expense": NaN,
        "Other Gand A": NaN,
        "Salaries And Wages": 2916000.0,
        "Gross Profit": NaN,
        "Cost Of Revenue": NaN,
        "Total Revenue": NaN,
        "Operating Revenue": NaN
    },
    "2024-04-30": {
        "Tax Effect Of Unusual Items": -727445.369165,
        "Tax Rate For Calcs": 0.085131,
        "Normalized EBITDA": -12207000.0,
        "Total Unusual Items": -8545000.0,
        "Total Unusual Items Excluding Goodwill": -8545000.0,
        "Net Income From Continuing Operation Net Minority Interest": -19677000.0,
        "Reconciled Depreciation": 551000.0,
        "Reconciled Cost Of Revenue": 0.0,
        "EBITDA": -20752000.0,
        "EBIT": -21303000.0,
        "Net Interest Income": -205000.0,
        "Interest Expense": 205000.0,
        "Interest Income": NaN,
        "Normalized Income": -11859445.369165,
        "Net Income From Continuing And Discontinued Operation": -19677000.0,
        "Total Expenses": 13873000.0,
        "Total Operating Income As Reported": -13841000.0,
        "Diluted Average Shares": 404104490.0,
        "Basic Average Shares": 404104490.0,
        "Diluted EPS": -0.05,
        "Basic EPS": -0.05,
        "Diluted NI Availto Com Stockholders": -19677000.0,
        "Net Income Common Stockholders": -19677000.0,
        "Net Income": -19677000.0,
        "Net Income Including Noncontrolling Interests": -19677000.0,
        "Net Income Continuous Operations": -19677000.0,
        "Tax Provision": -1831000.0,
        "Pretax Income": -21508000.0,
        "Other Income Expense": -7430000.0,
        "Other Non Operating Income Expenses": 1011000.0,
        "Special Income Charges": 3156000.0,
        "Gain On Sale Of Ppe": -46000.0,
        "Gain On Sale Of Business": 3202000.0,
        "Write Off": NaN,
        "Restructuring And Mergern Acquisition": 0.0,
        "Earnings From Equity Interest": 104000.0,
        "Gain On Sale Of Security": -11701000.0,
        "Net Non Operating Interest Income Expense": -205000.0,
        "Interest Expense Non Operating": 205000.0,
        "Interest Income Non Operating": NaN,
        "Operating Income": -13873000.0,
        "Operating Expense": 13873000.0,
        "Other Operating Expenses": 9071000.0,
        "Depreciation Amortization Depletion Income Statement": 551000.0,
        "Depreciation And Amortization In Income Statement": 551000.0,
        "Selling General And Administration": 4251000.0,
        "General And Administrative Expense": 4251000.0,
        "Other Gand A": 1706000.0,
        "Salaries And Wages": 2545000.0,
        "Gross Profit": 0.0,
        "Cost Of Revenue": 0.0,
        "Total Revenue": 0.0,
        "Operating Revenue": 0.0
    },
    "2024-07-31": {
        "Tax Effect Of Unusual Items": 179493.581981,
        "Tax Rate For Calcs": 0.084827,
        "Normalized EBITDA": -17862000.0,
        "Total Unusual Items": 2116000.0,
        "Total Unusual Items Excluding Goodwill": 2116000.0,
        "Net Income From Continuing Operation Net Minority Interest": -15115000.0,
        "Reconciled Depreciation": 563000.0,
        "Reconciled Cost Of Revenue": 0.0,
        "EBITDA": -15746000.0,
        "EBIT": -16309000.0,
        "Net Interest Income": 2422000.0,
        "Interest Expense": 207000.0,
        "Interest Income": NaN,
        "Normalized Income": -17051506.418019,
        "Net Income From Continuing And Discontinued Operation": -15115000.0,
        "Total Expenses": 19214000.0,
        "Total Operating Income As Reported": -19057000.0,
        "Diluted Average Shares": NaN,
        "Basic Average Shares": NaN,
        "Diluted EPS": NaN,
        "Basic EPS": NaN,
        "Diluted NI Availto Com Stockholders": -15115000.0,
        "Net Income Common Stockholders": -15115000.0,
        "Net Income": -15115000.0,
        "Net Income Including Noncontrolling Interests": -15115000.0,
        "Net Income Continuous Operations": -15115000.0,
        "Tax Provision": -1401000.0,
        "Pretax Income": -16516000.0,
        "Other Income Expense": 276000.0,
        "Other Non Operating Income Expenses": -1532000.0,
        "Special Income Charges": -3627000.0,
        "Gain On Sale Of Ppe": 6000.0,
        "Gain On Sale Of Business": NaN,
        "Write Off": NaN,
        "Restructuring And Mergern Acquisition": NaN,
        "Earnings From Equity Interest": -308000.0,
        "Gain On Sale Of Security": 5743000.0,
        "Net Non Operating Interest Income Expense": 2422000.0,
        "Interest Expense Non Operating": 207000.0,
        "Interest Income Non Operating": NaN,
        "Operating Income": -19214000.0,
        "Operating Expense": 19214000.0,
        "Other Operating Expenses": 10935000.0,
        "Depreciation Amortization Depletion Income Statement": 563000.0,
        "Depreciation And Amortization In Income Statement": 563000.0,
        "Selling General And Administration": 7716000.0,
        "General And Administrative Expense": 7716000.0,
        "Other Gand A": 3063000.0,
        "Salaries And Wages": 4653000.0,
        "Gross Profit": 0.0,
        "Cost Of Revenue": 0.0,
        "Total Revenue": 0.0,
        "Operating Revenue": 0.0
    },
    "2024-10-31": {
        "Tax Effect Of Unusual Items": -512221.214236,
        "Tax Rate For Calcs": 0.062201,
        "Normalized EBITDA": -12321000.0,
        "Total Unusual Items": -8235000.0,
        "Total Unusual Items Excluding Goodwill": -8235000.0,
        "Net Income From Continuing Operation Net Minority Interest": -20158000.0,
        "Reconciled Depreciation": 598000.0,
        "Reconciled Cost Of Revenue": 10836000.0,
        "EBITDA": -20556000.0,
        "EBIT": -21154000.0,
        "Net Interest Income": 783000.0,
        "Interest Expense": 341000.0,
        "Interest Income": 1124000.0,
        "Normalized Income": -12435221.214236,
        "Net Income From Continuing And Discontinued Operation": -20158000.0,
        "Total Expenses": 30685000.0,
        "Total Operating Income As Reported": -13203000.0,
        "Diluted Average Shares": 412138998.0,
        "Basic Average Shares": 412138998.0,
        "Diluted EPS": -0.05,
        "Basic EPS": -0.05,
        "Diluted NI Availto Com Stockholders": -20158000.0,
        "Net Income Common Stockholders": -20158000.0,
        "Net Income": -20158000.0,
        "Net Income Including Noncontrolling Interests": -20158000.0,
        "Net Income Continuous Operations": -20158000.0,
        "Tax Provision": -1337000.0,
        "Pretax Income": -21495000.0,
        "Other Income Expense": -8680000.0,
        "Other Non Operating Income Expenses": 36000.0,
        "Special Income Charges": 13000.0,
        "Gain On Sale Of Ppe": 8000.0,
        "Gain On Sale Of Business": 5000.0,
        "Write Off": NaN,
        "Restructuring And Mergern Acquisition": NaN,
        "Earnings From Equity Interest": -481000.0,
        "Gain On Sale Of Security": -8248000.0,
        "Net Non Operating Interest Income Expense": 783000.0,
        "Interest Expense Non Operating": 341000.0,
        "Interest Income Non Operating": 1124000.0,
        "Operating Income": -13598000.0,
        "Operating Expense": 19849000.0,
        "Other Operating Expenses": 13514000.0,
        "Depreciation Amortization Depletion Income Statement": 598000.0,
        "Depreciation And Amortization In Income Statement": 598000.0,
        "Selling General And Administration": 5737000.0,
        "General And Administrative Expense": 5737000.0,
        "Other Gand A": 2134000.0,
        "Salaries And Wages": 3603000.0,
        "Gross Profit": 6251000.0,
        "Cost Of Revenue": 10836000.0,
        "Total Revenue": 17087000.0,
        "Operating Revenue": 17087000.0
    }
}