{
    "2023-03-31": {
        "Tax Effect Of Unusual Items": -2003.199487,
        "Tax Rate For Calcs": 0.012502,
        "Normalized EBITDA": -4572264.0,
        "Total Unusual Items": -160232.0,
        "Total Unusual Items Excluding Goodwill": -160232.0,
        "Net Income From Continuing Operation Net Minority Interest": -5144649.0,
        "Reconciled Depreciation": 404069.0,
        "Reconciled Cost Of Revenue": 13829488.0,
        "EBITDA": -4732496.0,
        "EBIT": -5136565.0,
        "Net Interest Income": -85.0,
        "Interest Expense": 73216.0,
        "Interest Income": 73131.0,
        "Normalized Income": -4986420.199487,
        "Net Income From Continuing And Discontinued Operation": -5144649.0,
        "Total Expenses": 21812056.0,
        "Total Operating Income As Reported": -5046671.0,
        "Diluted Average Shares": 10772705.0,
        "Basic Average Shares": 10772705.0,
        "Diluted EPS": -0.48,
        "Basic EPS": -0.48,
        "Diluted NI Availto Com Stockholders": -5144649.0,
        "Net Income Common Stockholders": -5144649.0,
        "Net Income": -5144649.0,
        "Net Income Including Noncontrolling Interests": -5144649.0,
        "Net Income Continuous Operations": -5144649.0,
        "Tax Provision": -65132.0,
        "Pretax Income": -5209781.0,
        "Other Income Expense": -163025.0,
        "Other Non Operating Income Expenses": -2793.0,
        "Special Income Charges": -160232.0,
        "Other Special Charges": NaN,
        "Write Off": NaN,
        "Restructuring And Mergern Acquisition": 160232.0,
        "Net Non Operating Interest Income Expense": -85.0,
        "Interest Expense Non Operating": 73216.0,
        "Interest Income Non Operating": 73131.0,
        "Operating Income": -5046671.0,
        "Operating Expense": 7888519.0,
        "Depreciation Amortization Depletion Income Statement": 310020.0,
        "Depreciation And Amortization In Income Statement": 310020.0,
        "Amortization": 310020.0,
        "Amortization Of Intangibles Income Statement": 310020.0,
        "Selling General And Administration": 7578499.0,
        "General And Administrative Expense": 7578499.0,
        "Other Gand A": 7098858.0,
        "Salaries And Wages": 479641.0,
        "Gross Profit": 2841848.0,
        "Cost Of Revenue": 13923537.0,
        "Total Revenue": 16765385.0,
        "Operating Revenue": 16588428.0
    },
    "2022-12-31": {
        "Tax Effect Of Unusual Items": -20891.626155,
        "Tax Rate For Calcs": 0.015057,
        "Normalized EBITDA": -2459262.0,
        "Total Unusual Items": -1387480.0,
        "Total Unusual Items Excluding Goodwill": -1387480.0,
        "Net Income From Continuing Operation Net Minority Interest": -4181605.0,
        "Reconciled Depreciation": 366480.0,
        "Reconciled Cost Of Revenue": 14038349.0,
        "EBITDA": -3846742.0,
        "EBIT": -4213222.0,
        "Net Interest Income": 75374.0,
        "Interest Expense": 32309.0,
        "Interest Income": 107683.0,
        "Normalized Income": -2815016.626155,
        "Net Income From Continuing And Discontinued Operation": -4181605.0,
        "Total Expenses": 20268617.0,
        "Total Operating Income As Reported": -2941342.0,
        "Diluted Average Shares": 10713158.0,
        "Basic Average Shares": 10713158.0,
        "Diluted EPS": -0.39,
        "Basic EPS": -0.39,
        "Diluted NI Availto Com Stockholders": -4181605.0,
        "Net Income Common Stockholders": -4181605.0,
        "Net Income": -4181605.0,
        "Net Income Including Noncontrolling Interests": -4181605.0,
        "Net Income Continuous Operations": -4181605.0,
        "Tax Provision": -63926.0,
        "Pretax Income": -4245531.0,
        "Other Income Expense": -1379563.0,
        "Other Non Operating Income Expenses": 7917.0,
        "Special Income Charges": -1387480.0,
        "Other Special Charges": NaN,
        "Write Off": 950575.0,
        "Restructuring And Mergern Acquisition": NaN,
        "Net Non Operating Interest Income Expense": 75374.0,
        "Interest Expense Non Operating": 32309.0,
        "Interest Income Non Operating": 107683.0,
        "Operating Income": -2941342.0,
        "Operating Expense": 6150504.0,
        "Other Operating Expenses": 0.0,
        "Depreciation Amortization Depletion Income Statement": 286716.0,
        "Depreciation And Amortization In Income Statement": 286716.0,
        "Amortization": 286716.0,
        "Amortization Of Intangibles Income Statement": 286716.0,
        "Selling General And Administration": 5863788.0,
        "General And Administrative Expense": 5863788.0,
        "Other Gand A": 5152770.0,
        "Salaries And Wages": 711018.0,
        "Gross Profit": 3209162.0,
        "Cost Of Revenue": 14118113.0,
        "Total Revenue": 17327275.0,
        "Operating Revenue": 17327275.0
    },
    "2022-09-30": {
        "Tax Effect Of Unusual Items": -14422.762238,
        "Tax Rate For Calcs": 0.008433,
        "Normalized EBITDA": -6490241.0,
        "Total Unusual Items": -1710358.0,
        "Total Unusual Items Excluding Goodwill": -1710358.0,
        "Net Income From Continuing Operation Net Minority Interest": -8660783.0,
        "Reconciled Depreciation": 526750.0,
        "Reconciled Cost Of Revenue": 9553286.0,
        "EBITDA": -8200599.0,
        "EBIT": -8727349.0,
        "Net Interest Income": 87112.0,
        "Interest Expense": 7088.0,
        "Interest Income": 94200.0,
        "Normalized Income": -6964847.762238,
        "Net Income From Continuing And Discontinued Operation": -8660783.0,
        "Total Expenses": 19269085.0,
        "Total Operating Income As Reported": -6900792.0,
        "Diluted Average Shares": 10674796.0,
        "Basic Average Shares": 10674796.0,
        "Diluted EPS": -0.81,
        "Basic EPS": -0.81,
        "Diluted NI Availto Com Stockholders": -8660783.0,
        "Net Income Common Stockholders": -8660783.0,
        "Net Income": -8660783.0,
        "Net Income Including Noncontrolling Interests": -8660783.0,
        "Net Income Continuous Operations": -8660783.0,
        "Tax Provision": -73654.0,
        "Pretax Income": -8734437.0,
        "Other Income Expense": -1920757.0,
        "Other Non Operating Income Expenses": -210399.0,
        "Special Income Charges": -1710358.0,
        "Other Special Charges": NaN,
        "Write Off": 1710358.0,
        "Restructuring And Mergern Acquisition": NaN,
        "Net Non Operating Interest Income Expense": 87112.0,
        "Interest Expense Non Operating": 7088.0,
        "Interest Income Non Operating": 94200.0,
        "Operating Income": -6900792.0,
        "Operating Expense": 9493388.0,
        "Other Operating Expenses": 3299864.0,
        "Depreciation Amortization Depletion Income Statement": 304339.0,
        "Depreciation And Amortization In Income Statement": 304339.0,
        "Amortization": 304339.0,
        "Amortization Of Intangibles Income Statement": 304339.0,
        "Research And Development": 3299864.0,
        "Selling General And Administration": 5889185.0,
        "General And Administrative Expense": 5889185.0,
        "Other Gand A": 5792418.0,
        "Salaries And Wages": 96767.0,
        "Gross Profit": 2592596.0,
        "Cost Of Revenue": 9775697.0,
        "Total Revenue": 12368293.0,
        "Operating Revenue": 12368293.0
    },
    "2022-06-30": {
        "Tax Effect Of Unusual Items": 0.0,
        "Tax Rate For Calcs": 0.042105,
        "Normalized EBITDA": -1436542.0,
        "Total Unusual Items": 0.0,
        "Total Unusual Items Excluding Goodwill": 0.0,
        "Net Income From Continuing Operation Net Minority Interest": -1739304.0,
        "Reconciled Depreciation": 371557.0,
        "Reconciled Cost Of Revenue": 12714225.0,
        "EBITDA": -1436542.0,
        "EBIT": -1808099.0,
        "Net Interest Income": 39617.0,
        "Interest Expense": 7658.0,
        "Interest Income": 47275.0,
        "Normalized Income": -1739304.0,
        "Net Income From Continuing And Discontinued Operation": -1739304.0,
        "Total Expenses": 18208440.0,
        "Total Operating Income As Reported": -1926937.0,
        "Diluted Average Shares": 10945978.0,
        "Basic Average Shares": 10945978.0,
        "Diluted EPS": -0.17,
        "Basic EPS": -0.17,
        "Diluted NI Availto Com Stockholders": -1739304.0,
        "Net Income Common Stockholders": -1739304.0,
        "Net Income": -1739304.0,
        "Net Income Including Noncontrolling Interests": -1739304.0,
        "Net Income Continuous Operations": -1739304.0,
        "Tax Provision": -76453.0,
        "Pretax Income": -1815757.0,
        "Other Income Expense": 71563.0,
        "Other Non Operating Income Expenses": 71563.0,
        "Special Income Charges": 0.0,
        "Other Special Charges": NaN,
        "Write Off": NaN,
        "Restructuring And Mergern Acquisition": NaN,
        "Net Non Operating Interest Income Expense": 39617.0,
        "Interest Expense Non Operating": 7658.0,
        "Interest Income Non Operating": 47275.0,
        "Operating Income": -1926937.0,
        "Operating Expense": 5428883.0,
        "Other Operating Expenses": NaN,
        "Depreciation Amortization Depletion Income Statement": 306225.0,
        "Depreciation And Amortization In Income Statement": 306225.0,
        "Amortization": 306225.0,
        "Amortization Of Intangibles Income Statement": 306225.0,
        "Research And Development": NaN,
        "Selling General And Administration": 5122658.0,
        "General And Administrative Expense": 5122658.0,
        "Other Gand A": 4240658.0,
        "Salaries And Wages": 882000.0,
        "Gross Profit": 3501946.0,
        "Cost Of Revenue": 12779557.0,
        "Total Revenue": 16281503.0,
        "Operating Revenue": 16281503.0
    },
    "2022-03-31": {
        "Diluted EPS": -0.07,
        "Total Revenue": 21,
        "Gross Profit": 5,
        "Operating Income": -1,
        "EBIT": -1,
        "Net Income": -1
    },
    "2021-12-31": {
        "Diluted EPS": 0.0,
        "Total Revenue": 19,
        "Gross Profit": 5,
        "Operating Income": -1,
        "EBIT": 0,
        "Net Income": -1
    },
    "2021-09-30": {
        "Diluted EPS": 0.0,
        "Total Revenue": 18,
        "Gross Profit": 4,
        "Operating Income": 0,
        "EBIT": 0,
        "Net Income": 0
    },
    "2021-06-30": {
        "Diluted EPS": 0.11,
        "Total Revenue": 13,
        "Gross Profit": 3,
        "Operating Income": 0,
        "EBIT": 0,
        "Net Income": 1
    },
    "2021-03-31": {
        "Diluted EPS": -0.2,
        "Total Revenue": 12,
        "Gross Profit": 3,
        "Operating Income": 0,
        "EBIT": 0,
        "Net Income": -2
    },
    "2020-12-31": {
        "Diluted EPS": -0.23,
        "Total Revenue": 9,
        "Gross Profit": 2,
        "Operating Income": 0,
        "EBIT": 0,
        "Net Income": -1
    },
    "2020-09-30": {
        "Diluted EPS": -0.14,
        "Total Revenue": 8,
        "Gross Profit": 2,
        "Operating Income": 0,
        "EBIT": 0,
        "Net Income": -1
    },
    "2020-06-30": {
        "Diluted EPS": -0.33,
        "Total Revenue": 4,
        "Gross Profit": 1,
        "Operating Income": -1,
        "EBIT": -1,
        "Net Income": -2
    },
    "2020-03-31": {
        "Diluted EPS": -0.36,
        "Total Revenue": 4,
        "Gross Profit": 1,
        "Operating Income": -1,
        "EBIT": -1,
        "Net Income": -2
    },
    "2019-12-31": {
        "Diluted EPS": -1.67,
        "Total Revenue": 7,
        "Gross Profit": 1,
        "Operating Income": -2,
        "EBIT": -1,
        "Net Income": -3
    },
    "2019-09-30": {
        "Diluted EPS": -0.11,
        "Total Revenue": 6,
        "Gross Profit": 2,
        "Operating Income": -1,
        "EBIT": -1,
        "Net Income": -3
    },
    "2019-06-30": {
        "Diluted EPS": -0.06,
        "Total Revenue": 6,
        "Gross Profit": 2,
        "Operating Income": -1,
        "EBIT": -1,
        "Net Income": -1
    },
    "2019-03-31": {
        "Diluted EPS": -0.06,
        "Total Revenue": 6,
        "Gross Profit": 2,
        "Operating Income": -1,
        "EBIT": -1,
        "Net Income": -1
    },
    "2018-12-31": {
        "Diluted EPS": -0.08,
        "Total Revenue": 5,
        "Gross Profit": 2,
        "Operating Income": -2,
        "EBIT": -2,
        "Net Income": -2
    },
    "2018-09-30": {
        "Diluted EPS": -0.03,
        "Total Revenue": 5,
        "Gross Profit": 2,
        "Operating Income": -1,
        "EBIT": -1,
        "Net Income": -1
    },
    "2018-06-30": {
        "Diluted EPS": -0.02,
        "Total Revenue": 6,
        "Gross Profit": 2,
        "Operating Income": 0,
        "EBIT": 0,
        "Net Income": 0
    },
    "2018-03-31": {
        "Diluted EPS": -0.03,
        "Total Revenue": 3,
        "Gross Profit": 1,
        "Operating Income": -1,
        "EBIT": -1,
        "Net Income": -1
    },
    "2017-12-31": {
        "Diluted EPS": 0.0,
        "Total Revenue": NaN,
        "Gross Profit": NaN,
        "Operating Income": NaN,
        "EBIT": NaN,
        "Net Income": NaN
    },
    "2017-09-30": {
        "Diluted EPS": -0.04,
        "Total Revenue": 3,
        "Gross Profit": 1,
        "Operating Income": -1,
        "EBIT": -1,
        "Net Income": -1
    },
    "2017-06-30": {
        "Diluted EPS": -0.02,
        "Total Revenue": 3,
        "Gross Profit": 1,
        "Operating Income": 0,
        "EBIT": 0,
        "Net Income": 0
    },
    "2023-06-30": {
        "Tax Effect Of Unusual Items": -14725.231427,
        "Tax Rate For Calcs": 0.009817,
        "Normalized EBITDA": -3528147.0,
        "Total Unusual Items": -1500000.0,
        "Total Unusual Items Excluding Goodwill": -1500000.0,
        "Net Income From Continuing Operation Net Minority Interest": -5443333.0,
        "Reconciled Depreciation": 424163.0,
        "Reconciled Cost Of Revenue": 15802912.0,
        "EBITDA": -5028147.0,
        "EBIT": -5452310.0,
        "Net Interest Income": 30072.0,
        "Interest Expense": 44989.0,
        "Interest Income": 75061.0,
        "Normalized Income": -3958058.231427,
        "Net Income From Continuing And Discontinued Operation": -5443333.0,
        "Total Expenses": 22723968.0,
        "Total Operating Income As Reported": -3886424.0,
        "Diluted Average Shares": 10945978.0,
        "Basic Average Shares": 10945978.0,
        "Diluted EPS": -0.5,
        "Basic EPS": -0.5,
        "Diluted NI Availto Com Stockholders": -5443333.0,
        "Net Income Common Stockholders": -5443333.0,
        "Net Income": -5443333.0,
        "Net Income Including Noncontrolling Interests": -5443333.0,
        "Net Income Continuous Operations": -5443333.0,
        "Tax Provision": -53966.0,
        "Pretax Income": -5497299.0,
        "Other Income Expense": -1640947.0,
        "Other Non Operating Income Expenses": -140947.0,
        "Special Income Charges": -1500000.0,
        "Other Special Charges": 1500000.0,
        "Write Off": NaN,
        "Restructuring And Mergern Acquisition": 0.0,
        "Net Non Operating Interest Income Expense": 30072.0,
        "Interest Expense Non Operating": 44989.0,
        "Interest Income Non Operating": 75061.0,
        "Operating Income": -3886424.0,
        "Operating Expense": 6761058.0,
        "Depreciation Amortization Depletion Income Statement": 264165.0,
        "Depreciation And Amortization In Income Statement": 264165.0,
        "Amortization": 264165.0,
        "Amortization Of Intangibles Income Statement": 264165.0,
        "Selling General And Administration": 6496893.0,
        "General And Administrative Expense": 6496893.0,
        "Other Gand A": 5874346.0,
        "Salaries And Wages": 622547.0,
        "Gross Profit": 2874634.0,
        "Cost Of Revenue": 15962910.0,
        "Total Revenue": 18837544.0,
        "Operating Revenue": 18703458.0
    },
    "2023-09-30": {
        "Tax Effect Of Unusual Items": -3661.004802,
        "Tax Rate For Calcs": 0.014163,
        "Normalized EBITDA": -2744782.0,
        "Total Unusual Items": -258492.0,
        "Total Unusual Items Excluding Goodwill": -258492.0,
        "Net Income From Continuing Operation Net Minority Interest": -3367788.0,
        "Reconciled Depreciation": 372969.0,
        "Reconciled Cost Of Revenue": 17946468.0,
        "EBITDA": -3003274.0,
        "EBIT": -3376243.0,
        "Net Interest Income": -20467.0,
        "Interest Expense": 39928.0,
        "Interest Income": 19461.0,
        "Normalized Income": -3112957.004802,
        "Net Income From Continuing And Discontinued Operation": -3367788.0,
        "Total Expenses": 24042930.0,
        "Total Operating Income As Reported": -3108607.0,
        "Diluted Average Shares": 11649790.0,
        "Basic Average Shares": 11649790.0,
        "Diluted EPS": -0.29,
        "Basic EPS": -0.29,
        "Diluted NI Availto Com Stockholders": -3367788.0,
        "Net Income Common Stockholders": -3367788.0,
        "Net Income": -3367788.0,
        "Net Income Including Noncontrolling Interests": -3367788.0,
        "Net Income Continuous Operations": -3367788.0,
        "Tax Provision": -48383.0,
        "Pretax Income": -3416171.0,
        "Other Income Expense": -287097.0,
        "Other Non Operating Income Expenses": -28605.0,
        "Special Income Charges": -258492.0,
        "Other Special Charges": NaN,
        "Write Off": 258492.0,
        "Restructuring And Mergern Acquisition": 0.0,
        "Net Non Operating Interest Income Expense": -20467.0,
        "Interest Expense Non Operating": 39928.0,
        "Interest Income Non Operating": 19461.0,
        "Operating Income": -3108607.0,
        "Operating Expense": 5965325.0,
        "Depreciation Amortization Depletion Income Statement": 241832.0,
        "Depreciation And Amortization In Income Statement": 241832.0,
        "Amortization": 241832.0,
        "Amortization Of Intangibles Income Statement": 241832.0,
        "Selling General And Administration": 5723493.0,
        "General And Administrative Expense": 5723493.0,
        "Other Gand A": 5000846.0,
        "Salaries And Wages": 722647.0,
        "Gross Profit": 2856718.0,
        "Cost Of Revenue": 18077605.0,
        "Total Revenue": 20934323.0,
        "Operating Revenue": 20934323.0
    },
    "2023-12-31": {
        "Tax Effect Of Unusual Items": 0.0,
        "Tax Rate For Calcs": 0.010135,
        "Normalized EBITDA": -4224656.0,
        "Total Unusual Items": 0.0,
        "Total Unusual Items Excluding Goodwill": 0.0,
        "Net Income From Continuing Operation Net Minority Interest": -4725291.0,
        "Reconciled Depreciation": 435466.0,
        "Reconciled Cost Of Revenue": 13091856.0,
        "EBITDA": -4224656.0,
        "EBIT": -4660122.0,
        "Net Interest Income": -107309.0,
        "Interest Expense": 113552.0,
        "Interest Income": 6243.0,
        "Normalized Income": -4725291.0,
        "Net Income From Continuing And Discontinued Operation": -4725291.0,
        "Total Expenses": 19641257.0,
        "Total Operating Income As Reported": -4635736.0,
        "Diluted Average Shares": 11675033.0,
        "Basic Average Shares": 11675033.0,
        "Diluted EPS": -0.4,
        "Basic EPS": -0.4,
        "Diluted NI Availto Com Stockholders": -4725291.0,
        "Net Income Common Stockholders": -4725291.0,
        "Net Income": -4725291.0,
        "Net Income Including Noncontrolling Interests": -4725291.0,
        "Net Income Continuous Operations": -4725291.0,
        "Tax Provision": -48383.0,
        "Pretax Income": -4773674.0,
        "Other Income Expense": -30629.0,
        "Other Non Operating Income Expenses": -30629.0,
        "Special Income Charges": 0.0,
        "Other Special Charges": 0.0,
        "Write Off": 0.0,
        "Restructuring And Mergern Acquisition": 0.0,
        "Net Non Operating Interest Income Expense": -107309.0,
        "Interest Expense Non Operating": 113552.0,
        "Interest Income Non Operating": 6243.0,
        "Operating Income": -4635736.0,
        "Operating Expense": 6354100.0,
        "Depreciation Amortization Depletion Income Statement": 240165.0,
        "Depreciation And Amortization In Income Statement": 240165.0,
        "Amortization": 240165.0,
        "Amortization Of Intangibles Income Statement": 240165.0,
        "Selling General And Administration": 6113935.0,
        "General And Administrative Expense": 6113935.0,
        "Other Gand A": 5739724.0,
        "Salaries And Wages": 374211.0,
        "Gross Profit": 1718364.0,
        "Cost Of Revenue": 13287157.0,
        "Total Revenue": 15005521.0,
        "Operating Revenue": 14317280.0
    },
    "2024-03-31": {
        "Tax Effect Of Unusual Items": 0.0,
        "Tax Rate For Calcs": 0.022094,
        "Normalized EBITDA": -1655985.0,
        "Total Unusual Items": 0.0,
        "Total Unusual Items Excluding Goodwill": 0.0,
        "Net Income From Continuing Operation Net Minority Interest": -2141503.0,
        "Reconciled Depreciation": 434595.0,
        "Reconciled Cost Of Revenue": 12231401.0,
        "EBITDA": -1655985.0,
        "EBIT": -2090580.0,
        "Net Interest Income": -99225.0,
        "Interest Expense": 99306.0,
        "Interest Income": 81.0,
        "Normalized Income": -2141503.0,
        "Net Income From Continuing And Discontinued Operation": -2141503.0,
        "Total Expenses": 17606450.0,
        "Total Operating Income As Reported": -2063772.0,
        "Diluted Average Shares": 12075619.0,
        "Basic Average Shares": 12075619.0,
        "Diluted EPS": -0.18,
        "Basic EPS": -0.18,
        "Diluted NI Availto Com Stockholders": -2141503.0,
        "Net Income Common Stockholders": -2141503.0,
        "Net Income": -2141503.0,
        "Net Income Including Noncontrolling Interests": -2141503.0,
        "Net Income Continuous Operations": -2141503.0,
        "Tax Provision": -48383.0,
        "Pretax Income": -2189886.0,
        "Other Income Expense": -26889.0,
        "Other Non Operating Income Expenses": -26889.0,
        "Special Income Charges": 0.0,
        "Other Special Charges": NaN,
        "Write Off": NaN,
        "Restructuring And Mergern Acquisition": 0.0,
        "Net Non Operating Interest Income Expense": -99225.0,
        "Interest Expense Non Operating": 99306.0,
        "Interest Income Non Operating": 81.0,
        "Operating Income": -2063772.0,
        "Operating Expense": 5179787.0,
        "Depreciation Amortization Depletion Income Statement": 239333.0,
        "Depreciation And Amortization In Income Statement": 239333.0,
        "Amortization": 239333.0,
        "Amortization Of Intangibles Income Statement": 239333.0,
        "Selling General And Administration": 4940454.0,
        "General And Administrative Expense": 4940454.0,
        "Other Gand A": 4283878.0,
        "Salaries And Wages": 656576.0,
        "Gross Profit": 3116015.0,
        "Cost Of Revenue": 12426663.0,
        "Total Revenue": 15542678.0,
        "Operating Revenue": 15467537.0
    }
}