{
    "2023-06-30": {
        "Tax Effect Of Unusual Items": 0.0,
        "Tax Rate For Calcs": 0.247,
        "Normalized EBITDA": 416233000.0,
        "Net Income From Continuing Operation Net Minority Interest": 171313000.0,
        "Reconciled Depreciation": 143744000.0,
        "Reconciled Cost Of Revenue": 380294000.0,
        "EBITDA": 416233000.0,
        "EBIT": 272489000.0,
        "Net Interest Income": -48831000.0,
        "Interest Expense": 47794000.0,
        "Interest Income": 222000.0,
        "Normalized Income": 171313000.0,
        "Net Income From Continuing And Discontinued Operation": 171313000.0,
        "Total Expenses": 3268010000.0,
        "Rent Expense Supplemental": 35387000.0,
        "Total Operating Income As Reported": 280128000.0,
        "Diluted Average Shares": 70839000.0,
        "Basic Average Shares": 70073000.0,
        "Diluted EPS": 2.42,
        "Basic EPS": 2.44,
        "Diluted NI Availto Com Stockholders": 171252000.0,
        "Net Income Common Stockholders": 171252000.0,
        "Otherunder Preferred Stock Dividend": 61000.0,
        "Net Income": 171313000.0,
        "Minority Interests": 2011000.0,
        "Net Income Including Noncontrolling Interests": 169302000.0,
        "Net Income Continuous Operations": 169302000.0,
        "Tax Provision": 55393000.0,
        "Pretax Income": 224695000.0,
        "Other Income Expense": -6602000.0,
        "Other Non Operating Income Expenses": -6602000.0,
        "Net Non Operating Interest Income Expense": -48831000.0,
        "Total Other Finance Cost": 1259000.0,
        "Interest Expense Non Operating": 47794000.0,
        "Interest Income Non Operating": 222000.0,
        "Operating Income": 280128000.0,
        "Operating Expense": 2887716000.0,
        "Other Operating Expenses": 938314000.0,
        "Depreciation Amortization Depletion Income Statement": 143744000.0,
        "Depreciation And Amortization In Income Statement": 143744000.0,
        "Selling General And Administration": 1805658000.0,
        "General And Administrative Expense": 1805658000.0,
        "Rent And Landing Fees": 35387000.0,
        "Salaries And Wages": 1770271000.0,
        "Gross Profit": 3167844000.0,
        "Cost Of Revenue": 380294000.0,
        "Total Revenue": 3548138000.0,
        "Operating Revenue": 3548138000.0
    },
    "2023-03-31": {
        "Tax Effect Of Unusual Items": 0.0,
        "Tax Rate For Calcs": 0.242,
        "Normalized EBITDA": 405470000.0,
        "Net Income From Continuing Operation Net Minority Interest": 163115000.0,
        "Reconciled Depreciation": 141621000.0,
        "Reconciled Cost Of Revenue": 379989000.0,
        "EBITDA": 405470000.0,
        "EBIT": 263849000.0,
        "Net Interest Income": -50876000.0,
        "Interest Expense": 49748000.0,
        "Interest Income": 130000.0,
        "Normalized Income": 163115000.0,
        "Net Income From Continuing And Discontinued Operation": 163115000.0,
        "Total Expenses": 3188818000.0,
        "Rent Expense Supplemental": 34922000.0,
        "Total Operating Income As Reported": 278700000.0,
        "Diluted Average Shares": 71487000.0,
        "Basic Average Shares": 70535000.0,
        "Diluted EPS": 2.28,
        "Basic EPS": 2.31,
        "Diluted NI Availto Com Stockholders": 162986000.0,
        "Net Income Common Stockholders": 162986000.0,
        "Otherunder Preferred Stock Dividend": 129000.0,
        "Net Income": 163115000.0,
        "Minority Interests": 740000.0,
        "Net Income Including Noncontrolling Interests": 162375000.0,
        "Net Income Continuous Operations": 162375000.0,
        "Tax Provision": 51726000.0,
        "Pretax Income": 214101000.0,
        "Other Income Expense": -13723000.0,
        "Other Non Operating Income Expenses": -13723000.0,
        "Net Non Operating Interest Income Expense": -50876000.0,
        "Total Other Finance Cost": 1258000.0,
        "Interest Expense Non Operating": 49748000.0,
        "Interest Income Non Operating": 130000.0,
        "Operating Income": 278700000.0,
        "Operating Expense": 2808829000.0,
        "Other Operating Expenses": 878951000.0,
        "Depreciation Amortization Depletion Income Statement": 141621000.0,
        "Depreciation And Amortization In Income Statement": 141621000.0,
        "Selling General And Administration": 1788257000.0,
        "General And Administrative Expense": 1788257000.0,
        "Rent And Landing Fees": 34922000.0,
        "Salaries And Wages": 1753335000.0,
        "Gross Profit": 3087529000.0,
        "Cost Of Revenue": 379989000.0,
        "Total Revenue": 3467518000.0,
        "Operating Revenue": 3467518000.0
    },
    "2022-12-31": {
        "Tax Effect Of Unusual Items": NaN,
        "Tax Rate For Calcs": NaN,
        "Normalized EBITDA": NaN,
        "Net Income From Continuing Operation Net Minority Interest": NaN,
        "Reconciled Depreciation": NaN,
        "Reconciled Cost Of Revenue": NaN,
        "EBITDA": NaN,
        "EBIT": NaN,
        "Net Interest Income": NaN,
        "Interest Expense": NaN,
        "Interest Income": NaN,
        "Normalized Income": NaN,
        "Net Income From Continuing And Discontinued Operation": NaN,
        "Total Expenses": NaN,
        "Rent Expense Supplemental": NaN,
        "Total Operating Income As Reported": NaN,
        "Diluted Average Shares": 71792000.0,
        "Basic Average Shares": 71165000.0,
        "Diluted EPS": 2.43,
        "Basic EPS": 2.45,
        "Diluted NI Availto Com Stockholders": NaN,
        "Net Income Common Stockholders": NaN,
        "Otherunder Preferred Stock Dividend": NaN,
        "Net Income": NaN,
        "Minority Interests": NaN,
        "Net Income Including Noncontrolling Interests": NaN,
        "Net Income Continuous Operations": NaN,
        "Tax Provision": NaN,
        "Pretax Income": NaN,
        "Other Income Expense": NaN,
        "Other Non Operating Income Expenses": NaN,
        "Net Non Operating Interest Income Expense": NaN,
        "Total Other Finance Cost": NaN,
        "Interest Expense Non Operating": NaN,
        "Interest Income Non Operating": NaN,
        "Operating Income": NaN,
        "Operating Expense": NaN,
        "Other Operating Expenses": NaN,
        "Depreciation Amortization Depletion Income Statement": NaN,
        "Depreciation And Amortization In Income Statement": NaN,
        "Selling General And Administration": NaN,
        "General And Administrative Expense": NaN,
        "Rent And Landing Fees": NaN,
        "Salaries And Wages": NaN,
        "Gross Profit": NaN,
        "Cost Of Revenue": NaN,
        "Total Revenue": NaN,
        "Operating Revenue": NaN
    },
    "2022-09-30": {
        "Tax Effect Of Unusual Items": 0.0,
        "Tax Rate For Calcs": 0.245081,
        "Normalized EBITDA": 415739000.0,
        "Net Income From Continuing Operation Net Minority Interest": 182814000.0,
        "Reconciled Depreciation": 145874000.0,
        "Reconciled Cost Of Revenue": 366337000.0,
        "EBITDA": 415739000.0,
        "EBIT": 269865000.0,
        "Net Interest Income": -35653000.0,
        "Interest Expense": 35653000.0,
        "Interest Income": 107000.0,
        "Normalized Income": 182814000.0,
        "Net Income From Continuing And Discontinued Operation": 182814000.0,
        "Total Expenses": 3060147000.0,
        "Rent Expense Supplemental": 33264000.0,
        "Total Operating Income As Reported": 275880000.0,
        "Diluted Average Shares": 73060000.0,
        "Basic Average Shares": 72595000.0,
        "Diluted EPS": 2.5,
        "Basic EPS": 2.52,
        "Diluted NI Availto Com Stockholders": 182635000.0,
        "Net Income Common Stockholders": 182635000.0,
        "Otherunder Preferred Stock Dividend": 179000.0,
        "Net Income": 182814000.0,
        "Minority Interests": 6003000.0,
        "Net Income Including Noncontrolling Interests": 176811000.0,
        "Net Income Continuous Operations": 176811000.0,
        "Tax Provision": 57401000.0,
        "Pretax Income": 234212000.0,
        "Other Income Expense": -6015000.0,
        "Other Non Operating Income Expenses": -6015000.0,
        "Net Non Operating Interest Income Expense": -35653000.0,
        "Total Other Finance Cost": 1259000.0,
        "Interest Expense Non Operating": 35653000.0,
        "Interest Income Non Operating": 107000.0,
        "Operating Income": 275880000.0,
        "Operating Expense": 2693810000.0,
        "Other Operating Expenses": 837241000.0,
        "Depreciation Amortization Depletion Income Statement": 145874000.0,
        "Depreciation And Amortization In Income Statement": 145874000.0,
        "Selling General And Administration": 1710695000.0,
        "General And Administrative Expense": 1710695000.0,
        "Rent And Landing Fees": 33264000.0,
        "Salaries And Wages": 1677431000.0,
        "Gross Profit": 2969690000.0,
        "Cost Of Revenue": 366337000.0,
        "Total Revenue": 3336027000.0,
        "Operating Revenue": 3336027000.0
    },
    "2022-06-30": {
        "Tax Effect Of Unusual Items": 0.0,
        "Tax Rate For Calcs": 0.242927,
        "Normalized EBITDA": 379256000.0,
        "Net Income From Continuing Operation Net Minority Interest": 164062000.0,
        "Reconciled Depreciation": 143850000.0,
        "Reconciled Cost Of Revenue": 354993000.0,
        "EBITDA": 379256000.0,
        "EBIT": 235406000.0,
        "Net Interest Income": -25676000.0,
        "Interest Expense": 25676000.0,
        "Interest Income": 63000.0,
        "Normalized Income": 164062000.0,
        "Net Income From Continuing And Discontinued Operation": 164062000.0,
        "Total Expenses": 3089973000.0,
        "Rent Expense Supplemental": 31773000.0,
        "Total Operating Income As Reported": 233434000.0,
        "Diluted Average Shares": 74435000.0,
        "Basic Average Shares": 73682000.0,
        "Diluted EPS": 2.2,
        "Basic EPS": 2.22,
        "Diluted NI Availto Com Stockholders": 163898000.0,
        "Net Income Common Stockholders": 163898000.0,
        "Otherunder Preferred Stock Dividend": 164000.0,
        "Net Income": 164062000.0,
        "Minority Interests": 5281000.0,
        "Net Income Including Noncontrolling Interests": 158781000.0,
        "Net Income Continuous Operations": 158781000.0,
        "Tax Provision": 50949000.0,
        "Pretax Income": 209730000.0,
        "Other Income Expense": 1972000.0,
        "Other Non Operating Income Expenses": 1972000.0,
        "Net Non Operating Interest Income Expense": -25676000.0,
        "Total Other Finance Cost": 1117000.0,
        "Interest Expense Non Operating": 25676000.0,
        "Interest Income Non Operating": 63000.0,
        "Operating Income": 233434000.0,
        "Operating Expense": 2734980000.0,
        "Other Operating Expenses": 867885000.0,
        "Depreciation Amortization Depletion Income Statement": 143850000.0,
        "Depreciation And Amortization In Income Statement": 143850000.0,
        "Selling General And Administration": 1723245000.0,
        "General And Administrative Expense": 1723245000.0,
        "Rent And Landing Fees": 31773000.0,
        "Salaries And Wages": 1691472000.0,
        "Gross Profit": 2968414000.0,
        "Cost Of Revenue": 354993000.0,
        "Total Revenue": 3323407000.0,
        "Operating Revenue": 3323407000.0
    },
    "2022-03-31": {
        "Diluted EPS": 2.02,
        "Total Revenue": NaN,
        "Gross Profit": NaN,
        "Operating Income": 233,
        "EBIT": 377,
        "Net Income": 154
    },
    "2021-12-31": {
        "Diluted EPS": 3.0,
        "Total Revenue": NaN,
        "Gross Profit": NaN,
        "Operating Income": 314,
        "EBIT": 447,
        "Net Income": 239
    },
    "2021-09-30": {
        "Diluted EPS": 2.6,
        "Total Revenue": NaN,
        "Gross Profit": NaN,
        "Operating Income": 315,
        "EBIT": 449,
        "Net Income": 218
    },
    "2021-06-30": {
        "Diluted EPS": 3.79,
        "Total Revenue": NaN,
        "Gross Profit": NaN,
        "Operating Income": 439,
        "EBIT": 573,
        "Net Income": 324
    },
    "2021-03-31": {
        "Diluted EPS": 2.43,
        "Total Revenue": NaN,
        "Gross Profit": NaN,
        "Operating Income": 296,
        "EBIT": 427,
        "Net Income": 209
    },
    "2020-12-31": {
        "Diluted EPS": 3.58,
        "Total Revenue": NaN,
        "Gross Profit": NaN,
        "Operating Income": 414,
        "EBIT": 548,
        "Net Income": 308
    },
    "2020-09-30": {
        "Diluted EPS": 2.82,
        "Total Revenue": NaN,
        "Gross Profit": NaN,
        "Operating Income": 350,
        "EBIT": 476,
        "Net Income": 240
    },
    "2020-06-30": {
        "Diluted EPS": 2.95,
        "Total Revenue": NaN,
        "Gross Profit": NaN,
        "Operating Income": 358,
        "EBIT": 484,
        "Net Income": 251
    },
    "2020-03-31": {
        "Diluted EPS": 1.64,
        "Total Revenue": NaN,
        "Gross Profit": NaN,
        "Operating Income": 237,
        "EBIT": 361,
        "Net Income": 142
    },
    "2019-12-31": {
        "Diluted EPS": 2.8,
        "Total Revenue": NaN,
        "Gross Profit": NaN,
        "Operating Income": 341,
        "EBIT": 469,
        "Net Income": 245
    },
    "2019-09-30": {
        "Diluted EPS": 1.1,
        "Total Revenue": NaN,
        "Gross Profit": NaN,
        "Operating Income": 189,
        "EBIT": 310,
        "Net Income": 97
    },
    "2019-06-30": {
        "Diluted EPS": 2.66,
        "Total Revenue": NaN,
        "Gross Profit": NaN,
        "Operating Income": 346,
        "EBIT": 467,
        "Net Income": 238
    },
    "2019-03-31": {
        "Diluted EPS": 2.57,
        "Total Revenue": NaN,
        "Gross Profit": NaN,
        "Operating Income": 340,
        "EBIT": 460,
        "Net Income": 234
    },
    "2018-12-31": {
        "Diluted EPS": 1.72,
        "Total Revenue": NaN,
        "Gross Profit": NaN,
        "Operating Income": 260,
        "EBIT": 378,
        "Net Income": 158
    },
    "2018-09-30": {
        "Diluted EPS": 1.84,
        "Total Revenue": NaN,
        "Gross Profit": NaN,
        "Operating Income": 257,
        "EBIT": 369,
        "Net Income": 171
    },
    "2018-06-30": {
        "Diluted EPS": 2.39,
        "Total Revenue": NaN,
        "Gross Profit": NaN,
        "Operating Income": 324,
        "EBIT": 434,
        "Net Income": 226
    },
    "2018-03-31": {
        "Diluted EPS": 2.36,
        "Total Revenue": NaN,
        "Gross Profit": NaN,
        "Operating Income": 334,
        "EBIT": 447,
        "Net Income": 224
    },
    "2017-12-31": {
        "Diluted EPS": 2.31,
        "Total Revenue": NaN,
        "Gross Profit": NaN,
        "Operating Income": 339,
        "EBIT": 452,
        "Net Income": 219
    },
    "2017-09-30": {
        "Diluted EPS": 1.47,
        "Total Revenue": NaN,
        "Gross Profit": NaN,
        "Operating Income": 257,
        "EBIT": 368,
        "Net Income": 141
    },
    "2017-06-30": {
        "Diluted EPS": 1.91,
        "Total Revenue": NaN,
        "Gross Profit": NaN,
        "Operating Income": 330,
        "EBIT": 443,
        "Net Income": 185
    },
    "2017-03-31": {
        "Diluted EPS": 2.12,
        "Total Revenue": NaN,
        "Gross Profit": NaN,
        "Operating Income": 354,
        "EBIT": 465,
        "Net Income": 206
    },
    "2016-12-31": {
        "Diluted EPS": 1.78,
        "Total Revenue": NaN,
        "Gross Profit": NaN,
        "Operating Income": 314,
        "EBIT": 422,
        "Net Income": 174
    },
    "2016-09-30": {
        "Diluted EPS": 1.54,
        "Total Revenue": NaN,
        "Gross Profit": NaN,
        "Operating Income": 278,
        "EBIT": 381,
        "Net Income": 152
    },
    "2016-06-30": {
        "Diluted EPS": 1.89,
        "Total Revenue": NaN,
        "Gross Profit": NaN,
        "Operating Income": 333,
        "EBIT": 435,
        "Net Income": 185
    },
    "2016-03-31": {
        "Diluted EPS": 1.93,
        "Total Revenue": NaN,
        "Gross Profit": NaN,
        "Operating Income": 356,
        "EBIT": 460,
        "Net Income": 191
    },
    "2015-12-31": {
        "Diluted EPS": 1.75,
        "Total Revenue": NaN,
        "Gross Profit": NaN,
        "Operating Income": 322,
        "EBIT": 425,
        "Net Income": 173
    },
    "2015-09-30": {
        "Diluted EPS": 1.48,
        "Total Revenue": NaN,
        "Gross Profit": NaN,
        "Operating Income": 275,
        "EBIT": 375,
        "Net Income": 150
    },
    "2015-06-30": {
        "Diluted EPS": 1.8,
        "Total Revenue": NaN,
        "Gross Profit": NaN,
        "Operating Income": 335,
        "EBIT": 433,
        "Net Income": 182
    },
    "2015-03-31": {
        "Diluted EPS": 1.73,
        "Total Revenue": NaN,
        "Gross Profit": NaN,
        "Operating Income": 327,
        "EBIT": 426,
        "Net Income": 174
    },
    "2014-12-31": {
        "Diluted EPS": 1.71,
        "Total Revenue": NaN,
        "Gross Profit": NaN,
        "Operating Income": 322,
        "EBIT": 420,
        "Net Income": 173
    },
    "2014-09-30": {
        "Diluted EPS": 0.82,
        "Total Revenue": NaN,
        "Gross Profit": NaN,
        "Operating Income": 177,
        "EBIT": 270,
        "Net Income": 83
    },
    "2014-06-30": {
        "Diluted EPS": 1.51,
        "Total Revenue": NaN,
        "Gross Profit": NaN,
        "Operating Income": 293,
        "EBIT": 384,
        "Net Income": 152
    },
    "2014-03-31": {
        "Diluted EPS": 1.38,
        "Total Revenue": NaN,
        "Gross Profit": NaN,
        "Operating Income": 271,
        "EBIT": 364,
        "Net Income": 138
    },
    "2013-12-31": {
        "Diluted EPS": 1.25,
        "Total Revenue": NaN,
        "Gross Profit": NaN,
        "Operating Income": 243,
        "EBIT": 331,
        "Net Income": 125
    },
    "2013-09-30": {
        "Diluted EPS": 1.15,
        "Total Revenue": NaN,
        "Gross Profit": NaN,
        "Operating Income": 225,
        "EBIT": 312,
        "Net Income": 115
    },
    "2013-06-30": {
        "Diluted EPS": 1.53,
        "Total Revenue": NaN,
        "Gross Profit": NaN,
        "Operating Income": 304,
        "EBIT": 386,
        "Net Income": 152
    },
    "2013-03-31": {
        "Diluted EPS": 1.21,
        "Total Revenue": NaN,
        "Gross Profit": NaN,
        "Operating Income": 244,
        "EBIT": 324,
        "Net Income": 120
    },
    "2012-12-31": {
        "Diluted EPS": 1.39,
        "Total Revenue": NaN,
        "Gross Profit": NaN,
        "Operating Income": 275,
        "EBIT": 356,
        "Net Income": 135
    },
    "2012-09-30": {
        "Diluted EPS": 0.73,
        "Total Revenue": NaN,
        "Gross Profit": NaN,
        "Operating Income": 169,
        "EBIT": 248,
        "Net Income": 72
    },
    "2012-06-30": {
        "Diluted EPS": 1.1,
        "Total Revenue": NaN,
        "Gross Profit": NaN,
        "Operating Income": 230,
        "EBIT": 305,
        "Net Income": 108
    },
    "2012-03-31": {
        "Diluted EPS": 1.31,
        "Total Revenue": NaN,
        "Gross Profit": NaN,
        "Operating Income": 269,
        "EBIT": 343,
        "Net Income": 129
    },
    "2011-12-31": {
        "Diluted EPS": 0.99,
        "Total Revenue": NaN,
        "Gross Profit": NaN,
        "Operating Income": 209,
        "EBIT": 285,
        "Net Income": 96
    },
    "2011-09-30": {
        "Diluted EPS": 0.86,
        "Total Revenue": NaN,
        "Gross Profit": NaN,
        "Operating Income": 196,
        "EBIT": 271,
        "Net Income": 85
    },
    "2011-06-30": {
        "Diluted EPS": 1.04,
        "Total Revenue": NaN,
        "Gross Profit": NaN,
        "Operating Income": 232,
        "EBIT": 306,
        "Net Income": 104
    },
    "2011-03-31": {
        "Diluted EPS": 1.15,
        "Total Revenue": NaN,
        "Gross Profit": NaN,
        "Operating Income": 260,
        "EBIT": 332,
        "Net Income": 114
    },
    "2010-12-31": {
        "Diluted EPS": 0.37,
        "Total Revenue": 891,
        "Gross Profit": 718,
        "Operating Income": 131,
        "EBIT": 192,
        "Net Income": 37
    },
    "2010-09-30": {
        "Diluted EPS": 0.57,
        "Total Revenue": NaN,
        "Gross Profit": NaN,
        "Operating Income": 105,
        "EBIT": 160,
        "Net Income": 56
    },
    "2010-06-30": {
        "Diluted EPS": 0.67,
        "Total Revenue": NaN,
        "Gross Profit": NaN,
        "Operating Income": 130,
        "EBIT": 184,
        "Net Income": 66
    },
    "2010-03-31": {
        "Diluted EPS": 0.73,
        "Total Revenue": NaN,
        "Gross Profit": NaN,
        "Operating Income": 141,
        "EBIT": 194,
        "Net Income": 72
    },
    "2009-12-31": {
        "Diluted EPS": 0.62,
        "Total Revenue": NaN,
        "Gross Profit": NaN,
        "Operating Income": 119,
        "EBIT": 170,
        "Net Income": 60
    },
    "2009-09-30": {
        "Diluted EPS": 0.52,
        "Total Revenue": NaN,
        "Gross Profit": NaN,
        "Operating Income": 102,
        "EBIT": 153,
        "Net Income": 51
    },
    "2009-06-30": {
        "Diluted EPS": 0.82,
        "Total Revenue": NaN,
        "Gross Profit": NaN,
        "Operating Income": 163,
        "EBIT": 214,
        "Net Income": 81
    },
    "2009-03-31": {
        "Diluted EPS": 0.68,
        "Total Revenue": NaN,
        "Gross Profit": NaN,
        "Operating Income": 137,
        "EBIT": 188,
        "Net Income": 68
    },
    "2023-09-30": {
        "Tax Effect Of Unusual Items": 0.0,
        "Tax Rate For Calcs": 0.238,
        "Normalized EBITDA": 409926000.0,
        "Net Income From Continuing Operation Net Minority Interest": 166989000.0,
        "Reconciled Depreciation": 137195000.0,
        "Reconciled Cost Of Revenue": 378667000.0,
        "EBITDA": 409926000.0,
        "EBIT": 272731000.0,
        "Net Interest Income": -53378000.0,
        "Interest Expense": 52224000.0,
        "Interest Income": 106000.0,
        "Normalized Income": 166989000.0,
        "Net Income From Continuing And Discontinued Operation": 166989000.0,
        "Total Expenses": 3277417000.0,
        "Rent Expense Supplemental": 35466000.0,
        "Total Operating Income As Reported": 285357000.0,
        "Diluted Average Shares": 69624000.0,
        "Basic Average Shares": 68867000.0,
        "Diluted EPS": 2.4,
        "Basic EPS": 2.42,
        "Diluted NI Availto Com Stockholders": 166937000.0,
        "Net Income Common Stockholders": 166937000.0,
        "Otherunder Preferred Stock Dividend": 52000.0,
        "Net Income": 166989000.0,
        "Minority Interests": -1019000.0,
        "Net Income Including Noncontrolling Interests": 168008000.0,
        "Net Income Continuous Operations": 168008000.0,
        "Tax Provision": 52499000.0,
        "Pretax Income": 220507000.0,
        "Other Income Expense": -11472000.0,
        "Other Non Operating Income Expenses": -11472000.0,
        "Net Non Operating Interest Income Expense": -53378000.0,
        "Total Other Finance Cost": 1260000.0,
        "Interest Expense Non Operating": 52224000.0,
        "Interest Income Non Operating": 106000.0,
        "Operating Income": 285357000.0,
        "Operating Expense": 2898750000.0,
        "Other Operating Expenses": 941219000.0,
        "Depreciation Amortization Depletion Income Statement": 137195000.0,
        "Depreciation And Amortization In Income Statement": 137195000.0,
        "Selling General And Administration": 1820336000.0,
        "General And Administrative Expense": 1820336000.0,
        "Rent And Landing Fees": 35466000.0,
        "Salaries And Wages": 1784870000.0,
        "Gross Profit": 3184107000.0,
        "Cost Of Revenue": 378667000.0,
        "Total Revenue": 3562774000.0,
        "Operating Revenue": 3562774000.0
    },
    "2023-12-31": {
        "Tax Effect Of Unusual Items": 0.0,
        "Tax Rate For Calcs": 0.218769,
        "Normalized EBITDA": 479049000.0,
        "Net Income From Continuing Operation Net Minority Interest": 216378000.0,
        "Reconciled Depreciation": 145481000.0,
        "Reconciled Cost Of Revenue": 393878000.0,
        "EBITDA": 479049000.0,
        "EBIT": 333568000.0,
        "Net Interest Income": -53589000.0,
        "Interest Expense": 52445000.0,
        "Interest Income": 114000.0,
        "Normalized Income": 216378000.0,
        "Net Income From Continuing And Discontinued Operation": 216378000.0,
        "Total Expenses": 3372350000.0,
        "Rent Expense Supplemental": 35251000.0,
        "Total Operating Income As Reported": 331196000.0,
        "Diluted Average Shares": NaN,
        "Basic Average Shares": NaN,
        "Diluted EPS": NaN,
        "Basic EPS": NaN,
        "Diluted NI Availto Com Stockholders": 216312000.0,
        "Net Income Common Stockholders": 216312000.0,
        "Otherunder Preferred Stock Dividend": 66000.0,
        "Net Income": 216378000.0,
        "Minority Interests": -3244000.0,
        "Net Income Including Noncontrolling Interests": 219622000.0,
        "Net Income Continuous Operations": 219622000.0,
        "Tax Provision": 61501000.0,
        "Pretax Income": 281123000.0,
        "Other Income Expense": 3516000.0,
        "Other Non Operating Income Expenses": 3516000.0,
        "Net Non Operating Interest Income Expense": -53589000.0,
        "Total Other Finance Cost": 1258000.0,
        "Interest Expense Non Operating": 52445000.0,
        "Interest Income Non Operating": 114000.0,
        "Operating Income": 331196000.0,
        "Operating Expense": 2978472000.0,
        "Other Operating Expenses": 998732000.0,
        "Depreciation Amortization Depletion Income Statement": 145481000.0,
        "Depreciation And Amortization In Income Statement": 145481000.0,
        "Selling General And Administration": 1834259000.0,
        "General And Administrative Expense": 1834259000.0,
        "Rent And Landing Fees": 35251000.0,
        "Salaries And Wages": 1799008000.0,
        "Gross Profit": 3309668000.0,
        "Cost Of Revenue": 393878000.0,
        "Total Revenue": 3703546000.0,
        "Operating Revenue": 3703546000.0
    },
    "2024-03-31": {
        "Tax Effect Of Unusual Items": 0.0,
        "Tax Rate For Calcs": 0.209,
        "Normalized EBITDA": 528974000.0,
        "Net Income From Continuing Operation Net Minority Interest": 261834000.0,
        "Reconciled Depreciation": 141003000.0,
        "Reconciled Cost Of Revenue": 403573000.0,
        "EBITDA": 528974000.0,
        "EBIT": 387971000.0,
        "Net Interest Income": -52826000.0,
        "Interest Expense": 51885000.0,
        "Interest Income": 315000.0,
        "Normalized Income": 261834000.0,
        "Net Income From Continuing And Discontinued Operation": 261834000.0,
        "Total Expenses": 3454820000.0,
        "Rent Expense Supplemental": 35450000.0,
        "Total Operating Income As Reported": 388762000.0,
        "Diluted Average Shares": 68482000.0,
        "Basic Average Shares": 67204000.0,
        "Diluted EPS": 3.82,
        "Basic EPS": 3.9,
        "Diluted NI Availto Com Stockholders": 261789000.0,
        "Net Income Common Stockholders": 261789000.0,
        "Otherunder Preferred Stock Dividend": 45000.0,
        "Net Income": 261834000.0,
        "Minority Interests": -3988000.0,
        "Net Income Including Noncontrolling Interests": 265822000.0,
        "Net Income Continuous Operations": 265822000.0,
        "Tax Provision": 70264000.0,
        "Pretax Income": 336086000.0,
        "Other Income Expense": 150000.0,
        "Other Non Operating Income Expenses": 150000.0,
        "Net Non Operating Interest Income Expense": -52826000.0,
        "Total Other Finance Cost": 1256000.0,
        "Interest Expense Non Operating": 51885000.0,
        "Interest Income Non Operating": 315000.0,
        "Operating Income": 388762000.0,
        "Operating Expense": 3051247000.0,
        "Other Operating Expenses": 1032170000.0,
        "Depreciation Amortization Depletion Income Statement": 141003000.0,
        "Depreciation And Amortization In Income Statement": 141003000.0,
        "Selling General And Administration": 1878074000.0,
        "General And Administrative Expense": 1878074000.0,
        "Rent And Landing Fees": 35450000.0,
        "Salaries And Wages": 1842624000.0,
        "Gross Profit": 3440009000.0,
        "Cost Of Revenue": 403573000.0,
        "Total Revenue": 3843582000.0,
        "Operating Revenue": 3843582000.0
    }
}