{
    "2023-06-30": {
        "Tax Effect Of Unusual Items": 0.0,
        "Tax Rate For Calcs": 0.0,
        "Normalized EBITDA": -5918000.0,
        "Total Unusual Items": 12947000.0,
        "Total Unusual Items Excluding Goodwill": 12947000.0,
        "Net Income From Continuing Operation Net Minority Interest": -6420000.0,
        "Reconciled Depreciation": 230000.0,
        "Reconciled Cost Of Revenue": 34549000.0,
        "EBITDA": 7029000.0,
        "EBIT": 6799000.0,
        "Net Interest Income": -13219000.0,
        "Interest Expense": 13219000.0,
        "Interest Income": 0.0,
        "Normalized Income": -19367000.0,
        "Net Income From Continuing And Discontinued Operation": -6420000.0,
        "Total Expenses": 50125000.0,
        "Total Operating Income As Reported": -6148000.0,
        "Diluted Average Shares": 154786.0,
        "Basic Average Shares": 154786.0,
        "Diluted EPS": -41.48,
        "Basic EPS": -41.48,
        "Diluted NI Availto Com Stockholders": -6420000.0,
        "Net Income Common Stockholders": -6420000.0,
        "Net Income": -6420000.0,
        "Net Income Including Noncontrolling Interests": -6420000.0,
        "Net Income Continuous Operations": -6420000.0,
        "Tax Provision": 0.0,
        "Pretax Income": -6420000.0,
        "Other Income Expense": 12947000.0,
        "Other Non Operating Income Expenses": -1047000.0,
        "Special Income Charges": 4913000.0,
        "Other Special Charges": -4913000.0,
        "Restructuring And Mergern Acquisition": 0.0,
        "Gain On Sale Of Security": 8034000.0,
        "Net Non Operating Interest Income Expense": -13219000.0,
        "Interest Expense Non Operating": 13219000.0,
        "Interest Income Non Operating": 0.0,
        "Operating Income": -6148000.0,
        "Operating Expense": 15408000.0,
        "Other Operating Expenses": 6046000.0,
        "Depreciation Amortization Depletion Income Statement": 62000.0,
        "Depreciation And Amortization In Income Statement": 62000.0,
        "Research And Development": 3668000.0,
        "Selling General And Administration": 5632000.0,
        "Selling And Marketing Expense": 875000.0,
        "General And Administrative Expense": 4757000.0,
        "Other Gand A": 4757000.0,
        "Gross Profit": 9260000.0,
        "Cost Of Revenue": 34717000.0,
        "Total Revenue": 43977000.0,
        "Operating Revenue": 43977000.0
    },
    "2023-03-31": {
        "Tax Effect Of Unusual Items": NaN,
        "Tax Rate For Calcs": NaN,
        "Normalized EBITDA": NaN,
        "Total Unusual Items": NaN,
        "Total Unusual Items Excluding Goodwill": NaN,
        "Net Income From Continuing Operation Net Minority Interest": NaN,
        "Reconciled Depreciation": NaN,
        "Reconciled Cost Of Revenue": NaN,
        "EBITDA": NaN,
        "EBIT": NaN,
        "Net Interest Income": NaN,
        "Interest Expense": NaN,
        "Interest Income": NaN,
        "Normalized Income": NaN,
        "Net Income From Continuing And Discontinued Operation": NaN,
        "Total Expenses": NaN,
        "Total Operating Income As Reported": NaN,
        "Diluted Average Shares": NaN,
        "Basic Average Shares": NaN,
        "Diluted EPS": NaN,
        "Basic EPS": NaN,
        "Diluted NI Availto Com Stockholders": NaN,
        "Net Income Common Stockholders": NaN,
        "Net Income": NaN,
        "Net Income Including Noncontrolling Interests": NaN,
        "Net Income Continuous Operations": NaN,
        "Tax Provision": NaN,
        "Pretax Income": NaN,
        "Other Income Expense": NaN,
        "Other Non Operating Income Expenses": -11000.0,
        "Special Income Charges": NaN,
        "Other Special Charges": NaN,
        "Restructuring And Mergern Acquisition": 0.0,
        "Gain On Sale Of Security": 3522000.0,
        "Net Non Operating Interest Income Expense": NaN,
        "Interest Expense Non Operating": NaN,
        "Interest Income Non Operating": NaN,
        "Operating Income": NaN,
        "Operating Expense": NaN,
        "Other Operating Expenses": NaN,
        "Depreciation Amortization Depletion Income Statement": NaN,
        "Depreciation And Amortization In Income Statement": NaN,
        "Research And Development": NaN,
        "Selling General And Administration": NaN,
        "Selling And Marketing Expense": NaN,
        "General And Administrative Expense": NaN,
        "Other Gand A": NaN,
        "Gross Profit": NaN,
        "Cost Of Revenue": NaN,
        "Total Revenue": NaN,
        "Operating Revenue": NaN
    },
    "2023-09-30": {
        "Tax Effect Of Unusual Items": 0.0,
        "Tax Rate For Calcs": 0.0,
        "Normalized EBITDA": -5613000.0,
        "Total Unusual Items": -7566000.0,
        "Total Unusual Items Excluding Goodwill": -7566000.0,
        "Net Income From Continuing Operation Net Minority Interest": -28852000.0,
        "Reconciled Depreciation": 235000.0,
        "Reconciled Cost Of Revenue": 36698000.0,
        "EBITDA": -13179000.0,
        "EBIT": -13414000.0,
        "Net Interest Income": -15438000.0,
        "Interest Expense": 15438000.0,
        "Interest Income": 0.0,
        "Normalized Income": -21286000.0,
        "Net Income From Continuing And Discontinued Operation": -28852000.0,
        "Total Expenses": 51895000.0,
        "Total Operating Income As Reported": -5848000.0,
        "Diluted Average Shares": 12458038.0,
        "Basic Average Shares": 12458038.0,
        "Diluted EPS": -2.315934,
        "Basic EPS": -2.315934,
        "Diluted NI Availto Com Stockholders": -28852000.0,
        "Net Income Common Stockholders": -28852000.0,
        "Net Income": -28852000.0,
        "Net Income Including Noncontrolling Interests": -28852000.0,
        "Net Income Continuous Operations": -28852000.0,
        "Tax Provision": 0.0,
        "Pretax Income": -28852000.0,
        "Other Income Expense": -7566000.0,
        "Other Non Operating Income Expenses": NaN,
        "Special Income Charges": 0.0,
        "Other Special Charges": NaN,
        "Restructuring And Mergern Acquisition": NaN,
        "Gain On Sale Of Security": -7566000.0,
        "Net Non Operating Interest Income Expense": -15438000.0,
        "Interest Expense Non Operating": 15438000.0,
        "Interest Income Non Operating": 0.0,
        "Operating Income": -5848000.0,
        "Operating Expense": 15026000.0,
        "Other Operating Expenses": 5418000.0,
        "Depreciation Amortization Depletion Income Statement": 64000.0,
        "Depreciation And Amortization In Income Statement": 64000.0,
        "Research And Development": 3667000.0,
        "Selling General And Administration": 5877000.0,
        "Selling And Marketing Expense": 899000.0,
        "General And Administrative Expense": 4978000.0,
        "Other Gand A": 4978000.0,
        "Gross Profit": 9178000.0,
        "Cost Of Revenue": 36869000.0,
        "Total Revenue": 46047000.0,
        "Operating Revenue": 46047000.0
    },
    "2022-12-31": {
        "Tax Effect Of Unusual Items": NaN,
        "Tax Rate For Calcs": NaN,
        "Normalized EBITDA": NaN,
        "Total Unusual Items": NaN,
        "Total Unusual Items Excluding Goodwill": NaN,
        "Net Income From Continuing Operation Net Minority Interest": NaN,
        "Reconciled Depreciation": NaN,
        "Reconciled Cost Of Revenue": NaN,
        "EBITDA": NaN,
        "EBIT": NaN,
        "Net Interest Income": NaN,
        "Interest Expense": NaN,
        "Interest Income": NaN,
        "Normalized Income": NaN,
        "Net Income From Continuing And Discontinued Operation": NaN,
        "Total Expenses": NaN,
        "Total Operating Income As Reported": NaN,
        "Diluted Average Shares": NaN,
        "Basic Average Shares": NaN,
        "Diluted EPS": NaN,
        "Basic EPS": NaN,
        "Diluted NI Availto Com Stockholders": NaN,
        "Net Income Common Stockholders": NaN,
        "Net Income": NaN,
        "Net Income Including Noncontrolling Interests": NaN,
        "Net Income Continuous Operations": NaN,
        "Tax Provision": NaN,
        "Pretax Income": NaN,
        "Other Income Expense": NaN,
        "Other Non Operating Income Expenses": -47000.0,
        "Special Income Charges": NaN,
        "Other Special Charges": NaN,
        "Restructuring And Mergern Acquisition": NaN,
        "Gain On Sale Of Security": NaN,
        "Net Non Operating Interest Income Expense": NaN,
        "Interest Expense Non Operating": NaN,
        "Interest Income Non Operating": NaN,
        "Operating Income": NaN,
        "Operating Expense": NaN,
        "Other Operating Expenses": NaN,
        "Depreciation Amortization Depletion Income Statement": NaN,
        "Depreciation And Amortization In Income Statement": NaN,
        "Research And Development": NaN,
        "Selling General And Administration": NaN,
        "Selling And Marketing Expense": NaN,
        "General And Administrative Expense": NaN,
        "Other Gand A": NaN,
        "Gross Profit": NaN,
        "Cost Of Revenue": NaN,
        "Total Revenue": NaN,
        "Operating Revenue": NaN
    },
    "2022-09-30": {
        "Tax Effect Of Unusual Items": NaN,
        "Tax Rate For Calcs": NaN,
        "Normalized EBITDA": NaN,
        "Total Unusual Items": NaN,
        "Total Unusual Items Excluding Goodwill": NaN,
        "Net Income From Continuing Operation Net Minority Interest": NaN,
        "Reconciled Depreciation": NaN,
        "Reconciled Cost Of Revenue": NaN,
        "EBITDA": NaN,
        "EBIT": NaN,
        "Net Interest Income": NaN,
        "Interest Expense": NaN,
        "Interest Income": NaN,
        "Normalized Income": NaN,
        "Net Income From Continuing And Discontinued Operation": NaN,
        "Total Expenses": NaN,
        "Total Operating Income As Reported": NaN,
        "Diluted Average Shares": NaN,
        "Basic Average Shares": NaN,
        "Diluted EPS": NaN,
        "Basic EPS": NaN,
        "Diluted NI Availto Com Stockholders": NaN,
        "Net Income Common Stockholders": NaN,
        "Net Income": NaN,
        "Net Income Including Noncontrolling Interests": NaN,
        "Net Income Continuous Operations": NaN,
        "Tax Provision": NaN,
        "Pretax Income": NaN,
        "Other Income Expense": NaN,
        "Other Non Operating Income Expenses": -736000.0,
        "Special Income Charges": NaN,
        "Other Special Charges": NaN,
        "Restructuring And Mergern Acquisition": NaN,
        "Gain On Sale Of Security": NaN,
        "Net Non Operating Interest Income Expense": NaN,
        "Interest Expense Non Operating": NaN,
        "Interest Income Non Operating": NaN,
        "Operating Income": NaN,
        "Operating Expense": NaN,
        "Other Operating Expenses": NaN,
        "Depreciation Amortization Depletion Income Statement": NaN,
        "Depreciation And Amortization In Income Statement": NaN,
        "Research And Development": NaN,
        "Selling General And Administration": NaN,
        "Selling And Marketing Expense": NaN,
        "General And Administrative Expense": NaN,
        "Other Gand A": NaN,
        "Gross Profit": NaN,
        "Cost Of Revenue": NaN,
        "Total Revenue": NaN,
        "Operating Revenue": NaN
    },
    "2023-12-31": {
        "Tax Effect Of Unusual Items": 32779320.0,
        "Tax Rate For Calcs": 0.21,
        "Normalized EBITDA": -22337000.0,
        "Total Unusual Items": 156092000.0,
        "Total Unusual Items Excluding Goodwill": 156092000.0,
        "Net Income From Continuing Operation Net Minority Interest": 127749000.0,
        "Reconciled Depreciation": 954000.0,
        "Reconciled Cost Of Revenue": 34705000.0,
        "EBITDA": 133755000.0,
        "EBIT": 132801000.0,
        "Net Interest Income": -6683000.0,
        "Interest Expense": 7192000.0,
        "Interest Income": 509000.0,
        "Normalized Income": 4436320.0,
        "Net Income From Continuing And Discontinued Operation": 127749000.0,
        "Total Expenses": 68851000.0,
        "Total Operating Income As Reported": -23800000.0,
        "Diluted Average Shares": 10690293.0,
        "Basic Average Shares": 10531657.0,
        "Diluted EPS": 11.95,
        "Basic EPS": 12.13,
        "Diluted NI Availto Com Stockholders": 127749000.0,
        "Net Income Common Stockholders": 127749000.0,
        "Net Income": 127749000.0,
        "Net Income Including Noncontrolling Interests": 127749000.0,
        "Net Income Continuous Operations": 127749000.0,
        "Tax Provision": -2140000.0,
        "Pretax Income": 125609000.0,
        "Other Income Expense": 156092000.0,
        "Other Non Operating Income Expenses": NaN,
        "Special Income Charges": 117059000.0,
        "Other Special Charges": -42034000.0,
        "Restructuring And Mergern Acquisition": NaN,
        "Gain On Sale Of Security": 39033000.0,
        "Net Non Operating Interest Income Expense": -6683000.0,
        "Interest Expense Non Operating": 7192000.0,
        "Interest Income Non Operating": 509000.0,
        "Operating Income": -23800000.0,
        "Operating Expense": 33984000.0,
        "Other Operating Expenses": 5690000.0,
        "Depreciation Amortization Depletion Income Statement": 792000.0,
        "Depreciation And Amortization In Income Statement": 792000.0,
        "Research And Development": 5830000.0,
        "Selling General And Administration": 21672000.0,
        "Selling And Marketing Expense": 2219000.0,
        "General And Administrative Expense": 19453000.0,
        "Other Gand A": 19453000.0,
        "Gross Profit": 10184000.0,
        "Cost Of Revenue": 34867000.0,
        "Total Revenue": 45051000.0,
        "Operating Revenue": 45051000.0
    },
    "2024-03-31": {
        "Tax Effect Of Unusual Items": -122640.0,
        "Tax Rate For Calcs": 0.21,
        "Normalized EBITDA": -6968000.0,
        "Total Unusual Items": -584000.0,
        "Total Unusual Items Excluding Goodwill": -584000.0,
        "Net Income From Continuing Operation Net Minority Interest": -13015000.0,
        "Reconciled Depreciation": 1272000.0,
        "Reconciled Cost Of Revenue": 30571000.0,
        "EBITDA": -7552000.0,
        "EBIT": -8824000.0,
        "Net Interest Income": -3789000.0,
        "Interest Expense": 4152000.0,
        "Interest Income": 363000.0,
        "Normalized Income": -12553640.0,
        "Net Income From Continuing And Discontinued Operation": -13015000.0,
        "Total Expenses": 48440000.0,
        "Total Operating Income As Reported": -8348000.0,
        "Diluted Average Shares": 13359317.0,
        "Basic Average Shares": 13359317.0,
        "Diluted EPS": -0.97,
        "Basic EPS": -0.97,
        "Diluted NI Availto Com Stockholders": -13015000.0,
        "Net Income Common Stockholders": -13015000.0,
        "Net Income": -13015000.0,
        "Net Income Including Noncontrolling Interests": -13015000.0,
        "Net Income Continuous Operations": -13015000.0,
        "Tax Provision": 39000.0,
        "Pretax Income": -12976000.0,
        "Other Income Expense": -839000.0,
        "Other Non Operating Income Expenses": -255000.0,
        "Special Income Charges": -584000.0,
        "Other Special Charges": 1405000.0,
        "Restructuring And Mergern Acquisition": -821000.0,
        "Gain On Sale Of Security": NaN,
        "Net Non Operating Interest Income Expense": -3789000.0,
        "Interest Expense Non Operating": 4152000.0,
        "Interest Income Non Operating": 363000.0,
        "Operating Income": -8348000.0,
        "Operating Expense": 17699000.0,
        "Other Operating Expenses": 4321000.0,
        "Depreciation Amortization Depletion Income Statement": 1102000.0,
        "Depreciation And Amortization In Income Statement": 1102000.0,
        "Research And Development": 4243000.0,
        "Selling General And Administration": 8033000.0,
        "Selling And Marketing Expense": 2019000.0,
        "General And Administrative Expense": 6014000.0,
        "Other Gand A": 6014000.0,
        "Gross Profit": 9351000.0,
        "Cost Of Revenue": 30741000.0,
        "Total Revenue": 40092000.0,
        "Operating Revenue": 40092000.0
    },
    "2024-06-30": {
        "Tax Effect Of Unusual Items": 26880.0,
        "Tax Rate For Calcs": 0.21,
        "Normalized EBITDA": -6751000.0,
        "Total Unusual Items": 128000.0,
        "Total Unusual Items Excluding Goodwill": 128000.0,
        "Net Income From Continuing Operation Net Minority Interest": -11667000.0,
        "Reconciled Depreciation": 1253000.0,
        "Reconciled Cost Of Revenue": 27058000.0,
        "EBITDA": -6623000.0,
        "EBIT": -7876000.0,
        "Net Interest Income": -3345000.0,
        "Interest Expense": 3681000.0,
        "Interest Income": 336000.0,
        "Normalized Income": -11768120.0,
        "Net Income From Continuing And Discontinued Operation": -11667000.0,
        "Total Expenses": 42877000.0,
        "Total Operating Income As Reported": -8340000.0,
        "Diluted Average Shares": 13421520.0,
        "Basic Average Shares": 13421520.0,
        "Diluted EPS": -0.87,
        "Basic EPS": -0.87,
        "Diluted NI Availto Com Stockholders": -11667000.0,
        "Net Income Common Stockholders": -11667000.0,
        "Net Income": -11667000.0,
        "Net Income Including Noncontrolling Interests": -11667000.0,
        "Net Income Continuous Operations": -11667000.0,
        "Tax Provision": 110000.0,
        "Pretax Income": -11557000.0,
        "Other Income Expense": 128000.0,
        "Other Non Operating Income Expenses": NaN,
        "Special Income Charges": 102000.0,
        "Other Special Charges": NaN,
        "Restructuring And Mergern Acquisition": -102000.0,
        "Gain On Sale Of Security": 26000.0,
        "Net Non Operating Interest Income Expense": -3345000.0,
        "Interest Expense Non Operating": 3681000.0,
        "Interest Income Non Operating": 336000.0,
        "Operating Income": -8340000.0,
        "Operating Expense": 15670000.0,
        "Other Operating Expenses": 3572000.0,
        "Depreciation Amortization Depletion Income Statement": 1104000.0,
        "Depreciation And Amortization In Income Statement": 1104000.0,
        "Research And Development": 3797000.0,
        "Selling General And Administration": 7197000.0,
        "Selling And Marketing Expense": 1616000.0,
        "General And Administrative Expense": 5581000.0,
        "Other Gand A": 5581000.0,
        "Gross Profit": 7330000.0,
        "Cost Of Revenue": 27207000.0,
        "Total Revenue": 34537000.0,
        "Operating Revenue": 34537000.0
    }
}