{
    "2023-03-31": {
        "Tax Effect Of Unusual Items": 83787224.287424,
        "Tax Rate For Calcs": 0.143446,
        "Normalized EBITDA": 28768672000.0,
        "Total Unusual Items": 584102000.0,
        "Total Unusual Items Excluding Goodwill": 584102000.0,
        "Net Income From Continuing Operation Net Minority Interest": 16183002000.0,
        "Reconciled Depreciation": 9902789000.0,
        "Reconciled Cost Of Revenue": 34985007000.0,
        "EBITDA": 29352774000.0,
        "EBIT": 19449985000.0,
        "Net Interest Income": 882469000.0,
        "Interest Expense": 321534000.0,
        "Interest Income": 1229719000.0,
        "Normalized Income": 15682687224.287424,
        "Net Income From Continuing And Discontinued Operation": 16183002000.0,
        "Total Expenses": 39876759000.0,
        "Total Operating Income As Reported": 14480698000.0,
        "Diluted Average Shares": 2519447200.0,
        "Basic Average Shares": 2469776000.0,
        "Diluted EPS": 6.4,
        "Basic EPS": 6.55,
        "Diluted NI Availto Com Stockholders": 16183002000.0,
        "Net Income Common Stockholders": 16183002000.0,
        "Net Income": 16183002000.0,
        "Minority Interests": -201545000.0,
        "Net Income Including Noncontrolling Interests": 16384547000.0,
        "Net Income Continuous Operations": 16384547000.0,
        "Tax Provision": 2743904000.0,
        "Pretax Income": 19128451000.0,
        "Other Income Expense": 3913294000.0,
        "Other Non Operating Income Expenses": 81138000.0,
        "Special Income Charges": 117154000.0,
        "Gain On Sale Of Ppe": 59020000.0,
        "Gain On Sale Of Business": 19548000.0,
        "Write Off": -38586000.0,
        "Restructuring And Mergern Acquisition": NaN,
        "Earnings From Equity Interest": 3248054000.0,
        "Gain On Sale Of Security": 466948000.0,
        "Net Non Operating Interest Income Expense": 882469000.0,
        "Total Other Finance Cost": 25716000.0,
        "Interest Expense Non Operating": 321534000.0,
        "Interest Income Non Operating": 1229719000.0,
        "Operating Income": 14332688000.0,
        "Operating Expense": 4891752000.0,
        "Other Operating Expenses": -927366000.0,
        "Research And Development": 2766607000.0,
        "Selling General And Administration": 3052511000.0,
        "Selling And Marketing Expense": 950313000.0,
        "General And Administrative Expense": 2102198000.0,
        "Other Gand A": 2102198000.0,
        "Gross Profit": 19224440000.0,
        "Cost Of Revenue": 34985007000.0,
        "Total Revenue": 54209447000.0,
        "Operating Revenue": 54209447000.0
    },
    "2022-12-31": {
        "Tax Effect Of Unusual Items": -312104627.951873,
        "Tax Rate For Calcs": 0.237189,
        "Normalized EBITDA": 40264198000.0,
        "Total Unusual Items": -1315849000.0,
        "Total Unusual Items Excluding Goodwill": -1315849000.0,
        "Net Income From Continuing Operation Net Minority Interest": 21348270000.0,
        "Reconciled Depreciation": 10477404000.0,
        "Reconciled Cost Of Revenue": 38711776000.0,
        "EBITDA": 38948349000.0,
        "EBIT": 28470945000.0,
        "Net Interest Income": 567644000.0,
        "Interest Expense": 416381000.0,
        "Interest Income": 1000175000.0,
        "Normalized Income": 22352014372.048126,
        "Net Income From Continuing And Discontinued Operation": 21348270000.0,
        "Total Expenses": 44292255000.0,
        "Total Operating Income As Reported": 23636775000.0,
        "Diluted Average Shares": NaN,
        "Basic Average Shares": NaN,
        "Diluted EPS": NaN,
        "Basic EPS": NaN,
        "Diluted NI Availto Com Stockholders": 21348270000.0,
        "Net Income Common Stockholders": 21348270000.0,
        "Net Income": 21348270000.0,
        "Minority Interests": -52066000.0,
        "Net Income Including Noncontrolling Interests": 21400336000.0,
        "Net Income Continuous Operations": 21400336000.0,
        "Tax Provision": 6654228000.0,
        "Pretax Income": 28054564000.0,
        "Other Income Expense": 3943460000.0,
        "Other Non Operating Income Expenses": 76154000.0,
        "Special Income Charges": 41508000.0,
        "Gain On Sale Of Ppe": 41843000.0,
        "Gain On Sale Of Business": NaN,
        "Write Off": 335000.0,
        "Restructuring And Mergern Acquisition": NaN,
        "Earnings From Equity Interest": 5183155000.0,
        "Gain On Sale Of Security": -1357357000.0,
        "Net Non Operating Interest Income Expense": 567644000.0,
        "Total Other Finance Cost": 16150000.0,
        "Interest Expense Non Operating": 416381000.0,
        "Interest Income Non Operating": 1000175000.0,
        "Operating Income": 23543460000.0,
        "Operating Expense": 5580479000.0,
        "Other Operating Expenses": -1217397000.0,
        "Research And Development": 3406765000.0,
        "Selling General And Administration": 3391111000.0,
        "Selling And Marketing Expense": 952700000.0,
        "General And Administrative Expense": 2438411000.0,
        "Other Gand A": 2438411000.0,
        "Gross Profit": 29123939000.0,
        "Cost Of Revenue": 38711776000.0,
        "Total Revenue": 67835715000.0,
        "Operating Revenue": 63236113000.0
    },
    "2022-09-30": {
        "Tax Effect Of Unusual Items": NaN,
        "Tax Rate For Calcs": NaN,
        "Normalized EBITDA": NaN,
        "Total Unusual Items": NaN,
        "Total Unusual Items Excluding Goodwill": NaN,
        "Net Income From Continuing Operation Net Minority Interest": NaN,
        "Reconciled Depreciation": NaN,
        "Reconciled Cost Of Revenue": NaN,
        "EBITDA": NaN,
        "EBIT": NaN,
        "Net Interest Income": NaN,
        "Interest Expense": NaN,
        "Interest Income": NaN,
        "Normalized Income": NaN,
        "Net Income From Continuing And Discontinued Operation": NaN,
        "Total Expenses": NaN,
        "Total Operating Income As Reported": NaN,
        "Diluted Average Shares": 2527132400.0,
        "Basic Average Shares": 2461103400.0,
        "Diluted EPS": 10.7,
        "Basic EPS": 10.95,
        "Diluted NI Availto Com Stockholders": NaN,
        "Net Income Common Stockholders": NaN,
        "Net Income": NaN,
        "Minority Interests": NaN,
        "Net Income Including Noncontrolling Interests": NaN,
        "Net Income Continuous Operations": NaN,
        "Tax Provision": NaN,
        "Pretax Income": NaN,
        "Other Income Expense": NaN,
        "Other Non Operating Income Expenses": NaN,
        "Special Income Charges": NaN,
        "Gain On Sale Of Ppe": NaN,
        "Gain On Sale Of Business": 0.0,
        "Write Off": NaN,
        "Restructuring And Mergern Acquisition": 0.0,
        "Earnings From Equity Interest": NaN,
        "Gain On Sale Of Security": NaN,
        "Net Non Operating Interest Income Expense": NaN,
        "Total Other Finance Cost": NaN,
        "Interest Expense Non Operating": NaN,
        "Interest Income Non Operating": NaN,
        "Operating Income": NaN,
        "Operating Expense": NaN,
        "Other Operating Expenses": NaN,
        "Research And Development": NaN,
        "Selling General And Administration": NaN,
        "Selling And Marketing Expense": NaN,
        "General And Administrative Expense": NaN,
        "Other Gand A": NaN,
        "Gross Profit": NaN,
        "Cost Of Revenue": NaN,
        "Total Revenue": NaN,
        "Operating Revenue": NaN
    },
    "2022-06-30": {
        "Tax Effect Of Unusual Items": -33221457.267114,
        "Tax Rate For Calcs": 0.159792,
        "Normalized EBITDA": 37341204000.0,
        "Total Unusual Items": -207905000.0,
        "Total Unusual Items Excluding Goodwill": -207905000.0,
        "Net Income From Continuing Operation Net Minority Interest": 21326816000.0,
        "Reconciled Depreciation": 11107494000.0,
        "Reconciled Cost Of Revenue": 38582963000.0,
        "EBITDA": 37133299000.0,
        "EBIT": 26025805000.0,
        "Net Interest Income": -193370000.0,
        "Interest Expense": 448291000.0,
        "Interest Income": 285710000.0,
        "Normalized Income": 21501499542.732887,
        "Net Income From Continuing And Discontinued Operation": 21326816000.0,
        "Total Expenses": 44209328000.0,
        "Total Operating Income As Reported": 28164004000.0,
        "Diluted Average Shares": 2510674800.0,
        "Basic Average Shares": 2456695800.0,
        "Diluted EPS": 8.5,
        "Basic EPS": 8.7,
        "Diluted NI Availto Com Stockholders": 21326816000.0,
        "Net Income Common Stockholders": 21326816000.0,
        "Net Income": 21326816000.0,
        "Minority Interests": -163628000.0,
        "Net Income Including Noncontrolling Interests": 21490444000.0,
        "Net Income Continuous Operations": 21490444000.0,
        "Tax Provision": 4087070000.0,
        "Pretax Income": 25577514000.0,
        "Other Income Expense": -2074928000.0,
        "Other Non Operating Income Expenses": 159513000.0,
        "Special Income Charges": 271489000.0,
        "Gain On Sale Of Ppe": 274172000.0,
        "Gain On Sale Of Business": NaN,
        "Write Off": 2683000.0,
        "Earnings From Equity Interest": -2026536000.0,
        "Gain On Sale Of Security": -479394000.0,
        "Net Non Operating Interest Income Expense": -193370000.0,
        "Total Other Finance Cost": 30789000.0,
        "Interest Expense Non Operating": 448291000.0,
        "Interest Income Non Operating": 285710000.0,
        "Operating Income": 27845812000.0,
        "Operating Expense": 5626365000.0,
        "Other Operating Expenses": -1077480000.0,
        "Research And Development": 3209359000.0,
        "Selling General And Administration": 3494486000.0,
        "Selling And Marketing Expense": 915110000.0,
        "General And Administrative Expense": 2579376000.0,
        "Other Gand A": 2579376000.0,
        "Gross Profit": 33472177000.0,
        "Cost Of Revenue": 38582963000.0,
        "Total Revenue": 72055140000.0,
        "Operating Revenue": 69631670000.0
    },
    "2022-03-31": {
        "Diluted EPS": 0.28,
        "Total Revenue": NaN,
        "Gross Profit": 982,
        "Operating Income": 797,
        "EBIT": NaN,
        "Net Income": 707
    },
    "2021-12-31": {
        "Diluted EPS": 0.18,
        "Total Revenue": NaN,
        "Gross Profit": 845,
        "Operating Income": 644,
        "EBIT": NaN,
        "Net Income": 422
    },
    "2021-09-30": {
        "Diluted EPS": 0.25,
        "Total Revenue": NaN,
        "Gross Profit": 738,
        "Operating Income": 543,
        "EBIT": 930,
        "Net Income": 627
    },
    "2021-06-30": {
        "Diluted EPS": 0.17,
        "Total Revenue": NaN,
        "Gross Profit": 570,
        "Operating Income": 405,
        "EBIT": 789,
        "Net Income": 428
    },
    "2021-03-31": {
        "Diluted EPS": 0.15,
        "Total Revenue": NaN,
        "Gross Profit": 445,
        "Operating Income": 271,
        "EBIT": 657,
        "Net Income": 371
    },
    "2020-12-31": {
        "Diluted EPS": 0.09,
        "Total Revenue": NaN,
        "Gross Profit": 442,
        "Operating Income": 229,
        "EBIT": 671,
        "Net Income": 207
    },
    "2020-09-30": {
        "Diluted EPS": 0.13,
        "Total Revenue": NaN,
        "Gross Profit": 333,
        "Operating Income": 243,
        "EBIT": 638,
        "Net Income": 311
    },
    "2020-06-30": {
        "Diluted EPS": 0.09,
        "Total Revenue": NaN,
        "Gross Profit": 344,
        "Operating Income": 196,
        "EBIT": 574,
        "Net Income": 224
    },
    "2020-03-31": {
        "Diluted EPS": 0.03,
        "Total Revenue": NaN,
        "Gross Profit": 270,
        "Operating Income": 113,
        "EBIT": 497,
        "Net Income": 73
    },
    "2019-12-31": {
        "Diluted EPS": 0.04,
        "Total Revenue": NaN,
        "Gross Profit": 251,
        "Operating Income": 78,
        "EBIT": 516,
        "Net Income": 84
    },
    "2019-09-30": {
        "Diluted EPS": 0.04,
        "Total Revenue": NaN,
        "Gross Profit": 206,
        "Operating Income": 81,
        "EBIT": 432,
        "Net Income": 94
    },
    "2019-06-30": {
        "Diluted EPS": 0.02,
        "Total Revenue": NaN,
        "Gross Profit": 182,
        "Operating Income": 57,
        "EBIT": 413,
        "Net Income": 56
    },
    "2019-03-31": {
        "Diluted EPS": 0.02,
        "Total Revenue": NaN,
        "Gross Profit": 74,
        "Operating Income": -52,
        "EBIT": 317,
        "Net Income": 39
    },
    "2018-12-31": {
        "Diluted EPS": -0.01,
        "Total Revenue": NaN,
        "Gross Profit": 137,
        "Operating Income": -27,
        "EBIT": 349,
        "Net Income": 5
    },
    "2018-09-30": {
        "Diluted EPS": 0.02,
        "Total Revenue": NaN,
        "Gross Profit": 226,
        "Operating Income": 79,
        "EBIT": 445,
        "Net Income": 6
    },
    "2018-06-30": {
        "Diluted EPS": 0.05,
        "Total Revenue": NaN,
        "Gross Profit": 224,
        "Operating Income": 107,
        "EBIT": 514,
        "Net Income": 123
    },
    "2018-03-31": {
        "Diluted EPS": 0.05,
        "Total Revenue": NaN,
        "Gross Profit": 159,
        "Operating Income": 26,
        "EBIT": 451,
        "Net Income": 116
    },
    "2017-09-30": {
        "Diluted EPS": 0.04,
        "Total Revenue": NaN,
        "Gross Profit": 218,
        "Operating Income": 54,
        "EBIT": 486,
        "Net Income": 115
    },
    "2017-06-30": {
        "Diluted EPS": 0.03,
        "Total Revenue": NaN,
        "Gross Profit": 223,
        "Operating Income": 55,
        "EBIT": 55,
        "Net Income": 69
    },
    "2017-03-31": {
        "Diluted EPS": 0.03,
        "Total Revenue": NaN,
        "Gross Profit": 245,
        "Operating Income": 45,
        "Net Income": 75
    },
    "2016-12-31": {
        "Diluted EPS": 0.03,
        "Total Revenue": NaN,
        "Gross Profit": 267,
        "Operating Income": 69,
        "EBIT": 451,
        "Net Income": 86
    },
    "2016-09-30": {
        "Diluted EPS": 0.04,
        "Total Revenue": NaN,
        "Gross Profit": 262,
        "Operating Income": 47,
        "EBIT": 472,
        "Net Income": 94
    },
    "2016-06-30": {
        "Diluted EPS": 0.03,
        "Total Revenue": NaN,
        "Gross Profit": 256,
        "Operating Income": 76,
        "EBIT": 486,
        "Net Income": 80
    },
    "2016-03-31": {
        "Diluted EPS": 0.0,
        "Total Revenue": NaN,
        "Gross Profit": 153,
        "Operating Income": 0,
        "EBIT": 383,
        "Net Income": 6
    },
    "2015-12-31": {
        "Diluted EPS": 0.04,
        "Total Revenue": NaN,
        "Gross Profit": 328,
        "Operating Income": 759,
        "EBIT": NaN,
        "Net Income": 96
    },
    "2015-09-30": {
        "Diluted EPS": 0.02,
        "Total Revenue": NaN,
        "Gross Profit": 184,
        "Operating Income": -2,
        "EBIT": 335,
        "Net Income": 52
    },
    "2015-06-30": {
        "Diluted EPS": 0.06,
        "Total Revenue": NaN,
        "Gross Profit": 280,
        "Operating Income": 122,
        "EBIT": 508,
        "Net Income": 149
    },
    "2015-03-31": {
        "Diluted EPS": 0.05,
        "Total Revenue": NaN,
        "Gross Profit": 300,
        "Operating Income": -426,
        "EBIT": -99,
        "Net Income": 127
    },
    "2014-12-31": {
        "Diluted EPS": 0.06,
        "Total Revenue": NaN,
        "Gross Profit": 299,
        "Operating Income": 135,
        "EBIT": 478,
        "Net Income": 144
    },
    "2014-09-30": {
        "Diluted EPS": 0.04,
        "Total Revenue": NaN,
        "Gross Profit": 237,
        "Operating Income": 42,
        "EBIT": 383,
        "Net Income": 85
    },
    "2014-06-30": {
        "Diluted EPS": 0.05,
        "Total Revenue": NaN,
        "Gross Profit": 283,
        "Operating Income": 107,
        "EBIT": 440,
        "Net Income": 117
    },
    "2014-03-31": {
        "Diluted EPS": 0.02,
        "Total Revenue": NaN,
        "Gross Profit": 189,
        "Operating Income": 23,
        "EBIT": 348,
        "Net Income": 39
    },
    "2013-12-31": {
        "Diluted EPS": 0.01,
        "Total Revenue": NaN,
        "Gross Profit": 170,
        "Operating Income": -13,
        "EBIT": 319,
        "Net Income": 25
    },
    "2013-09-30": {
        "Diluted EPS": 0.05,
        "Total Revenue": NaN,
        "Gross Profit": 255,
        "Operating Income": 89,
        "EBIT": 407,
        "Net Income": 117
    },
    "2013-06-30": {
        "Diluted EPS": 0.03,
        "Total Revenue": NaN,
        "Gross Profit": 202,
        "Operating Income": 34,
        "EBIT": 355,
        "Net Income": 60
    },
    "2013-03-31": {
        "Diluted EPS": 0.09,
        "Total Revenue": 931,
        "Gross Profit": 137,
        "Operating Income": -6,
        "EBIT": 322,
        "Net Income": 221
    },
    "2012-12-31": {
        "Diluted EPS": 0.02,
        "Total Revenue": 899,
        "Gross Profit": 899,
        "Operating Income": 899,
        "EBIT": 899,
        "Net Income": 40
    },
    "2012-09-30": {
        "Diluted EPS": 0.03,
        "Total Revenue": 973,
        "Gross Profit": 973,
        "Operating Income": 973,
        "EBIT": 973,
        "Net Income": 82
    },
    "2012-06-30": {
        "Diluted EPS": 0.04,
        "Total Revenue": 925,
        "Gross Profit": 925,
        "Operating Income": 925,
        "EBIT": 925,
        "Net Income": 100
    },
    "2012-03-31": {
        "Diluted EPS": 0.02,
        "Total Revenue": 806,
        "Gross Profit": 55,
        "Operating Income": -73,
        "EBIT": 212,
        "Net Income": 45
    },
    "2011-12-31": {
        "Diluted EPS": 0.01,
        "Total Revenue": 807,
        "Gross Profit": -133,
        "Operating Income": -303,
        "EBIT": 25,
        "Net Income": 39
    },
    "2011-09-30": {
        "Diluted EPS": 0.03,
        "Total Revenue": 826,
        "Gross Profit": 164,
        "Operating Income": 50,
        "EBIT": 274,
        "Net Income": 64
    },
    "2011-06-30": {
        "Diluted EPS": 0.04,
        "Total Revenue": 980,
        "Gross Profit": 234,
        "Operating Income": 116,
        "EBIT": 374,
        "Net Income": 111
    },
    "2011-03-31": {
        "Diluted EPS": 0.06,
        "Total Revenue": 956,
        "Gross Profit": 153,
        "Operating Income": 22,
        "EBIT": 289,
        "Net Income": 152
    },
    "2010-12-31": {
        "Diluted EPS": 0.09,
        "Total Revenue": NaN,
        "Gross Profit": 11,
        "Operating Income": -178,
        "EBIT": 129,
        "Net Income": 221
    },
    "2010-09-30": {
        "Diluted EPS": 0.11,
        "Total Revenue": NaN,
        "Gross Profit": 341,
        "Operating Income": 230,
        "EBIT": 483,
        "Net Income": 279
    },
    "2010-06-30": {
        "Diluted EPS": 0.07,
        "Total Revenue": 926,
        "Gross Profit": 274,
        "Operating Income": 169,
        "EBIT": 408,
        "Net Income": 164
    },
    "2010-03-31": {
        "Diluted EPS": 0.04,
        "Total Revenue": 842,
        "Gross Profit": 192,
        "Operating Income": 85,
        "EBIT": 341,
        "Net Income": 110
    },
    "2009-12-31": {
        "Diluted EPS": 0.06,
        "Total Revenue": 868,
        "Gross Profit": 107,
        "Operating Income": -34,
        "EBIT": 247,
        "Net Income": 137
    },
    "2009-09-30": {
        "Diluted EPS": 0.07,
        "Total Revenue": 853,
        "Gross Profit": 238,
        "Operating Income": 131,
        "EBIT": 398,
        "Net Income": 190
    },
    "2009-06-30": {
        "Diluted EPS": 0.02,
        "Total Revenue": 690,
        "Gross Profit": 164,
        "Operating Income": 82,
        "EBIT": 336,
        "Net Income": 47
    },
    "2009-03-31": {
        "Diluted EPS": -0.09,
        "Total Revenue": 319,
        "Gross Profit": -157,
        "Operating Income": -252,
        "EBIT": 12,
        "Net Income": -240
    },
    "2023-06-30": {
        "Tax Effect Of Unusual Items": 82526409.75606,
        "Tax Rate For Calcs": 0.140046,
        "Normalized EBITDA": 28141728000.0,
        "Total Unusual Items": 589280000.0,
        "Total Unusual Items Excluding Goodwill": 589280000.0,
        "Net Income From Continuing Operation Net Minority Interest": 15640917000.0,
        "Reconciled Depreciation": 9931668000.0,
        "Reconciled Cost Of Revenue": 36044256000.0,
        "EBITDA": 28731008000.0,
        "EBIT": 18799340000.0,
        "Net Interest Income": 938854000.0,
        "Interest Expense": 313844000.0,
        "Interest Income": 1288293000.0,
        "Normalized Income": 15134163409.75606,
        "Net Income From Continuing And Discontinued Operation": 15640917000.0,
        "Total Expenses": 40778544000.0,
        "Total Operating Income As Reported": 15674743000.0,
        "Diluted Average Shares": 2505236400.0,
        "Basic Average Shares": 2469797200.0,
        "Diluted EPS": 6.25,
        "Basic EPS": 6.35,
        "Diluted NI Availto Com Stockholders": 15640917000.0,
        "Net Income Common Stockholders": 15640917000.0,
        "Net Income": 15640917000.0,
        "Minority Interests": -255756000.0,
        "Net Income Including Noncontrolling Interests": 15896673000.0,
        "Net Income Continuous Operations": 15896673000.0,
        "Tax Provision": 2588823000.0,
        "Pretax Income": 18485496000.0,
        "Other Income Expense": 2028778000.0,
        "Other Non Operating Income Expenses": 713441000.0,
        "Special Income Charges": 106397000.0,
        "Gain On Sale Of Ppe": 76090000.0,
        "Gain On Sale Of Business": 72000.0,
        "Write Off": -30235000.0,
        "Restructuring And Mergern Acquisition": NaN,
        "Earnings From Equity Interest": 726057000.0,
        "Gain On Sale Of Security": 482883000.0,
        "Net Non Operating Interest Income Expense": 938854000.0,
        "Total Other Finance Cost": 35595000.0,
        "Interest Expense Non Operating": 313844000.0,
        "Interest Income Non Operating": 1288293000.0,
        "Operating Income": 15517864000.0,
        "Operating Expense": 4734288000.0,
        "Other Operating Expenses": -1014104000.0,
        "Research And Development": 3317365000.0,
        "Selling General And Administration": 2431027000.0,
        "Selling And Marketing Expense": 716305000.0,
        "General And Administrative Expense": 1714722000.0,
        "Other Gand A": 1714722000.0,
        "Gross Profit": 20252152000.0,
        "Cost Of Revenue": 36044256000.0,
        "Total Revenue": 56296408000.0,
        "Operating Revenue": 56296408000.0
    },
    "2023-09-30": {
        "Tax Effect Of Unusual Items": 97280287.200189,
        "Tax Rate For Calcs": 0.143852,
        "Normalized EBITDA": 28325579000.0,
        "Total Unusual Items": 676253000.0,
        "Total Unusual Items Excluding Goodwill": 676253000.0,
        "Net Income From Continuing Operation Net Minority Interest": 15970917000.0,
        "Reconciled Depreciation": 9928262000.0,
        "Reconciled Cost Of Revenue": 36607915000.0,
        "EBITDA": 29001832000.0,
        "EBIT": 19073570000.0,
        "Net Interest Income": 592011000.0,
        "Interest Expense": 425170000.0,
        "Interest Income": 1042421000.0,
        "Normalized Income": 15391944287.20019,
        "Net Income From Continuing And Discontinued Operation": 15970917000.0,
        "Total Expenses": 41887353000.0,
        "Total Operating Income As Reported": 15311894000.0,
        "Diluted Average Shares": 2513354800.0,
        "Basic Average Shares": 2474226000.0,
        "Diluted EPS": 6.35,
        "Basic EPS": 6.45,
        "Diluted NI Availto Com Stockholders": 15970917000.0,
        "Net Income Common Stockholders": 15970917000.0,
        "Net Income": 15970917000.0,
        "Minority Interests": 5125000.0,
        "Net Income Including Noncontrolling Interests": 15965792000.0,
        "Net Income Continuous Operations": 15965792000.0,
        "Tax Provision": 2682608000.0,
        "Pretax Income": 18648400000.0,
        "Other Income Expense": 2874875000.0,
        "Other Non Operating Income Expenses": 1177021000.0,
        "Special Income Charges": 573877000.0,
        "Gain On Sale Of Ppe": 81366000.0,
        "Gain On Sale Of Business": 0.0,
        "Write Off": 1490000.0,
        "Restructuring And Mergern Acquisition": -494001000.0,
        "Earnings From Equity Interest": 1021601000.0,
        "Gain On Sale Of Security": 102376000.0,
        "Net Non Operating Interest Income Expense": 592011000.0,
        "Total Other Finance Cost": 25240000.0,
        "Interest Expense Non Operating": 425170000.0,
        "Interest Income Non Operating": 1042421000.0,
        "Operating Income": 15181514000.0,
        "Operating Expense": 5279438000.0,
        "Other Operating Expenses": -440771000.0,
        "Research And Development": 3255295000.0,
        "Selling General And Administration": 2464914000.0,
        "Selling And Marketing Expense": 735301000.0,
        "General And Administrative Expense": 1729613000.0,
        "Other Gand A": 1729613000.0,
        "Gross Profit": 20460952000.0,
        "Cost Of Revenue": 36607915000.0,
        "Total Revenue": 57068867000.0,
        "Operating Revenue": 57068867000.0
    },
    "2023-12-31": {
        "Tax Effect Of Unusual Items": -8624444.749069,
        "Tax Rate For Calcs": 0.024281,
        "Normalized EBITDA": 23677753000.0,
        "Total Unusual Items": -355197000.0,
        "Total Unusual Items Excluding Goodwill": -355197000.0,
        "Net Income From Continuing Operation Net Minority Interest": 11894114000.0,
        "Reconciled Depreciation": 10721318000.0,
        "Reconciled Cost Of Revenue": 37151984000.0,
        "EBITDA": 23322556000.0,
        "EBIT": 12601238000.0,
        "Net Interest Income": 869416000.0,
        "Interest Expense": 413181000.0,
        "Interest Income": 1292691000.0,
        "Normalized Income": 12240686555.25093,
        "Net Income From Continuing And Discontinued Operation": 11894114000.0,
        "Total Expenses": 42700576000.0,
        "Total Operating Income As Reported": 12423326000.0,
        "Diluted Average Shares": NaN,
        "Basic Average Shares": NaN,
        "Diluted EPS": NaN,
        "Basic EPS": NaN,
        "Diluted NI Availto Com Stockholders": 11894114000.0,
        "Net Income Common Stockholders": 11894114000.0,
        "Net Income": 11894114000.0,
        "Minority Interests": 1992000.0,
        "Net Income Including Noncontrolling Interests": 11892122000.0,
        "Net Income Continuous Operations": 11892122000.0,
        "Tax Provision": 295935000.0,
        "Pretax Income": 12188057000.0,
        "Other Income Expense": -939061000.0,
        "Other Non Operating Income Expenses": 104234000.0,
        "Special Income Charges": 95384000.0,
        "Gain On Sale Of Ppe": 51817000.0,
        "Gain On Sale Of Business": NaN,
        "Write Off": -63187000.0,
        "Restructuring And Mergern Acquisition": 0.0,
        "Earnings From Equity Interest": -688098000.0,
        "Gain On Sale Of Security": -450581000.0,
        "Net Non Operating Interest Income Expense": 869416000.0,
        "Total Other Finance Cost": 10094000.0,
        "Interest Expense Non Operating": 413181000.0,
        "Interest Income Non Operating": 1292691000.0,
        "Operating Income": 12257702000.0,
        "Operating Expense": 5548592000.0,
        "Other Operating Expenses": -1149710000.0,
        "Research And Development": 3944563000.0,
        "Selling General And Administration": 2753739000.0,
        "Selling And Marketing Expense": 823235000.0,
        "General And Administrative Expense": 1930504000.0,
        "Other Gand A": 1930504000.0,
        "Gross Profit": 17806294000.0,
        "Cost Of Revenue": 37151984000.0,
        "Total Revenue": 54958278000.0,
        "Operating Revenue": 54958278000.0
    },
    "2024-03-31": {
        "Tax Effect Of Unusual Items": 62570718.095299,
        "Tax Rate For Calcs": 0.18012,
        "Normalized EBITDA": 23654234000.0,
        "Total Unusual Items": 347383000.0,
        "Total Unusual Items Excluding Goodwill": 347383000.0,
        "Net Income From Continuing Operation Net Minority Interest": 10456142000.0,
        "Reconciled Depreciation": 10885646000.0,
        "Reconciled Cost Of Revenue": 37732669000.0,
        "EBITDA": 24001617000.0,
        "EBIT": 13115971000.0,
        "Net Interest Income": 656257000.0,
        "Interest Expense": 395087000.0,
        "Interest Income": 1071136000.0,
        "Normalized Income": 10171329718.095299,
        "Net Income From Continuing And Discontinued Operation": 10456142000.0,
        "Total Expenses": 43096413000.0,
        "Total Operating Income As Reported": 11664501000.0,
        "Diluted Average Shares": 2515505000.0,
        "Basic Average Shares": 2482817600.0,
        "Diluted EPS": 4.15,
        "Basic EPS": 4.2,
        "Diluted NI Availto Com Stockholders": 10456142000.0,
        "Net Income Common Stockholders": 10456142000.0,
        "Net Income": 10456142000.0,
        "Minority Interests": 26547000.0,
        "Net Income Including Noncontrolling Interests": 10429595000.0,
        "Net Income Continuous Operations": 10429595000.0,
        "Tax Provision": 2291289000.0,
        "Pretax Income": 12720884000.0,
        "Other Income Expense": 528941000.0,
        "Other Non Operating Income Expenses": 80916000.0,
        "Special Income Charges": 78361000.0,
        "Gain On Sale Of Ppe": 32831000.0,
        "Gain On Sale Of Business": 0.0,
        "Write Off": -45530000.0,
        "Restructuring And Mergern Acquisition": NaN,
        "Earnings From Equity Interest": 100642000.0,
        "Gain On Sale Of Security": 269022000.0,
        "Net Non Operating Interest Income Expense": 656257000.0,
        "Total Other Finance Cost": 19792000.0,
        "Interest Expense Non Operating": 395087000.0,
        "Interest Income Non Operating": 1071136000.0,
        "Operating Income": 11535686000.0,
        "Operating Expense": 5363744000.0,
        "Other Operating Expenses": -429668000.0,
        "Research And Development": 3407407000.0,
        "Selling General And Administration": 2386005000.0,
        "Selling And Marketing Expense": 683987000.0,
        "General And Administrative Expense": 1702018000.0,
        "Other Gand A": 1702018000.0,
        "Gross Profit": 16899430000.0,
        "Cost Of Revenue": 37732669000.0,
        "Total Revenue": 54632099000.0,
        "Operating Revenue": 54632099000.0
    }
}