{
    "2023-04-30": {
        "Tax Effect Of Unusual Items": NaN,
        "Tax Rate For Calcs": NaN,
        "Normalized EBITDA": NaN,
        "Total Unusual Items": NaN,
        "Total Unusual Items Excluding Goodwill": NaN,
        "Net Income From Continuing Operation Net Minority Interest": NaN,
        "Reconciled Depreciation": NaN,
        "Reconciled Cost Of Revenue": NaN,
        "EBITDA": NaN,
        "EBIT": NaN,
        "Net Interest Income": NaN,
        "Interest Expense": NaN,
        "Interest Income": NaN,
        "Normalized Income": NaN,
        "Net Income From Continuing And Discontinued Operation": NaN,
        "Total Expenses": NaN,
        "Total Operating Income As Reported": NaN,
        "Diluted Average Shares": NaN,
        "Basic Average Shares": NaN,
        "Diluted EPS": NaN,
        "Basic EPS": NaN,
        "Diluted NI Availto Com Stockholders": NaN,
        "Net Income Common Stockholders": NaN,
        "Net Income": NaN,
        "Minority Interests": NaN,
        "Net Income Including Noncontrolling Interests": NaN,
        "Net Income Continuous Operations": NaN,
        "Tax Provision": NaN,
        "Pretax Income": NaN,
        "Other Income Expense": NaN,
        "Other Non Operating Income Expenses": NaN,
        "Special Income Charges": NaN,
        "Gain On Sale Of Ppe": NaN,
        "Other Special Charges": NaN,
        "Restructuring And Mergern Acquisition": NaN,
        "Net Non Operating Interest Income Expense": NaN,
        "Total Other Finance Cost": NaN,
        "Interest Expense Non Operating": NaN,
        "Interest Income Non Operating": NaN,
        "Operating Income": NaN,
        "Operating Expense": NaN,
        "Other Operating Expenses": NaN,
        "Selling General And Administration": -8000000.0,
        "General And Administrative Expense": -8000000.0,
        "Salaries And Wages": -8000000.0,
        "Gross Profit": NaN,
        "Cost Of Revenue": NaN,
        "Total Revenue": NaN,
        "Operating Revenue": NaN
    },
    "2023-01-31": {
        "Tax Effect Of Unusual Items": NaN,
        "Tax Rate For Calcs": NaN,
        "Normalized EBITDA": NaN,
        "Total Unusual Items": NaN,
        "Total Unusual Items Excluding Goodwill": NaN,
        "Net Income From Continuing Operation Net Minority Interest": NaN,
        "Reconciled Depreciation": NaN,
        "Reconciled Cost Of Revenue": NaN,
        "EBITDA": NaN,
        "EBIT": NaN,
        "Net Interest Income": NaN,
        "Interest Expense": NaN,
        "Interest Income": NaN,
        "Normalized Income": NaN,
        "Net Income From Continuing And Discontinued Operation": NaN,
        "Total Expenses": NaN,
        "Total Operating Income As Reported": NaN,
        "Diluted Average Shares": NaN,
        "Basic Average Shares": NaN,
        "Diluted EPS": NaN,
        "Basic EPS": NaN,
        "Diluted NI Availto Com Stockholders": NaN,
        "Net Income Common Stockholders": NaN,
        "Net Income": NaN,
        "Minority Interests": NaN,
        "Net Income Including Noncontrolling Interests": NaN,
        "Net Income Continuous Operations": NaN,
        "Tax Provision": NaN,
        "Pretax Income": NaN,
        "Other Income Expense": NaN,
        "Other Non Operating Income Expenses": NaN,
        "Special Income Charges": NaN,
        "Gain On Sale Of Ppe": NaN,
        "Other Special Charges": 3000000.0,
        "Restructuring And Mergern Acquisition": NaN,
        "Net Non Operating Interest Income Expense": NaN,
        "Total Other Finance Cost": NaN,
        "Interest Expense Non Operating": NaN,
        "Interest Income Non Operating": NaN,
        "Operating Income": NaN,
        "Operating Expense": NaN,
        "Other Operating Expenses": NaN,
        "Selling General And Administration": NaN,
        "General And Administrative Expense": NaN,
        "Salaries And Wages": NaN,
        "Gross Profit": NaN,
        "Cost Of Revenue": NaN,
        "Total Revenue": NaN,
        "Operating Revenue": NaN
    },
    "2022-10-31": {
        "Tax Effect Of Unusual Items": NaN,
        "Tax Rate For Calcs": NaN,
        "Normalized EBITDA": NaN,
        "Total Unusual Items": NaN,
        "Total Unusual Items Excluding Goodwill": NaN,
        "Net Income From Continuing Operation Net Minority Interest": NaN,
        "Reconciled Depreciation": NaN,
        "Reconciled Cost Of Revenue": NaN,
        "EBITDA": NaN,
        "EBIT": NaN,
        "Net Interest Income": NaN,
        "Interest Expense": NaN,
        "Interest Income": NaN,
        "Normalized Income": NaN,
        "Net Income From Continuing And Discontinued Operation": NaN,
        "Total Expenses": NaN,
        "Total Operating Income As Reported": NaN,
        "Diluted Average Shares": NaN,
        "Basic Average Shares": NaN,
        "Diluted EPS": NaN,
        "Basic EPS": NaN,
        "Diluted NI Availto Com Stockholders": NaN,
        "Net Income Common Stockholders": NaN,
        "Net Income": NaN,
        "Minority Interests": NaN,
        "Net Income Including Noncontrolling Interests": NaN,
        "Net Income Continuous Operations": NaN,
        "Tax Provision": NaN,
        "Pretax Income": NaN,
        "Other Income Expense": NaN,
        "Other Non Operating Income Expenses": 1000000.0,
        "Special Income Charges": NaN,
        "Gain On Sale Of Ppe": NaN,
        "Other Special Charges": NaN,
        "Restructuring And Mergern Acquisition": NaN,
        "Net Non Operating Interest Income Expense": NaN,
        "Total Other Finance Cost": NaN,
        "Interest Expense Non Operating": NaN,
        "Interest Income Non Operating": NaN,
        "Operating Income": NaN,
        "Operating Expense": NaN,
        "Other Operating Expenses": NaN,
        "Selling General And Administration": NaN,
        "General And Administrative Expense": NaN,
        "Salaries And Wages": NaN,
        "Gross Profit": NaN,
        "Cost Of Revenue": NaN,
        "Total Revenue": NaN,
        "Operating Revenue": NaN
    },
    "2022-07-31": {
        "Tax Effect Of Unusual Items": -340000.0,
        "Tax Rate For Calcs": 0.068,
        "Normalized EBITDA": 83000000.0,
        "Total Unusual Items": -5000000.0,
        "Total Unusual Items Excluding Goodwill": -5000000.0,
        "Net Income From Continuing Operation Net Minority Interest": 39000000.0,
        "Reconciled Depreciation": 75000000.0,
        "Reconciled Cost Of Revenue": 6220000000.0,
        "EBITDA": 78000000.0,
        "EBIT": 78000000.0,
        "Net Interest Income": -34000000.0,
        "Interest Expense": 34000000.0,
        "Interest Income": 1000000.0,
        "Normalized Income": 43660000.0,
        "Net Income From Continuing And Discontinued Operation": 39000000.0,
        "Total Expenses": 7190000000.0,
        "Total Operating Income As Reported": 68000000.0,
        "Diluted Average Shares": 61000000.0,
        "Basic Average Shares": 58300000.0,
        "Diluted EPS": 0.63,
        "Basic EPS": 0.66,
        "Diluted NI Availto Com Stockholders": 39000000.0,
        "Net Income Common Stockholders": 39000000.0,
        "Net Income": 39000000.0,
        "Minority Interests": -2000000.0,
        "Net Income Including Noncontrolling Interests": 41000000.0,
        "Net Income Discontinuous Operations": 0.0,
        "Net Income Continuous Operations": 41000000.0,
        "Tax Provision": 3000000.0,
        "Pretax Income": 44000000.0,
        "Other Income Expense": -5000000.0,
        "Other Non Operating Income Expenses": 10000000.0,
        "Special Income Charges": -5000000.0,
        "Gain On Sale Of Ppe": 0.0,
        "Other Special Charges": 0.0,
        "Restructuring And Mergern Acquisition": 5000000.0,
        "Net Non Operating Interest Income Expense": -34000000.0,
        "Total Other Finance Cost": 3000000.0,
        "Interest Expense Non Operating": 34000000.0,
        "Interest Income Non Operating": 1000000.0,
        "Operating Income": 83000000.0,
        "Operating Expense": 970000000.0,
        "Other Operating Expenses": 980000000.0,
        "Selling General And Administration": -10000000.0,
        "General And Administrative Expense": -10000000.0,
        "Salaries And Wages": -10000000.0,
        "Gross Profit": 1053000000.0,
        "Cost Of Revenue": 6220000000.0,
        "Total Revenue": 7273000000.0,
        "Operating Revenue": 7273000000.0
    },
    "2022-04-30": {
        "Diluted EPS": 1.1,
        "Total Revenue": NaN,
        "Gross Profit": NaN,
        "Operating Income": 123,
        "EBIT": 195,
        "Net Income": 67
    },
    "2022-01-31": {
        "Diluted EPS": 1.08,
        "Total Revenue": NaN,
        "Gross Profit": NaN,
        "Operating Income": 125,
        "EBIT": 194,
        "Net Income": 66
    },
    "2021-10-31": {
        "Diluted EPS": 1.25,
        "Total Revenue": NaN,
        "Gross Profit": NaN,
        "Operating Income": 107,
        "EBIT": 176,
        "Net Income": 76
    },
    "2021-07-31": {
        "Diluted EPS": 0.7,
        "Total Revenue": NaN,
        "Gross Profit": NaN,
        "Operating Income": 45,
        "EBIT": 120,
        "Net Income": 43
    },
    "2021-04-30": {
        "Diluted EPS": 0.8,
        "Total Revenue": NaN,
        "Gross Profit": 970,
        "Operating Income": 92,
        "EBIT": 158,
        "Net Income": 48
    },
    "2021-01-31": {
        "Diluted EPS": 1.0,
        "Total Revenue": NaN,
        "Gross Profit": 995,
        "Operating Income": 107,
        "EBIT": 174,
        "Net Income": 59
    },
    "2020-10-31": {
        "Diluted EPS": -0.02,
        "Total Revenue": NaN,
        "Gross Profit": 970,
        "Operating Income": 50,
        "EBIT": 127,
        "Net Income": -1
    },
    "2020-07-31": {
        "Diluted EPS": 1.08,
        "Total Revenue": NaN,
        "Gross Profit": NaN,
        "Operating Income": 82,
        "EBIT": 575,
        "Net Income": 53
    },
    "2020-04-30": {
        "Diluted EPS": 1.6,
        "Total Revenue": NaN,
        "Gross Profit": NaN,
        "Operating Income": 124,
        "EBIT": 194,
        "Net Income": 88
    },
    "2020-01-31": {
        "Diluted EPS": -0.57,
        "Total Revenue": NaN,
        "Gross Profit": 917,
        "Operating Income": 18,
        "EBIT": 87,
        "Net Income": -31
    },
    "2019-10-31": {
        "Diluted EPS": -7.21,
        "Total Revenue": NaN,
        "Gross Profit": 907,
        "Operating Income": -416,
        "EBIT": -341,
        "Net Income": -384
    },
    "2019-07-31": {
        "Diluted EPS": 0.42,
        "Total Revenue": NaN,
        "Gross Profit": NaN,
        "Operating Income": 161,
        "EBIT": 200,
        "Net Income": 19
    },
    "2019-04-30": {
        "Diluted EPS": 1.12,
        "Total Revenue": NaN,
        "Gross Profit": 789,
        "Operating Income": 70,
        "EBIT": 474,
        "Net Income": 57
    },
    "2019-01-31": {
        "Diluted EPS": -6.72,
        "Total Revenue": NaN,
        "Gross Profit": 762,
        "Operating Income": -408,
        "EBIT": -335,
        "Net Income": -342
    },
    "2018-10-31": {
        "Diluted EPS": -0.38,
        "Total Revenue": NaN,
        "Gross Profit": 412,
        "Operating Income": -19,
        "EBIT": 6,
        "Net Income": -19
    },
    "2018-07-31": {
        "Diluted EPS": 0.59,
        "Total Revenue": NaN,
        "Gross Profit": 373,
        "Operating Income": 47,
        "EBIT": 80,
        "Net Income": 30
    },
    "2018-04-30": {
        "Diluted EPS": 1.02,
        "Total Revenue": NaN,
        "Gross Profit": 408,
        "Operating Income": 82,
        "EBIT": 93,
        "Net Income": 52
    },
    "2018-01-31": {
        "Diluted EPS": 0.99,
        "Total Revenue": NaN,
        "Gross Profit": 372,
        "Operating Income": 40,
        "EBIT": 73,
        "Net Income": 50
    },
    "2017-10-31": {
        "Diluted EPS": 0.6,
        "Total Revenue": NaN,
        "Gross Profit": 367,
        "Operating Income": 55,
        "EBIT": 78,
        "Net Income": 31
    },
    "2017-07-31": {
        "Diluted EPS": 0.76,
        "Total Revenue": NaN,
        "Gross Profit": 369,
        "Operating Income": 61,
        "EBIT": 84,
        "Net Income": 39
    },
    "2017-04-30": {
        "Diluted EPS": 0.72,
        "Total Revenue": NaN,
        "Gross Profit": 366,
        "Operating Income": 65,
        "EBIT": 86,
        "Net Income": 37
    },
    "2017-01-31": {
        "Diluted EPS": 0.5,
        "Total Revenue": NaN,
        "Gross Profit": 345,
        "Operating Income": 46,
        "EBIT": 68,
        "Net Income": 25
    },
    "2016-10-31": {
        "Diluted EPS": 0.58,
        "Total Revenue": NaN,
        "Gross Profit": 349,
        "Operating Income": 53,
        "EBIT": 75,
        "Net Income": 29
    },
    "2016-07-31": {
        "Diluted EPS": 0.69,
        "Total Revenue": NaN,
        "Gross Profit": 345,
        "Operating Income": 62,
        "EBIT": 83,
        "Net Income": 35
    },
    "2016-04-30": {
        "Diluted EPS": 0.76,
        "Total Revenue": NaN,
        "Gross Profit": 322,
        "Operating Income": 66,
        "EBIT": 84,
        "Net Income": 38
    },
    "2016-01-31": {
        "Diluted EPS": 0.45,
        "Total Revenue": NaN,
        "Gross Profit": 298,
        "Operating Income": 42,
        "EBIT": 58,
        "Net Income": 23
    },
    "2015-10-31": {
        "Diluted EPS": 0.6,
        "Total Revenue": NaN,
        "Gross Profit": 314,
        "Operating Income": 54,
        "EBIT": 71,
        "Net Income": 30
    },
    "2015-07-31": {
        "Diluted EPS": 0.72,
        "Total Revenue": NaN,
        "Gross Profit": 316,
        "Operating Income": 65,
        "EBIT": 82,
        "Net Income": 36
    },
    "2015-04-30": {
        "Diluted EPS": 0.83,
        "Total Revenue": NaN,
        "Gross Profit": 326,
        "Operating Income": 69,
        "EBIT": 87,
        "Net Income": 42
    },
    "2015-01-31": {
        "Diluted EPS": 0.55,
        "Total Revenue": NaN,
        "Gross Profit": 299,
        "Operating Income": 50,
        "EBIT": 65,
        "Net Income": 28
    },
    "2014-10-31": {
        "Diluted EPS": 0.66,
        "Total Revenue": NaN,
        "Gross Profit": 319,
        "Operating Income": 58,
        "EBIT": 73,
        "Net Income": 33
    },
    "2014-07-31": {
        "Diluted EPS": 0.67,
        "Total Revenue": NaN,
        "Gross Profit": 290,
        "Operating Income": 51,
        "EBIT": 65,
        "Net Income": 33
    },
    "2014-04-30": {
        "Diluted EPS": 0.73,
        "Total Revenue": NaN,
        "Gross Profit": 298,
        "Operating Income": 63,
        "EBIT": 75,
        "Net Income": 36
    },
    "2014-01-31": {
        "Diluted EPS": 0.56,
        "Total Revenue": NaN,
        "Gross Profit": 268,
        "Operating Income": 49,
        "EBIT": 61,
        "Net Income": 28
    },
    "2013-10-31": {
        "Diluted EPS": 0.56,
        "Total Revenue": NaN,
        "Gross Profit": 271,
        "Operating Income": 48,
        "EBIT": 59,
        "Net Income": 28
    },
    "2013-07-31": {
        "Diluted EPS": 0.65,
        "Total Revenue": NaN,
        "Gross Profit": 284,
        "Operating Income": 56,
        "EBIT": 67,
        "Net Income": 32
    },
    "2013-04-30": {
        "Diluted EPS": 0.64,
        "Total Revenue": NaN,
        "Gross Profit": 263,
        "Operating Income": 54,
        "EBIT": 64,
        "Net Income": 32
    },
    "2013-01-31": {
        "Diluted EPS": 0.46,
        "Total Revenue": NaN,
        "Gross Profit": 242,
        "Operating Income": 39,
        "EBIT": 50,
        "Net Income": 23
    },
    "2012-10-31": {
        "Diluted EPS": 0.43,
        "Total Revenue": NaN,
        "Gross Profit": 236,
        "Operating Income": 37,
        "EBIT": 47,
        "Net Income": 22
    },
    "2012-07-31": {
        "Diluted EPS": 0.51,
        "Total Revenue": NaN,
        "Gross Profit": 231,
        "Operating Income": 43,
        "EBIT": 53,
        "Net Income": 25
    },
    "2012-04-30": {
        "Diluted EPS": 0.59,
        "Total Revenue": NaN,
        "Gross Profit": 245,
        "Operating Income": 49,
        "EBIT": 59,
        "Net Income": 29
    },
    "2012-01-31": {
        "Diluted EPS": 0.45,
        "Total Revenue": NaN,
        "Gross Profit": 223,
        "Operating Income": 38,
        "EBIT": 47,
        "Net Income": 22
    },
    "2011-10-31": {
        "Diluted EPS": 0.31,
        "Total Revenue": NaN,
        "Gross Profit": 217,
        "Operating Income": 26,
        "EBIT": 36,
        "Net Income": 15
    },
    "2011-07-31": {
        "Diluted EPS": 0.34,
        "Total Revenue": NaN,
        "Gross Profit": 215,
        "Operating Income": 29,
        "EBIT": 38,
        "Net Income": 17
    },
    "2011-04-30": {
        "Diluted EPS": 0.48,
        "Total Revenue": NaN,
        "Gross Profit": 219,
        "Operating Income": 39,
        "EBIT": 49,
        "Net Income": 23
    },
    "2011-01-31": {
        "Diluted EPS": 0.39,
        "Total Revenue": NaN,
        "Gross Profit": 199,
        "Operating Income": 32,
        "EBIT": 41,
        "Net Income": 19
    },
    "2010-10-31": {
        "Diluted EPS": 0.39,
        "Total Revenue": NaN,
        "Gross Profit": 192,
        "Operating Income": 30,
        "EBIT": 38,
        "Net Income": 17
    },
    "2010-07-31": {
        "Diluted EPS": 0.4,
        "Total Revenue": 988,
        "Gross Profit": 183,
        "Operating Income": 26,
        "EBIT": 34,
        "Net Income": 18
    },
    "2010-04-30": {
        "Diluted EPS": 0.45,
        "Total Revenue": 986,
        "Gross Profit": 182,
        "Operating Income": 34,
        "EBIT": 41,
        "Net Income": 19
    },
    "2010-01-31": {
        "Diluted EPS": 0.36,
        "Total Revenue": 898,
        "Gross Profit": 167,
        "Operating Income": 28,
        "EBIT": 34,
        "Net Income": 16
    },
    "2009-10-31": {
        "Diluted EPS": 0.36,
        "Total Revenue": 885,
        "Gross Profit": 165,
        "Operating Income": 27,
        "EBIT": 34,
        "Net Income": 16
    },
    "2009-07-31": {
        "Diluted EPS": 0.36,
        "Total Revenue": 853,
        "Gross Profit": 162,
        "Operating Income": 29,
        "EBIT": 35,
        "Net Income": 16
    },
    "2009-04-30": {
        "Diluted EPS": 0.39,
        "Total Revenue": 890,
        "Gross Profit": 169,
        "Operating Income": 30,
        "EBIT": 37,
        "Net Income": 17
    },
    "2009-01-31": {
        "Diluted EPS": 0.32,
        "Total Revenue": 848,
        "Gross Profit": 162,
        "Operating Income": 26,
        "EBIT": 33,
        "Net Income": 14
    },
    "2023-07-31": {
        "Tax Effect Of Unusual Items": NaN,
        "Tax Rate For Calcs": NaN,
        "Normalized EBITDA": NaN,
        "Total Unusual Items": NaN,
        "Total Unusual Items Excluding Goodwill": NaN,
        "Net Income From Continuing Operation Net Minority Interest": NaN,
        "Reconciled Depreciation": NaN,
        "Reconciled Cost Of Revenue": NaN,
        "EBITDA": NaN,
        "EBIT": NaN,
        "Net Interest Income": NaN,
        "Interest Expense": NaN,
        "Interest Income": NaN,
        "Normalized Income": NaN,
        "Net Income From Continuing And Discontinued Operation": NaN,
        "Total Expenses": NaN,
        "Total Operating Income As Reported": NaN,
        "Diluted Average Shares": 58600000.0,
        "Basic Average Shares": 58600000.0,
        "Diluted EPS": -1.15,
        "Basic EPS": -1.15,
        "Diluted NI Availto Com Stockholders": NaN,
        "Net Income Common Stockholders": NaN,
        "Net Income": NaN,
        "Minority Interests": NaN,
        "Net Income Including Noncontrolling Interests": NaN,
        "Net Income Continuous Operations": NaN,
        "Tax Provision": NaN,
        "Pretax Income": NaN,
        "Other Income Expense": NaN,
        "Other Non Operating Income Expenses": NaN,
        "Special Income Charges": NaN,
        "Gain On Sale Of Ppe": NaN,
        "Other Special Charges": 0.0,
        "Restructuring And Mergern Acquisition": NaN,
        "Net Non Operating Interest Income Expense": NaN,
        "Total Other Finance Cost": NaN,
        "Interest Expense Non Operating": NaN,
        "Interest Income Non Operating": NaN,
        "Operating Income": NaN,
        "Operating Expense": NaN,
        "Other Operating Expenses": NaN,
        "Selling General And Administration": -7000000.0,
        "General And Administrative Expense": -7000000.0,
        "Salaries And Wages": -7000000.0,
        "Gross Profit": NaN,
        "Cost Of Revenue": NaN,
        "Total Revenue": NaN,
        "Operating Revenue": NaN
    },
    "2023-10-31": {
        "Tax Effect Of Unusual Items": -4324000.0,
        "Tax Rate For Calcs": 0.188,
        "Normalized EBITDA": 87000000.0,
        "Total Unusual Items": -23000000.0,
        "Total Unusual Items Excluding Goodwill": -23000000.0,
        "Net Income From Continuing Operation Net Minority Interest": -39000000.0,
        "Reconciled Depreciation": 78000000.0,
        "Reconciled Cost Of Revenue": 6522000000.0,
        "EBITDA": 64000000.0,
        "EBIT": -14000000.0,
        "Net Interest Income": -35000000.0,
        "Interest Expense": 34000000.0,
        "Interest Income": 1000000.0,
        "Normalized Income": -20324000.0,
        "Net Income From Continuing And Discontinued Operation": -39000000.0,
        "Total Expenses": 7545000000.0,
        "Total Operating Income As Reported": -16000000.0,
        "Diluted Average Shares": 58700000.0,
        "Basic Average Shares": 58700000.0,
        "Diluted EPS": -0.67,
        "Basic EPS": -0.67,
        "Diluted NI Availto Com Stockholders": -39000000.0,
        "Net Income Common Stockholders": -39000000.0,
        "Net Income": -39000000.0,
        "Minority Interests": 0.0,
        "Net Income Including Noncontrolling Interests": -39000000.0,
        "Net Income Continuous Operations": -39000000.0,
        "Tax Provision": -9000000.0,
        "Pretax Income": -48000000.0,
        "Other Income Expense": -20000000.0,
        "Other Non Operating Income Expenses": 3000000.0,
        "Special Income Charges": -23000000.0,
        "Gain On Sale Of Ppe": -19000000.0,
        "Other Special Charges": NaN,
        "Restructuring And Mergern Acquisition": 4000000.0,
        "Net Non Operating Interest Income Expense": -35000000.0,
        "Total Other Finance Cost": 2000000.0,
        "Interest Expense Non Operating": 34000000.0,
        "Interest Income Non Operating": 1000000.0,
        "Operating Income": 7000000.0,
        "Operating Expense": 1023000000.0,
        "Other Operating Expenses": 1023000000.0,
        "Selling General And Administration": -3000000.0,
        "General And Administrative Expense": -3000000.0,
        "Salaries And Wages": -3000000.0,
        "Gross Profit": 1030000000.0,
        "Cost Of Revenue": 6522000000.0,
        "Total Revenue": 7552000000.0,
        "Operating Revenue": 7301000000.0
    },
    "2024-01-31": {
        "Tax Effect Of Unusual Items": -2367000.0,
        "Tax Rate For Calcs": 0.263,
        "Normalized EBITDA": 101000000.0,
        "Total Unusual Items": -9000000.0,
        "Total Unusual Items Excluding Goodwill": -9000000.0,
        "Net Income From Continuing Operation Net Minority Interest": -15000000.0,
        "Reconciled Depreciation": 74000000.0,
        "Reconciled Cost Of Revenue": 6740000000.0,
        "EBITDA": 92000000.0,
        "EBIT": 18000000.0,
        "Net Interest Income": -40000000.0,
        "Interest Expense": 37000000.0,
        "Interest Income": 0.0,
        "Normalized Income": -8367000.0,
        "Net Income From Continuing And Discontinued Operation": -15000000.0,
        "Total Expenses": 7750000000.0,
        "Total Operating Income As Reported": 16000000.0,
        "Diluted Average Shares": 59400000.0,
        "Basic Average Shares": 59400000.0,
        "Diluted EPS": -0.25,
        "Basic EPS": -0.25,
        "Diluted NI Availto Com Stockholders": -15000000.0,
        "Net Income Common Stockholders": -15000000.0,
        "Net Income": -15000000.0,
        "Minority Interests": -1000000.0,
        "Net Income Including Noncontrolling Interests": -14000000.0,
        "Net Income Continuous Operations": -14000000.0,
        "Tax Provision": -5000000.0,
        "Pretax Income": -19000000.0,
        "Other Income Expense": -4000000.0,
        "Other Non Operating Income Expenses": 5000000.0,
        "Special Income Charges": -9000000.0,
        "Gain On Sale Of Ppe": -5000000.0,
        "Other Special Charges": NaN,
        "Restructuring And Mergern Acquisition": 4000000.0,
        "Net Non Operating Interest Income Expense": -40000000.0,
        "Total Other Finance Cost": 3000000.0,
        "Interest Expense Non Operating": 37000000.0,
        "Interest Income Non Operating": 0.0,
        "Operating Income": 25000000.0,
        "Operating Expense": 1010000000.0,
        "Other Operating Expenses": 1010000000.0,
        "Selling General And Administration": -4000000.0,
        "General And Administrative Expense": -4000000.0,
        "Salaries And Wages": -4000000.0,
        "Gross Profit": 1035000000.0,
        "Cost Of Revenue": 6740000000.0,
        "Total Revenue": 7775000000.0,
        "Operating Revenue": 7555000000.0
    },
    "2024-04-30": {
        "Tax Effect Of Unusual Items": -5082000.0,
        "Tax Rate For Calcs": 0.231,
        "Normalized EBITDA": 108000000.0,
        "Total Unusual Items": -22000000.0,
        "Total Unusual Items Excluding Goodwill": -22000000.0,
        "Net Income From Continuing Operation Net Minority Interest": -21000000.0,
        "Reconciled Depreciation": 76000000.0,
        "Reconciled Cost Of Revenue": 6478000000.0,
        "EBITDA": 86000000.0,
        "EBIT": 10000000.0,
        "Net Interest Income": -37000000.0,
        "Interest Expense": 36000000.0,
        "Interest Income": 1000000.0,
        "Normalized Income": -4082000.0,
        "Net Income From Continuing And Discontinued Operation": -21000000.0,
        "Total Expenses": 7470000000.0,
        "Total Operating Income As Reported": 6000000.0,
        "Diluted Average Shares": 59400000.0,
        "Basic Average Shares": 59400000.0,
        "Diluted EPS": -0.34,
        "Basic EPS": -0.34,
        "Diluted NI Availto Com Stockholders": -21000000.0,
        "Net Income Common Stockholders": -21000000.0,
        "Net Income": -21000000.0,
        "Minority Interests": -1000000.0,
        "Net Income Including Noncontrolling Interests": -20000000.0,
        "Net Income Continuous Operations": -20000000.0,
        "Tax Provision": -6000000.0,
        "Pretax Income": -26000000.0,
        "Other Income Expense": -17000000.0,
        "Other Non Operating Income Expenses": 5000000.0,
        "Special Income Charges": -22000000.0,
        "Gain On Sale Of Ppe": -13000000.0,
        "Other Special Charges": NaN,
        "Restructuring And Mergern Acquisition": 9000000.0,
        "Net Non Operating Interest Income Expense": -37000000.0,
        "Total Other Finance Cost": 2000000.0,
        "Interest Expense Non Operating": 36000000.0,
        "Interest Income Non Operating": 1000000.0,
        "Operating Income": 28000000.0,
        "Operating Expense": 992000000.0,
        "Other Operating Expenses": 992000000.0,
        "Selling General And Administration": -4000000.0,
        "General And Administrative Expense": -4000000.0,
        "Salaries And Wages": -4000000.0,
        "Gross Profit": 1020000000.0,
        "Cost Of Revenue": 6478000000.0,
        "Total Revenue": 7498000000.0,
        "Operating Revenue": 7213000000.0
    },
    "2024-07-31": {
        "Tax Effect Of Unusual Items": -7795454.545455,
        "Tax Rate For Calcs": 0.159091,
        "Normalized EBITDA": 135000000.0,
        "Total Unusual Items": -49000000.0,
        "Total Unusual Items Excluding Goodwill": -49000000.0,
        "Net Income From Continuing Operation Net Minority Interest": -37000000.0,
        "Reconciled Depreciation": 91000000.0,
        "Reconciled Cost Of Revenue": 7039000000.0,
        "EBITDA": 86000000.0,
        "EBIT": -5000000.0,
        "Net Interest Income": -40000000.0,
        "Interest Expense": 39000000.0,
        "Interest Income": 1000000.0,
        "Normalized Income": 4204545.454545,
        "Net Income From Continuing And Discontinued Operation": -37000000.0,
        "Total Expenses": 8114000000.0,
        "Total Operating Income As Reported": 2000000.0,
        "Diluted Average Shares": NaN,
        "Basic Average Shares": NaN,
        "Diluted EPS": NaN,
        "Basic EPS": NaN,
        "Diluted NI Availto Com Stockholders": -37000000.0,
        "Net Income Common Stockholders": -37000000.0,
        "Net Income": -37000000.0,
        "Minority Interests": 0.0,
        "Net Income Including Noncontrolling Interests": -37000000.0,
        "Net Income Continuous Operations": -37000000.0,
        "Tax Provision": -7000000.0,
        "Pretax Income": -44000000.0,
        "Other Income Expense": -45000000.0,
        "Other Non Operating Income Expenses": 4000000.0,
        "Special Income Charges": -49000000.0,
        "Gain On Sale Of Ppe": -20000000.0,
        "Other Special Charges": NaN,
        "Restructuring And Mergern Acquisition": 19000000.0,
        "Net Non Operating Interest Income Expense": -40000000.0,
        "Total Other Finance Cost": 2000000.0,
        "Interest Expense Non Operating": 39000000.0,
        "Interest Income Non Operating": 1000000.0,
        "Operating Income": 41000000.0,
        "Operating Expense": 1075000000.0,
        "Other Operating Expenses": 1075000000.0,
        "Selling General And Administration": NaN,
        "General And Administrative Expense": NaN,
        "Salaries And Wages": NaN,
        "Gross Profit": 1116000000.0,
        "Cost Of Revenue": 7039000000.0,
        "Total Revenue": 8155000000.0,
        "Operating Revenue": 7880000000.0
    },
    "2024-10-31": {
        "Tax Effect Of Unusual Items": -3006000.0,
        "Tax Rate For Calcs": 0.167,
        "Normalized EBITDA": 109000000.0,
        "Total Unusual Items": -18000000.0,
        "Total Unusual Items Excluding Goodwill": -18000000.0,
        "Net Income From Continuing Operation Net Minority Interest": -21000000.0,
        "Reconciled Depreciation": 80000000.0,
        "Reconciled Cost Of Revenue": 6833000000.0,
        "EBITDA": 91000000.0,
        "EBIT": 11000000.0,
        "Net Interest Income": -36000000.0,
        "Interest Expense": 35000000.0,
        "Interest Income": 1000000.0,
        "Normalized Income": -6006000.0,
        "Net Income From Continuing And Discontinued Operation": -21000000.0,
        "Total Expenses": 7848000000.0,
        "Total Operating Income As Reported": 5000000.0,
        "Diluted Average Shares": 59600000.0,
        "Basic Average Shares": 59600000.0,
        "Diluted EPS": -0.35,
        "Basic EPS": -0.35,
        "Diluted NI Availto Com Stockholders": -21000000.0,
        "Net Income Common Stockholders": -21000000.0,
        "Net Income": -21000000.0,
        "Minority Interests": -1000000.0,
        "Net Income Including Noncontrolling Interests": -20000000.0,
        "Net Income Continuous Operations": -20000000.0,
        "Tax Provision": -4000000.0,
        "Pretax Income": -24000000.0,
        "Other Income Expense": -11000000.0,
        "Other Non Operating Income Expenses": 7000000.0,
        "Special Income Charges": -18000000.0,
        "Gain On Sale Of Ppe": -6000000.0,
        "Other Special Charges": NaN,
        "Restructuring And Mergern Acquisition": 12000000.0,
        "Net Non Operating Interest Income Expense": -36000000.0,
        "Total Other Finance Cost": 2000000.0,
        "Interest Expense Non Operating": 35000000.0,
        "Interest Income Non Operating": 1000000.0,
        "Operating Income": 23000000.0,
        "Operating Expense": 1015000000.0,
        "Other Operating Expenses": 1015000000.0,
        "Selling General And Administration": NaN,
        "General And Administrative Expense": NaN,
        "Salaries And Wages": NaN,
        "Gross Profit": 1038000000.0,
        "Cost Of Revenue": 6833000000.0,
        "Total Revenue": 7871000000.0,
        "Operating Revenue": 7568000000.0
    }
}