{
    "2023-03-31": {
        "Tax Effect Of Unusual Items": 0.0,
        "Tax Rate For Calcs": 0.206,
        "Total Unusual Items": NaN,
        "Total Unusual Items Excluding Goodwill": NaN,
        "Net Income From Continuing Operation Net Minority Interest": 358300000.0,
        "Reconciled Depreciation": 26800000.0,
        "EBIT": 499400000.0,
        "Net Interest Income": -48100000.0,
        "Interest Expense": 48100000.0,
        "Normalized Income": 358300000.0,
        "Net Income From Continuing And Discontinued Operation": 358300000.0,
        "Total Expenses": 2571200000.0,
        "Diluted Average Shares": 199520100.0,
        "Basic Average Shares": 198111200.0,
        "Diluted EPS": 1.8,
        "Basic EPS": 1.81,
        "Diluted NI Availto Com Stockholders": 358300000.0,
        "Net Income Common Stockholders": 358300000.0,
        "Net Income": 358300000.0,
        "Net Income Including Noncontrolling Interests": 358300000.0,
        "Net Income Continuous Operations": 358300000.0,
        "Tax Provision": 93000000.0,
        "Pretax Income": 451300000.0,
        "Other Income Expense": 67900000.0,
        "Special Income Charges": NaN,
        "Other Special Charges": NaN,
        "Net Non Operating Interest Income Expense": -48100000.0,
        "Interest Expense Non Operating": 48100000.0,
        "Other Operating Expenses": 273900000.0,
        "Selling General And Administration": 275000000.0,
        "General And Administrative Expense": 275000000.0,
        "Salaries And Wages": 275000000.0,
        "Total Revenue": 3022500000.0,
        "Operating Revenue": 3022500000.0,
        "Loss Adjustment Expense": 1736400000.0,
        "Net Policyholder Benefits And Claims": 1736400000.0
    },
    "2022-12-31": {
        "Tax Effect Of Unusual Items": NaN,
        "Tax Rate For Calcs": NaN,
        "Total Unusual Items": 0.0,
        "Total Unusual Items Excluding Goodwill": 0.0,
        "Net Income From Continuing Operation Net Minority Interest": NaN,
        "Reconciled Depreciation": NaN,
        "EBIT": NaN,
        "Net Interest Income": NaN,
        "Interest Expense": NaN,
        "Normalized Income": NaN,
        "Net Income From Continuing And Discontinued Operation": NaN,
        "Total Expenses": NaN,
        "Diluted Average Shares": NaN,
        "Basic Average Shares": NaN,
        "Diluted EPS": NaN,
        "Basic EPS": NaN,
        "Diluted NI Availto Com Stockholders": NaN,
        "Net Income Common Stockholders": NaN,
        "Net Income": NaN,
        "Net Income Including Noncontrolling Interests": NaN,
        "Net Income Continuous Operations": NaN,
        "Tax Provision": NaN,
        "Pretax Income": NaN,
        "Other Income Expense": NaN,
        "Special Income Charges": 0.0,
        "Other Special Charges": 0.0,
        "Net Non Operating Interest Income Expense": NaN,
        "Interest Expense Non Operating": NaN,
        "Other Operating Expenses": NaN,
        "Selling General And Administration": NaN,
        "General And Administrative Expense": NaN,
        "Salaries And Wages": NaN,
        "Total Revenue": NaN,
        "Operating Revenue": NaN,
        "Loss Adjustment Expense": NaN,
        "Net Policyholder Benefits And Claims": NaN
    },
    "2022-09-30": {
        "Tax Effect Of Unusual Items": NaN,
        "Tax Rate For Calcs": NaN,
        "Total Unusual Items": -4200000.0,
        "Total Unusual Items Excluding Goodwill": -4200000.0,
        "Net Income From Continuing Operation Net Minority Interest": NaN,
        "Reconciled Depreciation": NaN,
        "EBIT": NaN,
        "Net Interest Income": NaN,
        "Interest Expense": NaN,
        "Normalized Income": NaN,
        "Net Income From Continuing And Discontinued Operation": NaN,
        "Total Expenses": NaN,
        "Diluted Average Shares": NaN,
        "Basic Average Shares": NaN,
        "Diluted EPS": NaN,
        "Basic EPS": NaN,
        "Diluted NI Availto Com Stockholders": NaN,
        "Net Income Common Stockholders": NaN,
        "Net Income": NaN,
        "Net Income Including Noncontrolling Interests": NaN,
        "Net Income Continuous Operations": NaN,
        "Tax Provision": NaN,
        "Pretax Income": NaN,
        "Other Income Expense": NaN,
        "Special Income Charges": -4200000.0,
        "Other Special Charges": 4200000.0,
        "Net Non Operating Interest Income Expense": NaN,
        "Interest Expense Non Operating": NaN,
        "Other Operating Expenses": NaN,
        "Selling General And Administration": NaN,
        "General And Administrative Expense": NaN,
        "Salaries And Wages": NaN,
        "Total Revenue": NaN,
        "Operating Revenue": NaN
    },
    "2022-06-30": {
        "Tax Effect Of Unusual Items": 0.0,
        "Tax Rate For Calcs": 0.164071,
        "Total Unusual Items": 0.0,
        "Total Unusual Items Excluding Goodwill": 0.0,
        "Net Income From Continuing Operation Net Minority Interest": 370400000.0,
        "Reconciled Depreciation": 26700000.0,
        "EBIT": 490500000.0,
        "Net Interest Income": -47400000.0,
        "Interest Expense": 47400000.0,
        "Normalized Income": 370400000.0,
        "Net Income From Continuing And Discontinued Operation": 370400000.0,
        "Total Expenses": 2597800000.0,
        "Diluted Average Shares": 202431700.0,
        "Basic Average Shares": 201151700.0,
        "Diluted EPS": 1.81,
        "Basic EPS": 1.83,
        "Diluted NI Availto Com Stockholders": 370400000.0,
        "Net Income Common Stockholders": 370400000.0,
        "Net Income": 370400000.0,
        "Net Income Including Noncontrolling Interests": 370400000.0,
        "Net Income Continuous Operations": 370400000.0,
        "Tax Provision": 72700000.0,
        "Pretax Income": 443100000.0,
        "Other Income Expense": 68700000.0,
        "Special Income Charges": 0.0,
        "Other Special Charges": NaN,
        "Net Non Operating Interest Income Expense": -47400000.0,
        "Interest Expense Non Operating": 47400000.0,
        "Other Operating Expenses": 513200000.0,
        "Selling General And Administration": 259900000.0,
        "General And Administrative Expense": 259900000.0,
        "Salaries And Wages": 259900000.0,
        "Total Revenue": 3040900000.0,
        "Operating Revenue": 3040900000.0
    },
    "2023-06-30": {
        "Tax Effect Of Unusual Items": 0.0,
        "Tax Rate For Calcs": 0.212,
        "Total Unusual Items": NaN,
        "Total Unusual Items Excluding Goodwill": NaN,
        "Net Income From Continuing Operation Net Minority Interest": 392900000.0,
        "Reconciled Depreciation": 26000000.0,
        "EBIT": 547300000.0,
        "Net Interest Income": -48900000.0,
        "Interest Expense": 48900000.0,
        "Normalized Income": 392900000.0,
        "Net Income From Continuing And Discontinued Operation": 392900000.0,
        "Total Expenses": 2595100000.0,
        "Diluted Average Shares": 198136500.0,
        "Basic Average Shares": 197180400.0,
        "Diluted EPS": 1.98,
        "Basic EPS": 1.99,
        "Diluted NI Availto Com Stockholders": 392900000.0,
        "Net Income Common Stockholders": 392900000.0,
        "Net Income": 392900000.0,
        "Net Income Including Noncontrolling Interests": 392900000.0,
        "Net Income Continuous Operations": 392900000.0,
        "Tax Provision": 105500000.0,
        "Pretax Income": 498400000.0,
        "Other Income Expense": 71100000.0,
        "Special Income Charges": NaN,
        "Net Non Operating Interest Income Expense": -48900000.0,
        "Interest Expense Non Operating": 48900000.0,
        "Other Operating Expenses": 274700000.0,
        "Selling General And Administration": 294400000.0,
        "General And Administrative Expense": 294400000.0,
        "Salaries And Wages": 294400000.0,
        "Total Revenue": 3093500000.0,
        "Operating Revenue": 3093500000.0,
        "Loss Adjustment Expense": 1753600000.0,
        "Net Policyholder Benefits And Claims": 1753600000.0
    },
    "2022-03-31": {
        "Diluted EPS": 1.18,
        "Total Revenue": NaN,
        "Gross Profit": 793,
        "Operating Income": 296,
        "EBIT": 386,
        "Net Income": 240
    },
    "2021-12-31": {
        "Diluted EPS": 0.78,
        "Total Revenue": NaN,
        "Gross Profit": 899,
        "Operating Income": 192,
        "EBIT": 318,
        "Net Income": 160
    },
    "2021-09-30": {
        "Diluted EPS": 1.6,
        "Total Revenue": NaN,
        "Gross Profit": NaN,
        "Operating Income": 410,
        "EBIT": 515,
        "Net Income": 329
    },
    "2021-06-30": {
        "Diluted EPS": 0.89,
        "Total Revenue": NaN,
        "Gross Profit": NaN,
        "Operating Income": 263,
        "EBIT": 400,
        "Net Income": 183
    },
    "2021-03-31": {
        "Diluted EPS": 0.75,
        "Total Revenue": NaN,
        "Gross Profit": 892,
        "Operating Income": 199,
        "EBIT": 293,
        "Net Income": 153
    },
    "2020-12-31": {
        "Diluted EPS": 0.67,
        "Total Revenue": NaN,
        "Gross Profit": 809,
        "Operating Income": 125,
        "EBIT": 231,
        "Net Income": 135
    },
    "2020-09-30": {
        "Diluted EPS": 1.13,
        "Total Revenue": NaN,
        "Gross Profit": 984,
        "Operating Income": 300,
        "EBIT": 379,
        "Net Income": 231
    },
    "2020-06-30": {
        "Diluted EPS": 1.3,
        "Total Revenue": NaN,
        "Gross Profit": NaN,
        "Operating Income": 338,
        "EBIT": 412,
        "Net Income": 266
    },
    "2020-03-31": {
        "Diluted EPS": 0.79,
        "Total Revenue": NaN,
        "Gross Profit": 899,
        "Operating Income": 202,
        "EBIT": 276,
        "Net Income": 161
    },
    "2019-12-31": {
        "Diluted EPS": 1.44,
        "Total Revenue": NaN,
        "Gross Profit": NaN,
        "Operating Income": 377,
        "EBIT": 488,
        "Net Income": 296
    },
    "2019-09-30": {
        "Diluted EPS": 1.16,
        "Total Revenue": NaN,
        "Gross Profit": 971,
        "Operating Income": 299,
        "EBIT": 337,
        "Net Income": 242
    },
    "2019-06-30": {
        "Diluted EPS": 1.33,
        "Total Revenue": NaN,
        "Gross Profit": NaN,
        "Operating Income": 352,
        "EBIT": 422,
        "Net Income": 281
    },
    "2019-03-31": {
        "Diluted EPS": 1.31,
        "Total Revenue": NaN,
        "Gross Profit": NaN,
        "Operating Income": 353,
        "EBIT": 423,
        "Net Income": 281
    },
    "2018-12-31": {
        "Diluted EPS": 1.16,
        "Total Revenue": NaN,
        "Gross Profit": NaN,
        "Operating Income": 310,
        "EBIT": 378,
        "Net Income": 249
    },
    "2018-09-30": {
        "Diluted EPS": -1.3,
        "Total Revenue": NaN,
        "Gross Profit": 72,
        "Operating Income": -378,
        "EBIT": -310,
        "Net Income": -285
    },
    "2018-06-30": {
        "Diluted EPS": 1.29,
        "Total Revenue": NaN,
        "Gross Profit": 978,
        "Operating Income": 355,
        "EBIT": 422,
        "Net Income": 286
    },
    "2018-03-31": {
        "Diluted EPS": 1.23,
        "Total Revenue": NaN,
        "Gross Profit": 979,
        "Operating Income": 341,
        "EBIT": 406,
        "Net Income": 274
    },
    "2017-12-31": {
        "Diluted EPS": 1.18,
        "Total Revenue": NaN,
        "Gross Profit": 941,
        "Operating Income": 345,
        "EBIT": 410,
        "Net Income": 267
    },
    "2017-09-30": {
        "Diluted EPS": 1.12,
        "Total Revenue": NaN,
        "Gross Profit": 946,
        "Operating Income": 367,
        "EBIT": 432,
        "Net Income": 252
    },
    "2017-06-30": {
        "Diluted EPS": 1.07,
        "Total Revenue": NaN,
        "Gross Profit": 962,
        "Operating Income": 362,
        "EBIT": 428,
        "Net Income": 245
    },
    "2017-03-31": {
        "Diluted EPS": 1.0,
        "Total Revenue": NaN,
        "Gross Profit": 949,
        "Operating Income": 330,
        "EBIT": 397,
        "Net Income": 230
    },
    "2016-12-31": {
        "Diluted EPS": 1.06,
        "Total Revenue": NaN,
        "Gross Profit": 951,
        "Operating Income": 371,
        "EBIT": 437,
        "Net Income": 248
    },
    "2016-09-30": {
        "Diluted EPS": 1.01,
        "Total Revenue": NaN,
        "Gross Profit": 912,
        "Operating Income": 332,
        "EBIT": 403,
        "Net Income": 236
    },
    "2016-06-30": {
        "Diluted EPS": 1.0,
        "Total Revenue": NaN,
        "Gross Profit": 920,
        "Operating Income": 340,
        "EBIT": 408,
        "Net Income": 237
    },
    "2016-03-31": {
        "Diluted EPS": 0.88,
        "Total Revenue": NaN,
        "Gross Profit": 888,
        "Operating Income": 304,
        "EBIT": 368,
        "Net Income": 211
    },
    "2015-12-31": {
        "Diluted EPS": 0.93,
        "Total Revenue": NaN,
        "Gross Profit": 883,
        "Operating Income": 317,
        "EBIT": 381,
        "Net Income": 226
    },
    "2015-09-30": {
        "Diluted EPS": 0.83,
        "Total Revenue": NaN,
        "Gross Profit": 860,
        "Operating Income": 299,
        "EBIT": 362,
        "Net Income": 204
    },
    "2015-06-30": {
        "Diluted EPS": 0.9,
        "Total Revenue": NaN,
        "Gross Profit": 897,
        "Operating Income": 320,
        "EBIT": 383,
        "Net Income": 224
    },
    "2015-03-31": {
        "Diluted EPS": 0.84,
        "Total Revenue": NaN,
        "Gross Profit": 882,
        "Operating Income": 303,
        "EBIT": 364,
        "Net Income": 213
    },
    "2014-12-31": {
        "Diluted EPS": -1.08,
        "Total Revenue": NaN,
        "Gross Profit": 171,
        "Operating Income": -455,
        "EBIT": -394,
        "Net Income": -282
    },
    "2014-09-30": {
        "Diluted EPS": 0.86,
        "Total Revenue": NaN,
        "Gross Profit": 857,
        "Operating Income": 317,
        "EBIT": 379,
        "Net Income": 219
    },
    "2014-06-30": {
        "Diluted EPS": 0.93,
        "Total Revenue": NaN,
        "Gross Profit": 899,
        "Operating Income": 350,
        "EBIT": 425,
        "Net Income": 239
    },
    "2014-03-31": {
        "Diluted EPS": 0.86,
        "Total Revenue": NaN,
        "Gross Profit": 876,
        "Operating Income": 330,
        "EBIT": 389,
        "Net Income": 226
    },
    "2013-12-31": {
        "Diluted EPS": 0.8,
        "Total Revenue": NaN,
        "Gross Profit": 847,
        "Operating Income": 321,
        "EBIT": 380,
        "Net Income": 210
    },
    "2013-09-30": {
        "Diluted EPS": 0.78,
        "Total Revenue": NaN,
        "Gross Profit": 795,
        "Operating Income": 284,
        "EBIT": 342,
        "Net Income": 206
    },
    "2013-06-30": {
        "Diluted EPS": 0.82,
        "Total Revenue": NaN,
        "Gross Profit": 833,
        "Operating Income": 312,
        "EBIT": 370,
        "Net Income": 219
    },
    "2013-03-31": {
        "Diluted EPS": 0.79,
        "Total Revenue": NaN,
        "Gross Profit": 856,
        "Operating Income": 304,
        "EBIT": 362,
        "Net Income": 213
    },
    "2012-12-31": {
        "Diluted EPS": 0.85,
        "Total Revenue": NaN,
        "Gross Profit": 862,
        "Operating Income": 323,
        "EBIT": 382,
        "Net Income": 234
    },
    "2012-09-30": {
        "Diluted EPS": 0.83,
        "Total Revenue": NaN,
        "Gross Profit": 824,
        "Operating Income": 320,
        "EBIT": 379,
        "Net Income": 230
    },
    "2012-06-30": {
        "Diluted EPS": 0.76,
        "Total Revenue": NaN,
        "Gross Profit": 823,
        "Operating Income": 296,
        "EBIT": 352,
        "Net Income": 216
    },
    "2012-03-31": {
        "Diluted EPS": 0.73,
        "Total Revenue": NaN,
        "Gross Profit": 834,
        "Operating Income": 310,
        "EBIT": 366,
        "Net Income": 214
    },
    "2011-12-31": {
        "Diluted EPS": -1.19,
        "Total Revenue": NaN,
        "Gross Profit": 115,
        "Operating Income": -617,
        "EBIT": -561,
        "Net Income": -369
    },
    "2011-09-30": {
        "Diluted EPS": 0.68,
        "Total Revenue": NaN,
        "Gross Profit": 800,
        "Operating Income": 289,
        "EBIT": 344,
        "Net Income": 202
    },
    "2011-06-30": {
        "Diluted EPS": 0.74,
        "Total Revenue": NaN,
        "Gross Profit": 860,
        "Operating Income": 335,
        "EBIT": 390,
        "Net Income": 228
    },
    "2011-03-31": {
        "Diluted EPS": 0.71,
        "Total Revenue": NaN,
        "Gross Profit": 858,
        "Operating Income": 327,
        "EBIT": 385,
        "Net Income": 224
    },
    "2010-12-31": {
        "Diluted EPS": 0.69,
        "Total Revenue": NaN,
        "Gross Profit": 727,
        "Operating Income": 324,
        "EBIT": 383,
        "Net Income": 218
    },
    "2010-09-30": {
        "Diluted EPS": 0.68,
        "Total Revenue": NaN,
        "Gross Profit": 877,
        "Operating Income": 327,
        "EBIT": 381,
        "Net Income": 221
    },
    "2010-06-30": {
        "Diluted EPS": 0.63,
        "Total Revenue": NaN,
        "Gross Profit": 873,
        "Operating Income": 308,
        "EBIT": 361,
        "Net Income": 210
    },
    "2010-03-31": {
        "Diluted EPS": 0.69,
        "Total Revenue": NaN,
        "Gross Profit": 929,
        "Operating Income": 361,
        "EBIT": 413,
        "Net Income": 230
    },
    "2009-12-31": {
        "Diluted EPS": 0.61,
        "Total Revenue": NaN,
        "Gross Profit": 873,
        "Operating Income": 296,
        "EBIT": 350,
        "Net Income": 199
    },
    "2009-09-30": {
        "Diluted EPS": 0.66,
        "Total Revenue": NaN,
        "Gross Profit": 892,
        "Operating Income": 335,
        "EBIT": 381,
        "Net Income": 221
    },
    "2009-06-30": {
        "Diluted EPS": 0.8,
        "Total Revenue": NaN,
        "Gross Profit": 980,
        "Operating Income": 411,
        "EBIT": 460,
        "Net Income": 267
    },
    "2009-03-31": {
        "Diluted EPS": 0.5,
        "Total Revenue": NaN,
        "Gross Profit": 811,
        "Operating Income": 251,
        "EBIT": 301,
        "Net Income": 165
    },
    "2023-09-30": {
        "Tax Effect Of Unusual Items": 0.0,
        "Tax Rate For Calcs": 0.228124,
        "Total Unusual Items": 0.0,
        "Total Unusual Items Excluding Goodwill": 0.0,
        "Net Income From Continuing Operation Net Minority Interest": 202000000.0,
        "Reconciled Depreciation": 28100000.0,
        "EBIT": 310300000.0,
        "Net Interest Income": -48600000.0,
        "Interest Expense": 48600000.0,
        "Normalized Income": 202000000.0,
        "Net Income From Continuing And Discontinued Operation": 202000000.0,
        "Total Expenses": 2807300000.0,
        "Diluted Average Shares": 197131800.0,
        "Basic Average Shares": 196083200.0,
        "Diluted EPS": 1.02,
        "Basic EPS": 1.03,
        "Diluted NI Availto Com Stockholders": 202000000.0,
        "Net Income Common Stockholders": 202000000.0,
        "Net Income": 202000000.0,
        "Net Income Including Noncontrolling Interests": 202000000.0,
        "Net Income Continuous Operations": 202000000.0,
        "Tax Provision": 59700000.0,
        "Pretax Income": 261700000.0,
        "Other Income Expense": 71600000.0,
        "Special Income Charges": 0.0,
        "Net Non Operating Interest Income Expense": -48600000.0,
        "Interest Expense Non Operating": 48600000.0,
        "Other Operating Expenses": 270900000.0,
        "Selling General And Administration": 297900000.0,
        "General And Administrative Expense": 297900000.0,
        "Salaries And Wages": 297900000.0,
        "Total Revenue": 3069000000.0,
        "Operating Revenue": 3069000000.0,
        "Loss Adjustment Expense": 1947000000.0,
        "Net Policyholder Benefits And Claims": 1947000000.0
    },
    "2023-12-31": {
        "Tax Effect Of Unusual Items": 0.0,
        "Tax Rate For Calcs": 0.228831,
        "Total Unusual Items": 0.0,
        "Total Unusual Items Excluding Goodwill": 0.0,
        "Net Income From Continuing Operation Net Minority Interest": 330600000.0,
        "Reconciled Depreciation": 27900000.0,
        "EBIT": 477900000.0,
        "Net Interest Income": -49200000.0,
        "Interest Expense": 49200000.0,
        "Normalized Income": 330600000.0,
        "Net Income From Continuing And Discontinued Operation": 330600000.0,
        "Total Expenses": 2695000000.0,
        "Diluted Average Shares": 195476200.0,
        "Basic Average Shares": 194723800.0,
        "Diluted EPS": 1.69,
        "Basic EPS": 1.7,
        "Diluted NI Availto Com Stockholders": 330600000.0,
        "Net Income Common Stockholders": 330600000.0,
        "Net Income": 330600000.0,
        "Net Income Including Noncontrolling Interests": 330600000.0,
        "Net Income Continuous Operations": 330600000.0,
        "Tax Provision": 98100000.0,
        "Pretax Income": 428700000.0,
        "Other Income Expense": 68600000.0,
        "Special Income Charges": 0.0,
        "Net Non Operating Interest Income Expense": -49200000.0,
        "Interest Expense Non Operating": 49200000.0,
        "Other Operating Expenses": 293400000.0,
        "Selling General And Administration": 295300000.0,
        "General And Administrative Expense": 295300000.0,
        "Salaries And Wages": 295300000.0,
        "Total Revenue": 3123700000.0,
        "Operating Revenue": 3123700000.0,
        "Loss Adjustment Expense": 1820100000.0,
        "Net Policyholder Benefits And Claims": 1820100000.0
    },
    "2024-03-31": {
        "Tax Effect Of Unusual Items": 0.0,
        "Tax Rate For Calcs": 0.203,
        "Total Unusual Items": NaN,
        "Total Unusual Items Excluding Goodwill": NaN,
        "Net Income From Continuing Operation Net Minority Interest": 395200000.0,
        "Reconciled Depreciation": 30100000.0,
        "EBIT": 545200000.0,
        "Net Interest Income": -49500000.0,
        "Interest Expense": 49500000.0,
        "Normalized Income": 395200000.0,
        "Net Income From Continuing And Discontinued Operation": 395200000.0,
        "Total Expenses": 2684800000.0,
        "Diluted Average Shares": 193267100.0,
        "Basic Average Shares": 192550200.0,
        "Diluted EPS": 2.04,
        "Basic EPS": 2.05,
        "Diluted NI Availto Com Stockholders": 395200000.0,
        "Net Income Common Stockholders": 395200000.0,
        "Net Income": 395200000.0,
        "Net Income Including Noncontrolling Interests": 395200000.0,
        "Net Income Continuous Operations": 395200000.0,
        "Tax Provision": 100500000.0,
        "Pretax Income": 495700000.0,
        "Other Income Expense": 77700000.0,
        "Special Income Charges": NaN,
        "Net Non Operating Interest Income Expense": -49500000.0,
        "Interest Expense Non Operating": 49500000.0,
        "Other Operating Expenses": 291600000.0,
        "Selling General And Administration": 305800000.0,
        "General And Administrative Expense": 305800000.0,
        "Salaries And Wages": 305800000.0,
        "Total Revenue": 3180500000.0,
        "Operating Revenue": 3180500000.0,
        "Loss Adjustment Expense": 1785300000.0,
        "Net Policyholder Benefits And Claims": 1785300000.0
    },
    "2024-06-30": {
        "Tax Effect Of Unusual Items": 0.0,
        "Tax Rate For Calcs": 0.214,
        "Total Unusual Items": NaN,
        "Total Unusual Items Excluding Goodwill": NaN,
        "Net Income From Continuing Operation Net Minority Interest": 389500000.0,
        "Reconciled Depreciation": 29200000.0,
        "EBIT": 545400000.0,
        "Net Interest Income": -49900000.0,
        "Interest Expense": 49900000.0,
        "Normalized Income": 389500000.0,
        "Net Income From Continuing And Discontinued Operation": 389500000.0,
        "Total Expenses": 2709500000.0,
        "Diluted Average Shares": 190329300.0,
        "Basic Average Shares": 189894100.0,
        "Diluted EPS": 2.05,
        "Basic EPS": 2.05,
        "Diluted NI Availto Com Stockholders": 389500000.0,
        "Net Income Common Stockholders": 389500000.0,
        "Net Income": 389500000.0,
        "Net Income Including Noncontrolling Interests": 389500000.0,
        "Net Income Continuous Operations": 389500000.0,
        "Tax Provision": 106000000.0,
        "Pretax Income": 495500000.0,
        "Other Income Expense": 71500000.0,
        "Special Income Charges": NaN,
        "Net Non Operating Interest Income Expense": -49900000.0,
        "Interest Expense Non Operating": 49900000.0,
        "Other Operating Expenses": 305000000.0,
        "Selling General And Administration": 295900000.0,
        "General And Administrative Expense": 295900000.0,
        "Salaries And Wages": 295900000.0,
        "Total Revenue": 3205000000.0,
        "Operating Revenue": 3205000000.0,
        "Loss Adjustment Expense": 1809500000.0,
        "Net Policyholder Benefits And Claims": 1809500000.0
    },
    "2024-09-30": {
        "Tax Effect Of Unusual Items": 0.0,
        "Tax Rate For Calcs": 0.207341,
        "Total Unusual Items": NaN,
        "Total Unusual Items Excluding Goodwill": NaN,
        "Net Income From Continuing Operation Net Minority Interest": 645700000.0,
        "Reconciled Depreciation": 30600000.0,
        "EBIT": 863800000.0,
        "Net Interest Income": -49200000.0,
        "Interest Expense": 49200000.0,
        "Normalized Income": 645700000.0,
        "Net Income From Continuing And Discontinued Operation": 645700000.0,
        "Total Expenses": 2387500000.0,
        "Diluted Average Shares": 186882400.0,
        "Basic Average Shares": 186400700.0,
        "Diluted EPS": 3.46,
        "Basic EPS": 3.46,
        "Diluted NI Availto Com Stockholders": 645700000.0,
        "Net Income Common Stockholders": 645700000.0,
        "Net Income": 645700000.0,
        "Net Income Including Noncontrolling Interests": 645700000.0,
        "Net Income Continuous Operations": 645700000.0,
        "Tax Provision": 168900000.0,
        "Pretax Income": 814600000.0,
        "Other Income Expense": 73300000.0,
        "Special Income Charges": NaN,
        "Net Non Operating Interest Income Expense": -49200000.0,
        "Interest Expense Non Operating": 49200000.0,
        "Other Operating Expenses": 316200000.0,
        "Selling General And Administration": 294200000.0,
        "General And Administrative Expense": 294200000.0,
        "Salaries And Wages": 294200000.0,
        "Total Revenue": 3202100000.0,
        "Operating Revenue": 3202100000.0,
        "Loss Adjustment Expense": 1461900000.0,
        "Net Policyholder Benefits And Claims": 1461900000.0
    }
}