{
    "2023-06-30": {
        "Tax Effect Of Unusual Items": 13708375.893769,
        "Tax Rate For Calcs": 0.198672,
        "Normalized EBITDA": 2805000000.0,
        "Total Unusual Items": 69000000.0,
        "Total Unusual Items Excluding Goodwill": 69000000.0,
        "Net Income From Continuing Operation Net Minority Interest": 1569000000.0,
        "Reconciled Depreciation": 577000000.0,
        "Reconciled Cost Of Revenue": 3408000000.0,
        "EBITDA": 2874000000.0,
        "EBIT": 2297000000.0,
        "Net Interest Income": -339000000.0,
        "Interest Expense": 339000000.0,
        "Interest Income": 0.0,
        "Normalized Income": 1513708375.893769,
        "Net Income From Continuing And Discontinued Operation": 1569000000.0,
        "Total Expenses": 3759000000.0,
        "Rent Expense Supplemental": 248000000.0,
        "Total Operating Income As Reported": 2204000000.0,
        "Diluted Average Shares": 609500000.0,
        "Basic Average Shares": 608700000.0,
        "Diluted EPS": 2.57,
        "Basic EPS": 2.58,
        "Diluted NI Availto Com Stockholders": 1569000000.0,
        "Net Income Common Stockholders": 1569000000.0,
        "Net Income": 1569000000.0,
        "Net Income Including Noncontrolling Interests": 1569000000.0,
        "Net Income Continuous Operations": 1569000000.0,
        "Tax Provision": 389000000.0,
        "Pretax Income": 1958000000.0,
        "Other Income Expense": 93000000.0,
        "Other Non Operating Income Expenses": 24000000.0,
        "Gain On Sale Of Security": 69000000.0,
        "Net Non Operating Interest Income Expense": -339000000.0,
        "Interest Expense Non Operating": 339000000.0,
        "Interest Income Non Operating": 0.0,
        "Operating Income": 2204000000.0,
        "Operating Expense": 351000000.0,
        "Other Operating Expenses": 351000000.0,
        "Selling General And Administration": NaN,
        "General And Administrative Expense": NaN,
        "Salaries And Wages": NaN,
        "Gross Profit": 2555000000.0,
        "Cost Of Revenue": 3408000000.0,
        "Total Revenue": 5963000000.0,
        "Operating Revenue": 5569000000.0
    },
    "2023-03-31": {
        "Tax Effect Of Unusual Items": NaN,
        "Tax Rate For Calcs": NaN,
        "Normalized EBITDA": NaN,
        "Total Unusual Items": NaN,
        "Total Unusual Items Excluding Goodwill": NaN,
        "Net Income From Continuing Operation Net Minority Interest": NaN,
        "Reconciled Depreciation": NaN,
        "Reconciled Cost Of Revenue": NaN,
        "EBITDA": NaN,
        "EBIT": NaN,
        "Net Interest Income": NaN,
        "Interest Expense": NaN,
        "Interest Income": NaN,
        "Normalized Income": NaN,
        "Net Income From Continuing And Discontinued Operation": NaN,
        "Total Expenses": NaN,
        "Rent Expense Supplemental": NaN,
        "Total Operating Income As Reported": NaN,
        "Diluted Average Shares": NaN,
        "Basic Average Shares": NaN,
        "Diluted EPS": NaN,
        "Basic EPS": NaN,
        "Diluted NI Availto Com Stockholders": NaN,
        "Net Income Common Stockholders": NaN,
        "Net Income": NaN,
        "Net Income Including Noncontrolling Interests": NaN,
        "Net Income Continuous Operations": NaN,
        "Tax Provision": NaN,
        "Pretax Income": NaN,
        "Other Income Expense": NaN,
        "Other Non Operating Income Expenses": NaN,
        "Gain On Sale Of Security": NaN,
        "Net Non Operating Interest Income Expense": NaN,
        "Interest Expense Non Operating": NaN,
        "Interest Income Non Operating": NaN,
        "Operating Income": NaN,
        "Operating Expense": NaN,
        "Other Operating Expenses": NaN,
        "Selling General And Administration": -14000000.0,
        "General And Administrative Expense": -14000000.0,
        "Salaries And Wages": -14000000.0,
        "Gross Profit": NaN,
        "Cost Of Revenue": NaN,
        "Total Revenue": NaN,
        "Operating Revenue": NaN
    },
    "2022-12-31": {
        "Tax Effect Of Unusual Items": 17676646.706587,
        "Tax Rate For Calcs": 0.245509,
        "Normalized EBITDA": 3001000000.0,
        "Total Unusual Items": 72000000.0,
        "Total Unusual Items Excluding Goodwill": 72000000.0,
        "Net Income From Continuing Operation Net Minority Interest": 1638000000.0,
        "Reconciled Depreciation": 569000000.0,
        "Reconciled Cost Of Revenue": 3467000000.0,
        "EBITDA": 3073000000.0,
        "EBIT": 2504000000.0,
        "Net Interest Income": -333000000.0,
        "Interest Expense": 333000000.0,
        "Normalized Income": 1583676646.706587,
        "Net Income From Continuing And Discontinued Operation": 1638000000.0,
        "Total Expenses": 3768000000.0,
        "Rent Expense Supplemental": 238000000.0,
        "Total Operating Income As Reported": 2412000000.0,
        "Diluted Average Shares": 613700000.0,
        "Basic Average Shares": 612700000.0,
        "Diluted EPS": 2.67,
        "Basic EPS": 2.67,
        "Diluted NI Availto Com Stockholders": 1638000000.0,
        "Net Income Common Stockholders": 1638000000.0,
        "Net Income": 1638000000.0,
        "Net Income Including Noncontrolling Interests": 1638000000.0,
        "Net Income Continuous Operations": 1638000000.0,
        "Tax Provision": 533000000.0,
        "Pretax Income": 2171000000.0,
        "Other Income Expense": 92000000.0,
        "Other Non Operating Income Expenses": 20000000.0,
        "Gain On Sale Of Security": 72000000.0,
        "Net Non Operating Interest Income Expense": -333000000.0,
        "Interest Expense Non Operating": 333000000.0,
        "Operating Income": 2412000000.0,
        "Operating Expense": 301000000.0,
        "Other Operating Expenses": 301000000.0,
        "Gross Profit": 2713000000.0,
        "Cost Of Revenue": 3467000000.0,
        "Total Revenue": 6180000000.0,
        "Operating Revenue": 5768000000.0
    },
    "2022-09-30": {
        "Tax Effect Of Unusual Items": 23071662.571663,
        "Tax Rate For Calcs": 0.223997,
        "Normalized EBITDA": 3217000000.0,
        "Total Unusual Items": 103000000.0,
        "Total Unusual Items Excluding Goodwill": 103000000.0,
        "Net Income From Continuing Operation Net Minority Interest": 1895000000.0,
        "Reconciled Depreciation": 563000000.0,
        "Reconciled Cost Of Revenue": 3614000000.0,
        "EBITDA": 3320000000.0,
        "EBIT": 2757000000.0,
        "Net Interest Income": -315000000.0,
        "Interest Expense": 315000000.0,
        "Normalized Income": 1815071662.571663,
        "Net Income From Continuing And Discontinued Operation": 1895000000.0,
        "Total Expenses": 3933000000.0,
        "Rent Expense Supplemental": 215000000.0,
        "Total Operating Income As Reported": 2633000000.0,
        "Diluted Average Shares": 621500000.0,
        "Basic Average Shares": 620400000.0,
        "Diluted EPS": 3.05,
        "Basic EPS": 3.05,
        "Diluted NI Availto Com Stockholders": 1895000000.0,
        "Net Income Common Stockholders": 1895000000.0,
        "Net Income": 1895000000.0,
        "Net Income Including Noncontrolling Interests": 1895000000.0,
        "Net Income Continuous Operations": 1895000000.0,
        "Tax Provision": 547000000.0,
        "Pretax Income": 2442000000.0,
        "Other Income Expense": 124000000.0,
        "Other Non Operating Income Expenses": 21000000.0,
        "Gain On Sale Of Security": 103000000.0,
        "Net Non Operating Interest Income Expense": -315000000.0,
        "Interest Expense Non Operating": 315000000.0,
        "Operating Income": 2633000000.0,
        "Operating Expense": 319000000.0,
        "Other Operating Expenses": 319000000.0,
        "Gross Profit": 2952000000.0,
        "Cost Of Revenue": 3614000000.0,
        "Total Revenue": 6566000000.0,
        "Operating Revenue": 6109000000.0
    },
    "2022-06-30": {
        "Tax Effect Of Unusual Items": 0.0,
        "Tax Rate For Calcs": 0.216,
        "Normalized EBITDA": 2658000000.0,
        "Total Unusual Items": 98000000.0,
        "Total Unusual Items Excluding Goodwill": 98000000.0,
        "Net Income From Continuing Operation Net Minority Interest": 1835000000.0,
        "Reconciled Depreciation": 559000000.0,
        "Reconciled Cost Of Revenue": 3443000000.0,
        "EBITDA": 2658000000.0,
        "EBIT": 2658000000.0,
        "Net Interest Income": -316000000.0,
        "Interest Expense": 316000000.0,
        "Normalized Income": 1835000000.0,
        "Net Income From Continuing And Discontinued Operation": 1835000000.0,
        "Total Expenses": 3774000000.0,
        "Rent Expense Supplemental": 230000000.0,
        "Total Operating Income As Reported": 2495000000.0,
        "Diluted Average Shares": 626800000.0,
        "Basic Average Shares": 625600000.0,
        "Diluted EPS": 2.93,
        "Basic EPS": 2.93,
        "Diluted NI Availto Com Stockholders": 1835000000.0,
        "Net Income Common Stockholders": 1835000000.0,
        "Net Income": 1835000000.0,
        "Net Income Including Noncontrolling Interests": 1835000000.0,
        "Net Income Continuous Operations": 1835000000.0,
        "Tax Provision": 507000000.0,
        "Pretax Income": 2342000000.0,
        "Other Income Expense": 163000000.0,
        "Other Non Operating Income Expenses": 163000000.0,
        "Special Income Charges": 98000000.0,
        "Gain On Sale Of Ppe": 98000000.0,
        "Gain On Sale Of Security": NaN,
        "Net Non Operating Interest Income Expense": -316000000.0,
        "Interest Expense Non Operating": 316000000.0,
        "Operating Income": 2495000000.0,
        "Operating Expense": 331000000.0,
        "Other Operating Expenses": 331000000.0,
        "Gross Profit": 2826000000.0,
        "Cost Of Revenue": 3443000000.0,
        "Total Revenue": 6269000000.0,
        "Operating Revenue": 5842000000.0
    },
    "2022-03-31": {
        "Diluted EPS": 2.57,
        "Total Revenue": NaN,
        "Gross Profit": NaN,
        "Operating Income": NaN,
        "EBIT": NaN,
        "Net Income": NaN
    },
    "2021-12-31": {
        "Diluted EPS": 2.66,
        "Total Revenue": NaN,
        "Gross Profit": NaN,
        "Operating Income": NaN,
        "EBIT": NaN,
        "Net Income": NaN
    },
    "2021-09-30": {
        "Diluted EPS": 2.57,
        "Total Revenue": NaN,
        "Gross Profit": NaN,
        "Operating Income": NaN,
        "EBIT": NaN,
        "Net Income": NaN
    },
    "2021-06-30": {
        "Diluted EPS": 2.72,
        "Total Revenue": NaN,
        "Gross Profit": NaN,
        "Operating Income": NaN,
        "EBIT": NaN,
        "Net Income": NaN
    },
    "2021-03-31": {
        "Diluted EPS": 2.0,
        "Total Revenue": NaN,
        "Gross Profit": NaN,
        "Operating Income": NaN,
        "EBIT": NaN,
        "Net Income": NaN
    },
    "2020-12-31": {
        "Diluted EPS": 2.05,
        "Total Revenue": NaN,
        "Gross Profit": NaN,
        "Operating Income": NaN,
        "EBIT": NaN,
        "Net Income": NaN
    },
    "2020-09-30": {
        "Diluted EPS": 2.01,
        "Total Revenue": NaN,
        "Gross Profit": NaN,
        "Operating Income": NaN,
        "EBIT": NaN,
        "Net Income": NaN
    },
    "2020-06-30": {
        "Diluted EPS": 1.67,
        "Total Revenue": NaN,
        "Gross Profit": NaN,
        "Operating Income": NaN,
        "EBIT": NaN,
        "Net Income": NaN
    },
    "2020-03-31": {
        "Diluted EPS": 2.15,
        "Total Revenue": NaN,
        "Gross Profit": NaN,
        "Operating Income": NaN,
        "EBIT": NaN,
        "Net Income": NaN
    },
    "2019-12-31": {
        "Diluted EPS": 2.01,
        "Total Revenue": NaN,
        "Gross Profit": NaN,
        "Operating Income": NaN,
        "EBIT": NaN,
        "Net Income": NaN
    },
    "2019-09-30": {
        "Diluted EPS": 2.22,
        "Total Revenue": NaN,
        "Gross Profit": NaN,
        "Operating Income": NaN,
        "EBIT": NaN,
        "Net Income": NaN
    },
    "2019-06-30": {
        "Diluted EPS": 2.22,
        "Total Revenue": NaN,
        "Gross Profit": NaN,
        "Operating Income": NaN,
        "EBIT": NaN,
        "Net Income": NaN
    },
    "2019-03-31": {
        "Diluted EPS": 1.93,
        "Total Revenue": NaN,
        "Gross Profit": NaN,
        "Operating Income": NaN,
        "EBIT": NaN,
        "Net Income": NaN
    },
    "2018-12-31": {
        "Diluted EPS": 2.1,
        "Total Revenue": NaN,
        "Gross Profit": NaN,
        "Operating Income": NaN,
        "EBIT": NaN,
        "Net Income": NaN
    },
    "2018-09-30": {
        "Diluted EPS": 2.15,
        "Total Revenue": NaN,
        "Gross Profit": NaN,
        "Operating Income": NaN,
        "EBIT": NaN,
        "Net Income": NaN
    },
    "2018-06-30": {
        "Diluted EPS": 1.98,
        "Total Revenue": NaN,
        "Gross Profit": NaN,
        "Operating Income": NaN,
        "EBIT": NaN,
        "Net Income": NaN
    },
    "2018-03-31": {
        "Diluted EPS": 1.68,
        "Total Revenue": NaN,
        "Gross Profit": NaN,
        "Operating Income": NaN,
        "EBIT": NaN,
        "Net Income": NaN
    },
    "2017-12-31": {
        "Diluted EPS": 9.09,
        "Total Revenue": NaN,
        "Gross Profit": NaN,
        "Operating Income": NaN,
        "EBIT": NaN,
        "Net Income": NaN
    },
    "2017-09-30": {
        "Diluted EPS": 1.5,
        "Total Revenue": NaN,
        "Gross Profit": NaN,
        "Operating Income": NaN,
        "EBIT": NaN,
        "Net Income": NaN
    },
    "2017-06-30": {
        "Diluted EPS": 1.45,
        "Total Revenue": NaN,
        "Gross Profit": NaN,
        "Operating Income": NaN,
        "EBIT": NaN,
        "Net Income": NaN
    },
    "2017-03-31": {
        "Diluted EPS": 1.32,
        "Total Revenue": NaN,
        "Gross Profit": NaN,
        "Operating Income": NaN,
        "EBIT": NaN,
        "Net Income": NaN
    },
    "2016-12-31": {
        "Diluted EPS": 1.38,
        "Total Revenue": NaN,
        "Gross Profit": NaN,
        "Operating Income": NaN,
        "EBIT": NaN,
        "Net Income": NaN
    },
    "2016-09-30": {
        "Diluted EPS": 1.36,
        "Total Revenue": NaN,
        "Gross Profit": NaN,
        "Operating Income": NaN,
        "EBIT": NaN,
        "Net Income": NaN
    },
    "2016-06-30": {
        "Diluted EPS": 1.17,
        "Total Revenue": NaN,
        "Gross Profit": NaN,
        "Operating Income": NaN,
        "EBIT": NaN,
        "Net Income": 979
    },
    "2016-03-31": {
        "Diluted EPS": 1.16,
        "Total Revenue": NaN,
        "Gross Profit": NaN,
        "Operating Income": NaN,
        "EBIT": NaN,
        "Net Income": 979
    },
    "2015-12-31": {
        "Diluted EPS": 1.31,
        "Total Revenue": NaN,
        "Gross Profit": NaN,
        "Operating Income": NaN,
        "EBIT": NaN,
        "Net Income": NaN
    },
    "2015-09-30": {
        "Diluted EPS": 1.5,
        "Total Revenue": NaN,
        "Gross Profit": NaN,
        "Operating Income": NaN,
        "EBIT": NaN,
        "Net Income": NaN
    },
    "2015-06-30": {
        "Diluted EPS": 1.38,
        "Total Revenue": NaN,
        "Gross Profit": NaN,
        "Operating Income": NaN,
        "EBIT": NaN,
        "Net Income": NaN
    },
    "2015-03-31": {
        "Diluted EPS": 1.3,
        "Total Revenue": NaN,
        "Gross Profit": NaN,
        "Operating Income": NaN,
        "EBIT": NaN,
        "Net Income": NaN
    },
    "2014-12-31": {
        "Diluted EPS": 1.6,
        "Total Revenue": NaN,
        "Gross Profit": NaN,
        "Operating Income": NaN,
        "EBIT": NaN,
        "Net Income": NaN
    },
    "2014-09-30": {
        "Diluted EPS": 1.53,
        "Total Revenue": NaN,
        "Gross Profit": NaN,
        "Operating Income": NaN,
        "EBIT": NaN,
        "Net Income": NaN
    },
    "2014-06-30": {
        "Diluted EPS": 1.43,
        "Total Revenue": NaN,
        "Gross Profit": NaN,
        "Operating Income": NaN,
        "EBIT": NaN,
        "Net Income": NaN
    },
    "2014-03-31": {
        "Diluted EPS": 1.19,
        "Total Revenue": NaN,
        "Gross Profit": NaN,
        "Operating Income": NaN,
        "EBIT": NaN,
        "Net Income": NaN
    },
    "2013-12-31": {
        "Diluted EPS": 1.28,
        "Total Revenue": NaN,
        "Gross Profit": NaN,
        "Operating Income": NaN,
        "EBIT": NaN,
        "Net Income": NaN
    },
    "2013-09-30": {
        "Diluted EPS": 1.24,
        "Total Revenue": NaN,
        "Gross Profit": NaN,
        "Operating Income": NaN,
        "EBIT": NaN,
        "Net Income": NaN
    },
    "2013-06-30": {
        "Diluted EPS": 1.18,
        "Total Revenue": NaN,
        "Gross Profit": NaN,
        "Operating Income": NaN,
        "EBIT": NaN,
        "Net Income": NaN
    },
    "2013-03-31": {
        "Diluted EPS": 1.02,
        "Total Revenue": NaN,
        "Gross Profit": NaN,
        "Operating Income": NaN,
        "EBIT": NaN,
        "Net Income": 957
    },
    "2012-12-31": {
        "Diluted EPS": 1.1,
        "Total Revenue": NaN,
        "Gross Profit": NaN,
        "Operating Income": NaN,
        "EBIT": NaN,
        "Net Income": NaN
    },
    "2012-09-30": {
        "Diluted EPS": 1.1,
        "Total Revenue": NaN,
        "Gross Profit": NaN,
        "Operating Income": NaN,
        "EBIT": NaN,
        "Net Income": NaN
    },
    "2012-06-30": {
        "Diluted EPS": 1.05,
        "Total Revenue": NaN,
        "Gross Profit": NaN,
        "Operating Income": NaN,
        "EBIT": NaN,
        "Net Income": NaN
    },
    "2012-03-31": {
        "Diluted EPS": 0.9,
        "Total Revenue": NaN,
        "Gross Profit": NaN,
        "Operating Income": NaN,
        "EBIT": NaN,
        "Net Income": 863
    },
    "2011-12-31": {
        "Diluted EPS": 1.0,
        "Total Revenue": NaN,
        "Gross Profit": NaN,
        "Operating Income": NaN,
        "EBIT": NaN,
        "Net Income": 964
    },
    "2011-09-30": {
        "Diluted EPS": 0.93,
        "Total Revenue": NaN,
        "Gross Profit": NaN,
        "Operating Income": NaN,
        "EBIT": NaN,
        "Net Income": 904
    },
    "2011-06-30": {
        "Diluted EPS": 0.8,
        "Total Revenue": NaN,
        "Gross Profit": NaN,
        "Operating Income": NaN,
        "EBIT": NaN,
        "Net Income": 785
    },
    "2011-03-31": {
        "Diluted EPS": 0.65,
        "Total Revenue": NaN,
        "Gross Profit": NaN,
        "Operating Income": NaN,
        "EBIT": NaN,
        "Net Income": 639
    },
    "2010-12-31": {
        "Diluted EPS": 0.78,
        "Total Revenue": NaN,
        "Gross Profit": NaN,
        "Operating Income": NaN,
        "EBIT": NaN,
        "Net Income": 775
    },
    "2010-09-30": {
        "Diluted EPS": 0.78,
        "Total Revenue": NaN,
        "Gross Profit": NaN,
        "Operating Income": NaN,
        "EBIT": NaN,
        "Net Income": 778
    },
    "2010-06-30": {
        "Diluted EPS": 0.7,
        "Total Revenue": NaN,
        "Gross Profit": NaN,
        "Operating Income": NaN,
        "EBIT": NaN,
        "Net Income": 711
    },
    "2010-03-31": {
        "Diluted EPS": 0.51,
        "Total Revenue": NaN,
        "Gross Profit": NaN,
        "Operating Income": 988,
        "EBIT": NaN,
        "Net Income": 516
    },
    "2009-12-31": {
        "Diluted EPS": 0.55,
        "Total Revenue": NaN,
        "Gross Profit": NaN,
        "Operating Income": 999,
        "EBIT": NaN,
        "Net Income": 549
    },
    "2009-09-30": {
        "Diluted EPS": 0.51,
        "Total Revenue": NaN,
        "Gross Profit": NaN,
        "Operating Income": 961,
        "EBIT": NaN,
        "Net Income": 514
    },
    "2009-06-30": {
        "Diluted EPS": 0.46,
        "Total Revenue": NaN,
        "Gross Profit": NaN,
        "Operating Income": 748,
        "EBIT": NaN,
        "Net Income": 465
    },
    "2009-03-31": {
        "Diluted EPS": 0.36,
        "Total Revenue": NaN,
        "Gross Profit": NaN,
        "Operating Income": 671,
        "EBIT": NaN,
        "Net Income": 362
    },
    "2023-09-30": {
        "Tax Effect Of Unusual Items": 19440738.840431,
        "Tax Rate For Calcs": 0.216008,
        "Normalized EBITDA": 2773000000.0,
        "Total Unusual Items": 90000000.0,
        "Total Unusual Items Excluding Goodwill": 90000000.0,
        "Net Income From Continuing Operation Net Minority Interest": 1528000000.0,
        "Reconciled Depreciation": 580000000.0,
        "Reconciled Cost Of Revenue": 3386000000.0,
        "EBITDA": 2863000000.0,
        "EBIT": 2283000000.0,
        "Net Interest Income": -334000000.0,
        "Interest Expense": 334000000.0,
        "Interest Income": NaN,
        "Normalized Income": 1457440738.840431,
        "Net Income From Continuing And Discontinued Operation": 1528000000.0,
        "Total Expenses": 3764000000.0,
        "Rent Expense Supplemental": 235000000.0,
        "Total Operating Income As Reported": 2177000000.0,
        "Diluted Average Shares": 609800000.0,
        "Basic Average Shares": 608700000.0,
        "Diluted EPS": 2.51,
        "Basic EPS": 2.51,
        "Diluted NI Availto Com Stockholders": 1528000000.0,
        "Net Income Common Stockholders": 1528000000.0,
        "Net Income": 1528000000.0,
        "Net Income Including Noncontrolling Interests": 1528000000.0,
        "Net Income Continuous Operations": 1528000000.0,
        "Tax Provision": 421000000.0,
        "Pretax Income": 1949000000.0,
        "Other Income Expense": 106000000.0,
        "Other Non Operating Income Expenses": 16000000.0,
        "Gain On Sale Of Security": 90000000.0,
        "Net Non Operating Interest Income Expense": -334000000.0,
        "Interest Expense Non Operating": 334000000.0,
        "Interest Income Non Operating": NaN,
        "Operating Income": 2177000000.0,
        "Operating Expense": 378000000.0,
        "Other Operating Expenses": 378000000.0,
        "Selling General And Administration": NaN,
        "General And Administrative Expense": NaN,
        "Salaries And Wages": NaN,
        "Gross Profit": 2555000000.0,
        "Cost Of Revenue": 3386000000.0,
        "Total Revenue": 5941000000.0,
        "Operating Revenue": 5545000000.0
    },
    "2023-12-31": {
        "Tax Effect Of Unusual Items": 19243589.74359,
        "Tax Rate For Calcs": 0.24359,
        "Normalized EBITDA": 3025000000.0,
        "Total Unusual Items": 79000000.0,
        "Total Unusual Items Excluding Goodwill": 79000000.0,
        "Net Income From Continuing Operation Net Minority Interest": 1652000000.0,
        "Reconciled Depreciation": 589000000.0,
        "Reconciled Cost Of Revenue": 3391000000.0,
        "EBITDA": 3104000000.0,
        "EBIT": 2515000000.0,
        "Net Interest Income": -279000000.0,
        "Interest Expense": 331000000.0,
        "Interest Income": NaN,
        "Normalized Income": 1592243589.74359,
        "Net Income From Continuing And Discontinued Operation": 1652000000.0,
        "Total Expenses": 3752000000.0,
        "Rent Expense Supplemental": 229000000.0,
        "Total Operating Income As Reported": 2407000000.0,
        "Diluted Average Shares": 609900000.0,
        "Basic Average Shares": 608900000.0,
        "Diluted EPS": 2.71,
        "Basic EPS": 2.71,
        "Diluted NI Availto Com Stockholders": 1652000000.0,
        "Net Income Common Stockholders": 1652000000.0,
        "Net Income": 1652000000.0,
        "Net Income Including Noncontrolling Interests": 1652000000.0,
        "Net Income Continuous Operations": 1652000000.0,
        "Tax Provision": 532000000.0,
        "Pretax Income": 2184000000.0,
        "Other Income Expense": 56000000.0,
        "Other Non Operating Income Expenses": -23000000.0,
        "Gain On Sale Of Security": 79000000.0,
        "Net Non Operating Interest Income Expense": -279000000.0,
        "Interest Expense Non Operating": 331000000.0,
        "Interest Income Non Operating": NaN,
        "Operating Income": 2407000000.0,
        "Operating Expense": 361000000.0,
        "Other Operating Expenses": 361000000.0,
        "Selling General And Administration": NaN,
        "General And Administrative Expense": NaN,
        "Salaries And Wages": NaN,
        "Gross Profit": 2768000000.0,
        "Cost Of Revenue": 3391000000.0,
        "Total Revenue": 6159000000.0,
        "Operating Revenue": 5801000000.0
    },
    "2024-03-31": {
        "Tax Effect Of Unusual Items": 15156542.056075,
        "Tax Rate For Calcs": 0.233178,
        "Normalized EBITDA": 2993000000.0,
        "Total Unusual Items": 65000000.0,
        "Total Unusual Items Excluding Goodwill": 65000000.0,
        "Net Income From Continuing Operation Net Minority Interest": 1641000000.0,
        "Reconciled Depreciation": 594000000.0,
        "Reconciled Cost Of Revenue": 3304000000.0,
        "EBITDA": 3058000000.0,
        "EBIT": 2464000000.0,
        "Net Interest Income": -324000000.0,
        "Interest Expense": 324000000.0,
        "Interest Income": NaN,
        "Normalized Income": 1591156542.056075,
        "Net Income From Continuing And Discontinued Operation": 1641000000.0,
        "Total Expenses": 3644000000.0,
        "Rent Expense Supplemental": 216000000.0,
        "Total Operating Income As Reported": 2372000000.0,
        "Diluted Average Shares": 610200000.0,
        "Basic Average Shares": 609200000.0,
        "Diluted EPS": 2.69,
        "Basic EPS": 2.69,
        "Diluted NI Availto Com Stockholders": 1641000000.0,
        "Net Income Common Stockholders": 1641000000.0,
        "Net Income": 1641000000.0,
        "Net Income Including Noncontrolling Interests": 1641000000.0,
        "Net Income Continuous Operations": 1641000000.0,
        "Tax Provision": 499000000.0,
        "Pretax Income": 2140000000.0,
        "Other Income Expense": 77000000.0,
        "Other Non Operating Income Expenses": 12000000.0,
        "Gain On Sale Of Security": 65000000.0,
        "Net Non Operating Interest Income Expense": -324000000.0,
        "Interest Expense Non Operating": 324000000.0,
        "Interest Income Non Operating": NaN,
        "Operating Income": 2387000000.0,
        "Operating Expense": 340000000.0,
        "Other Operating Expenses": 355000000.0,
        "Selling General And Administration": -15000000.0,
        "General And Administrative Expense": -15000000.0,
        "Salaries And Wages": -15000000.0,
        "Gross Profit": 2727000000.0,
        "Cost Of Revenue": 3304000000.0,
        "Total Revenue": 6031000000.0,
        "Operating Revenue": 5616000000.0
    },
    "2024-06-30": {
        "Tax Effect Of Unusual Items": 13336538.461538,
        "Tax Rate For Calcs": 0.233974,
        "Normalized EBITDA": 3042000000.0,
        "Total Unusual Items": 57000000.0,
        "Total Unusual Items Excluding Goodwill": 57000000.0,
        "Net Income From Continuing Operation Net Minority Interest": 1673000000.0,
        "Reconciled Depreciation": 596000000.0,
        "Reconciled Cost Of Revenue": 3271000000.0,
        "EBITDA": 3099000000.0,
        "EBIT": 2503000000.0,
        "Net Interest Income": -295000000.0,
        "Interest Expense": 319000000.0,
        "Interest Income": 24000000.0,
        "Normalized Income": 1629336538.461538,
        "Net Income From Continuing And Discontinued Operation": 1673000000.0,
        "Total Expenses": 3607000000.0,
        "Rent Expense Supplemental": 219000000.0,
        "Total Operating Income As Reported": 2400000000.0,
        "Diluted Average Shares": 610300000.0,
        "Basic Average Shares": 609400000.0,
        "Diluted EPS": 2.74,
        "Basic EPS": 2.75,
        "Diluted NI Availto Com Stockholders": 1673000000.0,
        "Net Income Common Stockholders": 1673000000.0,
        "Net Income": 1673000000.0,
        "Net Income Including Noncontrolling Interests": 1673000000.0,
        "Net Income Continuous Operations": 1673000000.0,
        "Tax Provision": 511000000.0,
        "Pretax Income": 2184000000.0,
        "Other Income Expense": 79000000.0,
        "Other Non Operating Income Expenses": 22000000.0,
        "Gain On Sale Of Security": 57000000.0,
        "Net Non Operating Interest Income Expense": -295000000.0,
        "Interest Expense Non Operating": 319000000.0,
        "Interest Income Non Operating": 24000000.0,
        "Operating Income": 2400000000.0,
        "Operating Expense": 336000000.0,
        "Other Operating Expenses": 336000000.0,
        "Selling General And Administration": NaN,
        "General And Administrative Expense": NaN,
        "Salaries And Wages": NaN,
        "Gross Profit": 2736000000.0,
        "Cost Of Revenue": 3271000000.0,
        "Total Revenue": 6007000000.0,
        "Operating Revenue": 5638000000.0
    }
}