{
    "2023-03-31": {
        "Tax Effect Of Unusual Items": NaN,
        "Tax Rate For Calcs": NaN,
        "Normalized EBITDA": NaN,
        "Total Unusual Items": NaN,
        "Total Unusual Items Excluding Goodwill": NaN,
        "Net Income From Continuing Operation Net Minority Interest": NaN,
        "Reconciled Depreciation": NaN,
        "Reconciled Cost Of Revenue": NaN,
        "EBITDA": NaN,
        "EBIT": NaN,
        "Net Interest Income": NaN,
        "Interest Expense": NaN,
        "Interest Income": NaN,
        "Normalized Income": NaN,
        "Net Income From Continuing And Discontinued Operation": NaN,
        "Total Expenses": NaN,
        "Total Operating Income As Reported": NaN,
        "Diluted Average Shares": 25334527.0,
        "Basic Average Shares": 25334527.0,
        "Diluted EPS": -3.98,
        "Basic EPS": -3.98,
        "Diluted NI Availto Com Stockholders": NaN,
        "Net Income Common Stockholders": NaN,
        "Net Income": NaN,
        "Minority Interests": NaN,
        "Net Income Including Noncontrolling Interests": NaN,
        "Net Income Continuous Operations": NaN,
        "Tax Provision": NaN,
        "Pretax Income": NaN,
        "Other Income Expense": NaN,
        "Other Non Operating Income Expenses": NaN,
        "Special Income Charges": NaN,
        "Gain On Sale Of Ppe": NaN,
        "Other Special Charges": NaN,
        "Impairment Of Capital Assets": NaN,
        "Restructuring And Mergern Acquisition": NaN,
        "Gain On Sale Of Security": NaN,
        "Net Non Operating Interest Income Expense": NaN,
        "Interest Expense Non Operating": NaN,
        "Interest Income Non Operating": NaN,
        "Operating Income": NaN,
        "Operating Expense": NaN,
        "Depreciation Amortization Depletion Income Statement": 14445000.0,
        "Depreciation And Amortization In Income Statement": 14445000.0,
        "Research And Development": NaN,
        "Selling General And Administration": NaN,
        "Selling And Marketing Expense": NaN,
        "General And Administrative Expense": NaN,
        "Other Gand A": NaN,
        "Gross Profit": NaN,
        "Cost Of Revenue": NaN,
        "Total Revenue": NaN,
        "Operating Revenue": NaN
    },
    "2022-12-31": {
        "Tax Effect Of Unusual Items": NaN,
        "Tax Rate For Calcs": NaN,
        "Normalized EBITDA": NaN,
        "Total Unusual Items": NaN,
        "Total Unusual Items Excluding Goodwill": NaN,
        "Net Income From Continuing Operation Net Minority Interest": NaN,
        "Reconciled Depreciation": NaN,
        "Reconciled Cost Of Revenue": NaN,
        "EBITDA": NaN,
        "EBIT": NaN,
        "Net Interest Income": NaN,
        "Interest Expense": NaN,
        "Interest Income": NaN,
        "Normalized Income": NaN,
        "Net Income From Continuing And Discontinued Operation": NaN,
        "Total Expenses": NaN,
        "Total Operating Income As Reported": NaN,
        "Diluted Average Shares": NaN,
        "Basic Average Shares": NaN,
        "Diluted EPS": NaN,
        "Basic EPS": NaN,
        "Diluted NI Availto Com Stockholders": NaN,
        "Net Income Common Stockholders": NaN,
        "Net Income": NaN,
        "Minority Interests": NaN,
        "Net Income Including Noncontrolling Interests": NaN,
        "Net Income Continuous Operations": NaN,
        "Tax Provision": NaN,
        "Pretax Income": NaN,
        "Other Income Expense": NaN,
        "Other Non Operating Income Expenses": NaN,
        "Special Income Charges": NaN,
        "Gain On Sale Of Ppe": NaN,
        "Other Special Charges": NaN,
        "Impairment Of Capital Assets": NaN,
        "Restructuring And Mergern Acquisition": NaN,
        "Gain On Sale Of Security": NaN,
        "Net Non Operating Interest Income Expense": NaN,
        "Interest Expense Non Operating": NaN,
        "Interest Income Non Operating": NaN,
        "Operating Income": NaN,
        "Operating Expense": NaN,
        "Depreciation Amortization Depletion Income Statement": 19074000.0,
        "Depreciation And Amortization In Income Statement": 19074000.0,
        "Research And Development": NaN,
        "Selling General And Administration": NaN,
        "Selling And Marketing Expense": NaN,
        "General And Administrative Expense": NaN,
        "Other Gand A": NaN,
        "Gross Profit": NaN,
        "Cost Of Revenue": NaN,
        "Total Revenue": NaN,
        "Operating Revenue": NaN
    },
    "2022-09-30": {
        "Tax Effect Of Unusual Items": NaN,
        "Tax Rate For Calcs": NaN,
        "Normalized EBITDA": NaN,
        "Total Unusual Items": NaN,
        "Total Unusual Items Excluding Goodwill": NaN,
        "Net Income From Continuing Operation Net Minority Interest": NaN,
        "Reconciled Depreciation": NaN,
        "Reconciled Cost Of Revenue": NaN,
        "EBITDA": NaN,
        "EBIT": NaN,
        "Net Interest Income": NaN,
        "Interest Expense": NaN,
        "Interest Income": NaN,
        "Normalized Income": NaN,
        "Net Income From Continuing And Discontinued Operation": NaN,
        "Total Expenses": NaN,
        "Total Operating Income As Reported": NaN,
        "Diluted Average Shares": NaN,
        "Basic Average Shares": NaN,
        "Diluted EPS": NaN,
        "Basic EPS": NaN,
        "Diluted NI Availto Com Stockholders": NaN,
        "Net Income Common Stockholders": NaN,
        "Net Income": NaN,
        "Minority Interests": NaN,
        "Net Income Including Noncontrolling Interests": NaN,
        "Net Income Continuous Operations": NaN,
        "Tax Provision": NaN,
        "Pretax Income": NaN,
        "Other Income Expense": NaN,
        "Other Non Operating Income Expenses": NaN,
        "Special Income Charges": NaN,
        "Gain On Sale Of Ppe": NaN,
        "Other Special Charges": NaN,
        "Impairment Of Capital Assets": 62000000.0,
        "Restructuring And Mergern Acquisition": 0.0,
        "Gain On Sale Of Security": NaN,
        "Net Non Operating Interest Income Expense": NaN,
        "Interest Expense Non Operating": NaN,
        "Interest Income Non Operating": NaN,
        "Operating Income": NaN,
        "Operating Expense": NaN,
        "Depreciation Amortization Depletion Income Statement": 16500000.0,
        "Depreciation And Amortization In Income Statement": 16500000.0,
        "Research And Development": NaN,
        "Selling General And Administration": NaN,
        "Selling And Marketing Expense": NaN,
        "General And Administrative Expense": NaN,
        "Other Gand A": NaN,
        "Gross Profit": NaN,
        "Cost Of Revenue": NaN,
        "Total Revenue": NaN,
        "Operating Revenue": NaN
    },
    "2022-06-30": {
        "Tax Effect Of Unusual Items": 1116800.0,
        "Tax Rate For Calcs": 0.4,
        "Normalized EBITDA": -79098000.0,
        "Total Unusual Items": 2792000.0,
        "Total Unusual Items Excluding Goodwill": 2792000.0,
        "Net Income From Continuing Operation Net Minority Interest": -92760000.0,
        "Reconciled Depreciation": 16134000.0,
        "Reconciled Cost Of Revenue": 408898000.0,
        "EBITDA": -76306000.0,
        "EBIT": -92440000.0,
        "Net Interest Income": 405000.0,
        "Interest Expense": 0.0,
        "Interest Income": 405000.0,
        "Normalized Income": -94435200.0,
        "Net Income From Continuing And Discontinued Operation": -92760000.0,
        "Total Expenses": 520299000.0,
        "Total Operating Income As Reported": -94124000.0,
        "Diluted Average Shares": 24408604.0,
        "Basic Average Shares": 24408604.0,
        "Diluted EPS": -3.8,
        "Basic EPS": -3.8,
        "Diluted NI Availto Com Stockholders": -92760000.0,
        "Net Income Common Stockholders": -92760000.0,
        "Net Income": -92760000.0,
        "Minority Interests": 0.0,
        "Net Income Including Noncontrolling Interests": -92760000.0,
        "Net Income Continuous Operations": -92760000.0,
        "Tax Provision": 320000.0,
        "Pretax Income": -92440000.0,
        "Other Income Expense": 1942000.0,
        "Other Non Operating Income Expenses": -850000.0,
        "Special Income Charges": 663000.0,
        "Gain On Sale Of Ppe": 663000.0,
        "Other Special Charges": NaN,
        "Impairment Of Capital Assets": NaN,
        "Gain On Sale Of Security": 2129000.0,
        "Net Non Operating Interest Income Expense": 405000.0,
        "Interest Expense Non Operating": 0.0,
        "Interest Income Non Operating": 405000.0,
        "Operating Income": -94787000.0,
        "Operating Expense": 111401000.0,
        "Depreciation Amortization Depletion Income Statement": 16134000.0,
        "Depreciation And Amortization In Income Statement": 16134000.0,
        "Research And Development": 14606000.0,
        "Selling General And Administration": 80661000.0,
        "Selling And Marketing Expense": 33688000.0,
        "General And Administrative Expense": 46973000.0,
        "Other Gand A": 46973000.0,
        "Gross Profit": 16614000.0,
        "Cost Of Revenue": 408898000.0,
        "Total Revenue": 425512000.0,
        "Operating Revenue": 368809000.0
    },
    "2023-06-30": {
        "Tax Effect Of Unusual Items": 0.0,
        "Tax Rate For Calcs": 0.0,
        "Normalized EBITDA": -68662000.0,
        "Total Unusual Items": -69166000.0,
        "Total Unusual Items Excluding Goodwill": -69166000.0,
        "Net Income From Continuing Operation Net Minority Interest": -160593000.0,
        "Reconciled Depreciation": 15123000.0,
        "Reconciled Cost Of Revenue": 343026000.0,
        "EBITDA": -137828000.0,
        "EBIT": -152951000.0,
        "Net Interest Income": -5793000.0,
        "Interest Expense": 7658000.0,
        "Interest Income": 1865000.0,
        "Normalized Income": -91427000.0,
        "Net Income From Continuing And Discontinued Operation": -160593000.0,
        "Total Expenses": 420670000.0,
        "Total Operating Income As Reported": -152987000.0,
        "Diluted Average Shares": 25570200.0,
        "Basic Average Shares": 25570200.0,
        "Diluted EPS": -6.28,
        "Basic EPS": -6.28,
        "Diluted NI Availto Com Stockholders": -160593000.0,
        "Net Income Common Stockholders": -160593000.0,
        "Net Income": -160593000.0,
        "Minority Interests": 0.0,
        "Net Income Including Noncontrolling Interests": -160593000.0,
        "Net Income Continuous Operations": -160593000.0,
        "Tax Provision": -16000.0,
        "Pretax Income": -160609000.0,
        "Other Income Expense": -69208000.0,
        "Other Non Operating Income Expenses": -42000.0,
        "Special Income Charges": -69787000.0,
        "Gain On Sale Of Ppe": 1083000.0,
        "Other Special Charges": 870000.0,
        "Impairment Of Capital Assets": 70000000.0,
        "Restructuring And Mergern Acquisition": NaN,
        "Gain On Sale Of Security": 621000.0,
        "Net Non Operating Interest Income Expense": -5793000.0,
        "Interest Expense Non Operating": 7658000.0,
        "Interest Income Non Operating": 1865000.0,
        "Operating Income": -85608000.0,
        "Operating Expense": 77644000.0,
        "Depreciation Amortization Depletion Income Statement": 15123000.0,
        "Depreciation And Amortization In Income Statement": 15123000.0,
        "Research And Development": 14430000.0,
        "Selling General And Administration": 63214000.0,
        "Selling And Marketing Expense": 23149000.0,
        "General And Administrative Expense": 40065000.0,
        "Other Gand A": 40065000.0,
        "Gross Profit": -7964000.0,
        "Cost Of Revenue": 343026000.0,
        "Total Revenue": 335062000.0,
        "Operating Revenue": 305264000.0
    },
    "2023-09-30": {
        "Tax Effect Of Unusual Items": -11202870.0,
        "Tax Rate For Calcs": 0.21,
        "Normalized EBITDA": -64170000.0,
        "Total Unusual Items": -53347000.0,
        "Total Unusual Items Excluding Goodwill": -53347000.0,
        "Net Income From Continuing Operation Net Minority Interest": -144813000.0,
        "Reconciled Depreciation": 15459000.0,
        "Reconciled Cost Of Revenue": 315346000.0,
        "EBITDA": -117517000.0,
        "EBIT": -132976000.0,
        "Net Interest Income": -10854000.0,
        "Interest Expense": 11258000.0,
        "Interest Income": 404000.0,
        "Normalized Income": -102668870.0,
        "Net Income From Continuing And Discontinued Operation": -144813000.0,
        "Total Expenses": 400709000.0,
        "Total Operating Income As Reported": -129005000.0,
        "Diluted Average Shares": 41261003.0,
        "Basic Average Shares": 41261003.0,
        "Diluted EPS": -3.51,
        "Basic EPS": -3.51,
        "Diluted NI Availto Com Stockholders": -144813000.0,
        "Net Income Common Stockholders": -144813000.0,
        "Net Income": -144813000.0,
        "Minority Interests": 0.0,
        "Net Income Including Noncontrolling Interests": -144813000.0,
        "Net Income Continuous Operations": -144813000.0,
        "Tax Provision": 579000.0,
        "Pretax Income": -144234000.0,
        "Other Income Expense": -52734000.0,
        "Other Non Operating Income Expenses": 613000.0,
        "Special Income Charges": -53286000.0,
        "Gain On Sale Of Ppe": 7841000.0,
        "Other Special Charges": 1936000.0,
        "Impairment Of Capital Assets": 56200000.0,
        "Restructuring And Mergern Acquisition": 2991000.0,
        "Gain On Sale Of Security": -61000.0,
        "Net Non Operating Interest Income Expense": -10854000.0,
        "Interest Expense Non Operating": 11258000.0,
        "Interest Income Non Operating": 404000.0,
        "Operating Income": -80646000.0,
        "Operating Expense": 85363000.0,
        "Depreciation Amortization Depletion Income Statement": NaN,
        "Depreciation And Amortization In Income Statement": NaN,
        "Research And Development": 19962000.0,
        "Selling General And Administration": 65401000.0,
        "Selling And Marketing Expense": 22548000.0,
        "General And Administrative Expense": 42853000.0,
        "Other Gand A": 42853000.0,
        "Gross Profit": 4717000.0,
        "Cost Of Revenue": 315346000.0,
        "Total Revenue": 320063000.0,
        "Operating Revenue": 288502000.0
    },
    "2023-12-31": {
        "Tax Effect Of Unusual Items": 854700.0,
        "Tax Rate For Calcs": 0.21,
        "Normalized EBITDA": -56827000.0,
        "Total Unusual Items": 4070000.0,
        "Total Unusual Items Excluding Goodwill": 4070000.0,
        "Net Income From Continuing Operation Net Minority Interest": -81115000.0,
        "Reconciled Depreciation": 13506000.0,
        "Reconciled Cost Of Revenue": 264431000.0,
        "EBITDA": -52757000.0,
        "EBIT": -66263000.0,
        "Net Interest Income": -14189000.0,
        "Interest Expense": 14220000.0,
        "Interest Income": 31000.0,
        "Normalized Income": -84330300.0,
        "Net Income From Continuing And Discontinued Operation": -81115000.0,
        "Total Expenses": 316906000.0,
        "Total Operating Income As Reported": -64915000.0,
        "Diluted Average Shares": NaN,
        "Basic Average Shares": NaN,
        "Diluted EPS": NaN,
        "Basic EPS": NaN,
        "Diluted NI Availto Com Stockholders": -81115000.0,
        "Net Income Common Stockholders": -81115000.0,
        "Net Income": -81115000.0,
        "Minority Interests": 0.0,
        "Net Income Including Noncontrolling Interests": -81115000.0,
        "Net Income Continuous Operations": -81115000.0,
        "Tax Provision": 632000.0,
        "Pretax Income": -80483000.0,
        "Other Income Expense": 4232000.0,
        "Other Non Operating Income Expenses": 162000.0,
        "Special Income Charges": 4016000.0,
        "Gain On Sale Of Ppe": 5611000.0,
        "Other Special Charges": 1595000.0,
        "Impairment Of Capital Assets": 0.0,
        "Restructuring And Mergern Acquisition": NaN,
        "Gain On Sale Of Security": 54000.0,
        "Net Non Operating Interest Income Expense": -14189000.0,
        "Interest Expense Non Operating": 14220000.0,
        "Interest Income Non Operating": 31000.0,
        "Operating Income": -70526000.0,
        "Operating Expense": 52475000.0,
        "Depreciation Amortization Depletion Income Statement": NaN,
        "Depreciation And Amortization In Income Statement": NaN,
        "Research And Development": 11608000.0,
        "Selling General And Administration": 40867000.0,
        "Selling And Marketing Expense": 17328000.0,
        "General And Administrative Expense": 23539000.0,
        "Other Gand A": 23539000.0,
        "Gross Profit": -18051000.0,
        "Cost Of Revenue": 264431000.0,
        "Total Revenue": 246380000.0,
        "Operating Revenue": 231849000.0
    },
    "2024-03-31": {
        "Tax Effect Of Unusual Items": 2430.0,
        "Tax Rate For Calcs": 0.001,
        "Normalized EBITDA": -69987000.0,
        "Total Unusual Items": 2430000.0,
        "Total Unusual Items Excluding Goodwill": 2430000.0,
        "Net Income From Continuing Operation Net Minority Interest": -97393000.0,
        "Reconciled Depreciation": 15395000.0,
        "Reconciled Cost Of Revenue": 213655000.0,
        "EBITDA": -67557000.0,
        "EBIT": -82952000.0,
        "Net Interest Income": -14499000.0,
        "Interest Expense": 14555000.0,
        "Interest Income": 56000.0,
        "Normalized Income": -99820570.0,
        "Net Income From Continuing And Discontinued Operation": -97393000.0,
        "Total Expenses": 282410000.0,
        "Total Operating Income As Reported": -82585000.0,
        "Diluted Average Shares": 697983030.0,
        "Basic Average Shares": 697983030.0,
        "Diluted EPS": -0.14,
        "Basic EPS": -0.14,
        "Diluted NI Availto Com Stockholders": -97393000.0,
        "Net Income Common Stockholders": -97393000.0,
        "Net Income": -97393000.0,
        "Minority Interests": 0.0,
        "Net Income Including Noncontrolling Interests": -97393000.0,
        "Net Income Continuous Operations": -97393000.0,
        "Tax Provision": -114000.0,
        "Pretax Income": -97507000.0,
        "Other Income Expense": 2301000.0,
        "Other Non Operating Income Expenses": -129000.0,
        "Special Income Charges": 2458000.0,
        "Gain On Sale Of Ppe": 4164000.0,
        "Other Special Charges": 1706000.0,
        "Impairment Of Capital Assets": NaN,
        "Restructuring And Mergern Acquisition": NaN,
        "Gain On Sale Of Security": -28000.0,
        "Net Non Operating Interest Income Expense": -14499000.0,
        "Interest Expense Non Operating": 14555000.0,
        "Interest Income Non Operating": 56000.0,
        "Operating Income": -85309000.0,
        "Operating Expense": 68755000.0,
        "Depreciation Amortization Depletion Income Statement": NaN,
        "Depreciation And Amortization In Income Statement": NaN,
        "Research And Development": 11081000.0,
        "Selling General And Administration": 57674000.0,
        "Selling And Marketing Expense": 21437000.0,
        "General And Administrative Expense": 36237000.0,
        "Other Gand A": 36237000.0,
        "Gross Profit": -16554000.0,
        "Cost Of Revenue": 213655000.0,
        "Total Revenue": 197101000.0,
        "Operating Revenue": 170976000.0
    },
    "2024-06-30": {
        "Tax Effect Of Unusual Items": -204330.0,
        "Tax Rate For Calcs": 0.21,
        "Normalized EBITDA": -63299000.0,
        "Total Unusual Items": -973000.0,
        "Total Unusual Items Excluding Goodwill": -973000.0,
        "Net Income From Continuing Operation Net Minority Interest": -96973000.0,
        "Reconciled Depreciation": 15593000.0,
        "Reconciled Cost Of Revenue": 207283000.0,
        "EBITDA": -64272000.0,
        "EBIT": -79865000.0,
        "Net Interest Income": -16382000.0,
        "Interest Expense": 16667000.0,
        "Interest Income": 285000.0,
        "Normalized Income": -96204330.0,
        "Net Income From Continuing And Discontinued Operation": -96973000.0,
        "Total Expenses": 275241000.0,
        "Total Operating Income As Reported": -79190000.0,
        "Diluted Average Shares": 697458966.0,
        "Basic Average Shares": 697458966.0,
        "Diluted EPS": -0.14,
        "Basic EPS": -0.14,
        "Diluted NI Availto Com Stockholders": -96973000.0,
        "Net Income Common Stockholders": -96973000.0,
        "Net Income": -96973000.0,
        "Minority Interests": 0.0,
        "Net Income Including Noncontrolling Interests": -96973000.0,
        "Net Income Continuous Operations": -96973000.0,
        "Tax Provision": 441000.0,
        "Pretax Income": -96532000.0,
        "Other Income Expense": -1194000.0,
        "Other Non Operating Income Expenses": -221000.0,
        "Special Income Charges": -903000.0,
        "Gain On Sale Of Ppe": -98000.0,
        "Other Special Charges": 805000.0,
        "Impairment Of Capital Assets": 0.0,
        "Restructuring And Mergern Acquisition": NaN,
        "Gain On Sale Of Security": -70000.0,
        "Net Non Operating Interest Income Expense": -16382000.0,
        "Interest Expense Non Operating": 16667000.0,
        "Interest Income Non Operating": 285000.0,
        "Operating Income": -78956000.0,
        "Operating Expense": 67958000.0,
        "Depreciation Amortization Depletion Income Statement": NaN,
        "Depreciation And Amortization In Income Statement": NaN,
        "Research And Development": 10529000.0,
        "Selling General And Administration": 57429000.0,
        "Selling And Marketing Expense": 21480000.0,
        "General And Administrative Expense": 35949000.0,
        "Other Gand A": 35949000.0,
        "Gross Profit": -10998000.0,
        "Cost Of Revenue": 207283000.0,
        "Total Revenue": 196285000.0,
        "Operating Revenue": 182687000.0
    }
}