{
    "2023-03-31": {
        "Tax Effect Of Unusual Items": 0.0,
        "Tax Rate For Calcs": 0.0,
        "Normalized EBITDA": 6134000.0,
        "Total Unusual Items": -3923000.0,
        "Total Unusual Items Excluding Goodwill": -3923000.0,
        "Net Income From Continuing Operation Net Minority Interest": -8083000.0,
        "Reconciled Depreciation": 2971000.0,
        "Reconciled Cost Of Revenue": 18109000.0,
        "EBIT": -760000.0,
        "Net Interest Income": -6875000.0,
        "Interest Expense": 6875000.0,
        "Interest Income": NaN,
        "Normalized Income": -4160000.0,
        "Net Income From Continuing And Discontinued Operation": -8083000.0,
        "Total Expenses": 38982000.0,
        "Total Operating Income As Reported": -778000.0,
        "Diluted Average Shares": 15730000.0,
        "Basic Average Shares": 15730000.0,
        "Diluted EPS": -0.51,
        "Basic EPS": -0.51,
        "Diluted NI Availto Com Stockholders": -8083000.0,
        "Net Income Common Stockholders": -8083000.0,
        "Net Income": -8083000.0,
        "Minority Interests": -448000.0,
        "Net Income Including Noncontrolling Interests": -7635000.0,
        "Net Income Continuous Operations": -7635000.0,
        "Earnings From Equity Interest Net Of Tax": NaN,
        "Tax Provision": 0.0,
        "Pretax Income": -7635000.0,
        "Other Income Expense": -3923000.0,
        "Special Income Charges": -3941000.0,
        "Gain On Sale Of Business": NaN,
        "Other Special Charges": NaN,
        "Write Off": NaN,
        "Impairment Of Capital Assets": 495000.0,
        "Restructuring And Mergern Acquisition": 3446000.0,
        "Earnings From Equity Interest": NaN,
        "Gain On Sale Of Security": 18000.0,
        "Net Non Operating Interest Income Expense": -6875000.0,
        "Interest Expense Non Operating": 6875000.0,
        "Interest Income Non Operating": NaN,
        "Operating Income": 3163000.0,
        "Operating Expense": 19513000.0,
        "Depreciation Amortization Depletion Income Statement": 1611000.0,
        "Depreciation And Amortization In Income Statement": 1611000.0,
        "Research And Development": 1285000.0,
        "Selling General And Administration": 16617000.0,
        "Selling And Marketing Expense": 4619000.0,
        "General And Administrative Expense": 11998000.0,
        "Other Gand A": 11009000.0,
        "Salaries And Wages": 989000.0,
        "Gross Profit": 22676000.0,
        "Cost Of Revenue": 19469000.0,
        "Total Revenue": 42145000.0,
        "Operating Revenue": 42145000.0
    },
    "2022-12-31": {
        "Tax Effect Of Unusual Items": -3254000.0,
        "Tax Rate For Calcs": 0.4,
        "Normalized EBITDA": 569000.0,
        "Total Unusual Items": -8135000.0,
        "Total Unusual Items Excluding Goodwill": -8135000.0,
        "Net Income From Continuing Operation Net Minority Interest": -27356000.0,
        "Reconciled Depreciation": 5062000.0,
        "Reconciled Cost Of Revenue": 20088000.0,
        "EBIT": -12628000.0,
        "Net Interest Income": -6103000.0,
        "Interest Expense": 6194000.0,
        "Interest Income": 91000.0,
        "Normalized Income": -22475000.0,
        "Net Income From Continuing And Discontinued Operation": -27356000.0,
        "Total Expenses": 45081000.0,
        "Total Operating Income As Reported": -13407000.0,
        "Diluted Average Shares": 15032000.0,
        "Basic Average Shares": 15032000.0,
        "Diluted EPS": -1.82,
        "Basic EPS": -1.82,
        "Diluted NI Availto Com Stockholders": -27356000.0,
        "Net Income Common Stockholders": -27356000.0,
        "Net Income": -27356000.0,
        "Minority Interests": -174000.0,
        "Net Income Including Noncontrolling Interests": -27182000.0,
        "Net Income Continuous Operations": -27182000.0,
        "Earnings From Equity Interest Net Of Tax": 0.0,
        "Tax Provision": 8360000.0,
        "Pretax Income": -18822000.0,
        "Other Income Expense": -8135000.0,
        "Special Income Charges": -8823000.0,
        "Gain On Sale Of Business": 0.0,
        "Other Special Charges": 0.0,
        "Write Off": NaN,
        "Impairment Of Capital Assets": 1791000.0,
        "Restructuring And Mergern Acquisition": 7032000.0,
        "Earnings From Equity Interest": 0.0,
        "Gain On Sale Of Security": 688000.0,
        "Net Non Operating Interest Income Expense": -6103000.0,
        "Interest Expense Non Operating": 6194000.0,
        "Interest Income Non Operating": 91000.0,
        "Operating Income": -4584000.0,
        "Operating Expense": 22799000.0,
        "Depreciation Amortization Depletion Income Statement": 2868000.0,
        "Depreciation And Amortization In Income Statement": 2868000.0,
        "Research And Development": 1944000.0,
        "Selling General And Administration": 17987000.0,
        "Selling And Marketing Expense": 4329000.0,
        "General And Administrative Expense": 13658000.0,
        "Other Gand A": 11782000.0,
        "Salaries And Wages": 1876000.0,
        "Gross Profit": 18215000.0,
        "Cost Of Revenue": 22282000.0,
        "Total Revenue": 40497000.0,
        "Operating Revenue": 40497000.0
    },
    "2022-09-30": {
        "Tax Effect Of Unusual Items": -12142349.736861,
        "Tax Rate For Calcs": 0.073931,
        "Normalized EBITDA": -4519000.0,
        "Total Unusual Items": -164240000.0,
        "Total Unusual Items Excluding Goodwill": -164240000.0,
        "Net Income From Continuing Operation Net Minority Interest": -165762000.0,
        "Reconciled Depreciation": 3336000.0,
        "Reconciled Cost Of Revenue": 20167000.0,
        "EBIT": -172095000.0,
        "Net Interest Income": -6676000.0,
        "Interest Expense": 6708000.0,
        "Interest Income": 32000.0,
        "Normalized Income": -13664349.736861,
        "Net Income From Continuing And Discontinued Operation": -165762000.0,
        "Total Expenses": 46553000.0,
        "Total Operating Income As Reported": -120032000.0,
        "Diluted Average Shares": 14842000.0,
        "Basic Average Shares": 14842000.0,
        "Diluted EPS": -11.17,
        "Basic EPS": -11.17,
        "Diluted NI Availto Com Stockholders": -165762000.0,
        "Net Income Common Stockholders": -165762000.0,
        "Net Income": -165762000.0,
        "Minority Interests": -178000.0,
        "Net Income Including Noncontrolling Interests": -165584000.0,
        "Net Income Continuous Operations": -165584000.0,
        "Earnings From Equity Interest Net Of Tax": 0.0,
        "Tax Provision": -13219000.0,
        "Pretax Income": -178803000.0,
        "Other Income Expense": -164240000.0,
        "Special Income Charges": -164463000.0,
        "Gain On Sale Of Business": -37708000.0,
        "Other Special Charges": 14610000.0,
        "Write Off": NaN,
        "Impairment Of Capital Assets": 106096000.0,
        "Restructuring And Mergern Acquisition": 6049000.0,
        "Earnings From Equity Interest": 0.0,
        "Gain On Sale Of Security": 223000.0,
        "Net Non Operating Interest Income Expense": -6676000.0,
        "Interest Expense Non Operating": 6708000.0,
        "Interest Income Non Operating": 32000.0,
        "Operating Income": -7887000.0,
        "Operating Expense": 26386000.0,
        "Depreciation Amortization Depletion Income Statement": 3336000.0,
        "Depreciation And Amortization In Income Statement": 3336000.0,
        "Research And Development": 2231000.0,
        "Selling General And Administration": 20819000.0,
        "Selling And Marketing Expense": 4771000.0,
        "General And Administrative Expense": 16048000.0,
        "Other Gand A": 13922000.0,
        "Salaries And Wages": 2126000.0,
        "Gross Profit": 18499000.0,
        "Cost Of Revenue": 20167000.0,
        "Total Revenue": 38666000.0,
        "Operating Revenue": 38666000.0
    },
    "2022-06-30": {
        "Tax Effect Of Unusual Items": -730939.375383,
        "Tax Rate For Calcs": 0.151868,
        "Normalized EBITDA": 2839000.0,
        "Total Unusual Items": -4813000.0,
        "Total Unusual Items Excluding Goodwill": -4813000.0,
        "Net Income From Continuing Operation Net Minority Interest": -12438000.0,
        "Reconciled Depreciation": 6120000.0,
        "Reconciled Cost Of Revenue": 19855000.0,
        "EBIT": -8094000.0,
        "Net Interest Income": -6589000.0,
        "Interest Expense": 6603000.0,
        "Interest Income": 14000.0,
        "Normalized Income": -8355939.375383,
        "Net Income From Continuing And Discontinued Operation": -12438000.0,
        "Total Expenses": 46963000.0,
        "Total Operating Income As Reported": -10044000.0,
        "Diluted Average Shares": 14462000.0,
        "Basic Average Shares": 14462000.0,
        "Diluted EPS": -0.86,
        "Basic EPS": -0.86,
        "Diluted NI Availto Com Stockholders": -12438000.0,
        "Net Income Common Stockholders": -12438000.0,
        "Net Income": -12438000.0,
        "Minority Interests": 27000.0,
        "Net Income Including Noncontrolling Interests": -12465000.0,
        "Net Income Continuous Operations": -12465000.0,
        "Earnings From Equity Interest Net Of Tax": 0.0,
        "Tax Provision": -2232000.0,
        "Pretax Income": -14697000.0,
        "Other Income Expense": -4813000.0,
        "Special Income Charges": -6749000.0,
        "Gain On Sale Of Business": NaN,
        "Other Special Charges": NaN,
        "Write Off": NaN,
        "Impairment Of Capital Assets": 0.0,
        "Restructuring And Mergern Acquisition": 6749000.0,
        "Earnings From Equity Interest": 0.0,
        "Gain On Sale Of Security": 1936000.0,
        "Net Non Operating Interest Income Expense": -6589000.0,
        "Interest Expense Non Operating": 6603000.0,
        "Interest Income Non Operating": 14000.0,
        "Operating Income": -3295000.0,
        "Operating Expense": 25688000.0,
        "Depreciation Amortization Depletion Income Statement": 4700000.0,
        "Depreciation And Amortization In Income Statement": 4700000.0,
        "Research And Development": 1782000.0,
        "Selling General And Administration": 19206000.0,
        "Selling And Marketing Expense": 3486000.0,
        "General And Administrative Expense": 15720000.0,
        "Other Gand A": 14632000.0,
        "Salaries And Wages": 1088000.0,
        "Gross Profit": 22393000.0,
        "Cost Of Revenue": 21275000.0,
        "Total Revenue": 43668000.0,
        "Operating Revenue": 43668000.0
    },
    "2022-03-31": {
        "Diluted EPS": -1.21,
        "Total Revenue": 36,
        "Gross Profit": 14,
        "Operating Income": -18,
        "EBIT": -2,
        "Net Income": -17
    },
    "2021-12-31": {
        "Diluted EPS": -26.76,
        "Total Revenue": 34,
        "Gross Profit": 4,
        "Operating Income": -337,
        "EBIT": -28,
        "Net Income": -336
    },
    "2021-09-30": {
        "Diluted EPS": 2.6,
        "Total Revenue": 45,
        "Gross Profit": 18,
        "Operating Income": -5,
        "EBIT": 4,
        "Net Income": 31
    },
    "2021-06-30": {
        "Diluted EPS": -3.5,
        "Total Revenue": 32,
        "Gross Profit": 11,
        "Operating Income": -36,
        "EBIT": -30,
        "Net Income": -33
    },
    "2021-03-31": {
        "Diluted EPS": -4.2,
        "Total Revenue": 13,
        "Gross Profit": 7,
        "Operating Income": -3,
        "EBIT": -2,
        "Net Income": -3
    },
    "2020-12-31": {
        "Diluted EPS": 0.57,
        "Total Revenue": NaN,
        "Gross Profit": NaN,
        "Operating Income": -5,
        "EBIT": -5,
        "Net Income": -1
    },
    "2020-09-30": {
        "Diluted EPS": -0.1,
        "Total Revenue": NaN,
        "Gross Profit": NaN,
        "Operating Income": -1,
        "EBIT": -1,
        "Net Income": -1
    },
    "2020-06-30": {
        "Diluted EPS": -0.07,
        "Total Revenue": NaN,
        "Gross Profit": NaN,
        "Operating Income": 0,
        "EBIT": 0,
        "Net Income": 0
    },
    "2020-03-31": {
        "Diluted EPS": -0.8,
        "Total Revenue": NaN,
        "Gross Profit": NaN,
        "Operating Income": -1,
        "EBIT": -1,
        "Net Income": 0
    },
    "2019-12-31": {
        "Diluted EPS": 0.0,
        "Total Revenue": NaN,
        "Gross Profit": NaN,
        "Operating Income": NaN,
        "EBIT": NaN,
        "Net Income": NaN
    },
    "2019-09-30": {
        "Diluted EPS": -0.5,
        "Total Revenue": NaN,
        "Gross Profit": NaN,
        "Operating Income": 0,
        "EBIT": 0,
        "Net Income": 0
    },
    "2019-06-30": {
        "Diluted EPS": -0.2,
        "Total Revenue": NaN,
        "Gross Profit": NaN,
        "Operating Income": 0,
        "EBIT": 0,
        "Net Income": 0
    },
    "2023-06-30": {
        "Tax Effect Of Unusual Items": -4767600.0,
        "Tax Rate For Calcs": 0.4,
        "Normalized EBITDA": 4909000.0,
        "Total Unusual Items": -11919000.0,
        "Total Unusual Items Excluding Goodwill": -11919000.0,
        "Net Income From Continuing Operation Net Minority Interest": -19127000.0,
        "Reconciled Depreciation": 3606000.0,
        "Reconciled Cost Of Revenue": 15977000.0,
        "EBIT": -10616000.0,
        "Net Interest Income": -6981000.0,
        "Interest Expense": 7136000.0,
        "Interest Income": 155000.0,
        "Normalized Income": -11975600.0,
        "Net Income From Continuing And Discontinued Operation": -19127000.0,
        "Total Expenses": 36675000.0,
        "Total Operating Income As Reported": -10742000.0,
        "Diluted Average Shares": 18220000.0,
        "Basic Average Shares": 18220000.0,
        "Diluted EPS": -1.05,
        "Basic EPS": -1.05,
        "Diluted NI Availto Com Stockholders": -19127000.0,
        "Net Income Common Stockholders": -19127000.0,
        "Net Income": -19127000.0,
        "Minority Interests": -508000.0,
        "Net Income Including Noncontrolling Interests": -18619000.0,
        "Net Income Continuous Operations": -18619000.0,
        "Earnings From Equity Interest Net Of Tax": NaN,
        "Tax Provision": 867000.0,
        "Pretax Income": -17752000.0,
        "Other Income Expense": -11919000.0,
        "Special Income Charges": -11890000.0,
        "Gain On Sale Of Business": NaN,
        "Other Special Charges": NaN,
        "Write Off": 0.0,
        "Impairment Of Capital Assets": 8246000.0,
        "Restructuring And Mergern Acquisition": 3644000.0,
        "Earnings From Equity Interest": NaN,
        "Gain On Sale Of Security": -29000.0,
        "Net Non Operating Interest Income Expense": -6981000.0,
        "Interest Expense Non Operating": 7136000.0,
        "Interest Income Non Operating": 155000.0,
        "Operating Income": 1148000.0,
        "Operating Expense": 18828000.0,
        "Depreciation Amortization Depletion Income Statement": 1736000.0,
        "Depreciation And Amortization In Income Statement": 1736000.0,
        "Research And Development": 848000.0,
        "Selling General And Administration": 16244000.0,
        "Selling And Marketing Expense": 2421000.0,
        "General And Administrative Expense": 13823000.0,
        "Other Gand A": 12765000.0,
        "Salaries And Wages": 1058000.0,
        "Gross Profit": 19976000.0,
        "Cost Of Revenue": 17847000.0,
        "Total Revenue": 37823000.0,
        "Operating Revenue": 37823000.0
    }
}