{
    "2023-03-31": {
        "Tax Effect Of Unusual Items": NaN,
        "Tax Rate For Calcs": NaN,
        "Normalized EBITDA": NaN,
        "Total Unusual Items": 0.0,
        "Total Unusual Items Excluding Goodwill": 0.0,
        "Net Income From Continuing Operation Net Minority Interest": NaN,
        "Reconciled Depreciation": NaN,
        "Reconciled Cost Of Revenue": NaN,
        "EBITDA": NaN,
        "EBIT": NaN,
        "Net Interest Income": NaN,
        "Interest Expense": NaN,
        "Normalized Income": NaN,
        "Net Income From Continuing And Discontinued Operation": NaN,
        "Total Expenses": NaN,
        "Total Operating Income As Reported": NaN,
        "Diluted Average Shares": 900791.0,
        "Basic Average Shares": 900791.0,
        "Diluted EPS": -1.8,
        "Basic EPS": -1.8,
        "Diluted NI Availto Com Stockholders": NaN,
        "Net Income Common Stockholders": NaN,
        "Net Income": NaN,
        "Minority Interests": NaN,
        "Net Income Including Noncontrolling Interests": NaN,
        "Net Income Discontinuous Operations": NaN,
        "Net Income Continuous Operations": NaN,
        "Tax Provision": NaN,
        "Pretax Income": NaN,
        "Other Income Expense": NaN,
        "Other Non Operating Income Expenses": NaN,
        "Special Income Charges": 0.0,
        "Gain On Sale Of Ppe": 0.0,
        "Gain On Sale Of Business": 0.0,
        "Other Special Charges": NaN,
        "Write Off": 0.0,
        "Gain On Sale Of Security": NaN,
        "Net Non Operating Interest Income Expense": NaN,
        "Total Other Finance Cost": -152360.0,
        "Interest Expense Non Operating": NaN,
        "Operating Income": NaN,
        "Operating Expense": NaN,
        "Depreciation Amortization Depletion Income Statement": NaN,
        "Depreciation And Amortization In Income Statement": NaN,
        "Amortization": NaN,
        "Amortization Of Intangibles Income Statement": NaN,
        "Depreciation Income Statement": NaN,
        "Selling General And Administration": NaN,
        "Selling And Marketing Expense": NaN,
        "General And Administrative Expense": NaN,
        "Other Gand A": NaN,
        "Salaries And Wages": NaN,
        "Gross Profit": NaN,
        "Cost Of Revenue": NaN,
        "Total Revenue": NaN,
        "Operating Revenue": NaN
    },
    "2022-12-31": {
        "Tax Effect Of Unusual Items": NaN,
        "Tax Rate For Calcs": NaN,
        "Normalized EBITDA": NaN,
        "Total Unusual Items": 7560823.0,
        "Total Unusual Items Excluding Goodwill": 7560823.0,
        "Net Income From Continuing Operation Net Minority Interest": NaN,
        "Reconciled Depreciation": NaN,
        "Reconciled Cost Of Revenue": NaN,
        "EBITDA": NaN,
        "EBIT": NaN,
        "Net Interest Income": NaN,
        "Interest Expense": NaN,
        "Normalized Income": NaN,
        "Net Income From Continuing And Discontinued Operation": NaN,
        "Total Expenses": NaN,
        "Total Operating Income As Reported": NaN,
        "Diluted Average Shares": 19030705.0,
        "Basic Average Shares": 17540427.0,
        "Diluted EPS": 0.14,
        "Basic EPS": 0.15,
        "Diluted NI Availto Com Stockholders": NaN,
        "Net Income Common Stockholders": NaN,
        "Net Income": NaN,
        "Minority Interests": NaN,
        "Net Income Including Noncontrolling Interests": NaN,
        "Net Income Discontinuous Operations": NaN,
        "Net Income Continuous Operations": NaN,
        "Tax Provision": NaN,
        "Pretax Income": NaN,
        "Other Income Expense": 7560823.0,
        "Special Income Charges": 7564363.0,
        "Gain On Sale Of Ppe": 7564363.0,
        "Gain On Sale Of Business": 0.0,
        "Other Special Charges": NaN,
        "Write Off": 0.0,
        "Gain On Sale Of Security": -3540.0,
        "Net Non Operating Interest Income Expense": NaN,
        "Total Other Finance Cost": 1789299.0,
        "Interest Expense Non Operating": NaN,
        "Operating Income": NaN,
        "Operating Expense": NaN,
        "Depreciation Amortization Depletion Income Statement": NaN,
        "Depreciation And Amortization In Income Statement": NaN,
        "Amortization": NaN,
        "Amortization Of Intangibles Income Statement": NaN,
        "Depreciation Income Statement": NaN,
        "Selling General And Administration": NaN,
        "Selling And Marketing Expense": NaN,
        "General And Administrative Expense": NaN,
        "Other Gand A": NaN,
        "Salaries And Wages": NaN,
        "Gross Profit": NaN,
        "Cost Of Revenue": NaN,
        "Total Revenue": NaN,
        "Operating Revenue": NaN
    },
    "2022-09-30": {
        "Tax Effect Of Unusual Items": NaN,
        "Tax Rate For Calcs": NaN,
        "Normalized EBITDA": NaN,
        "Total Unusual Items": 1770.0,
        "Total Unusual Items Excluding Goodwill": 1770.0,
        "Net Income From Continuing Operation Net Minority Interest": NaN,
        "Reconciled Depreciation": NaN,
        "Reconciled Cost Of Revenue": NaN,
        "EBITDA": NaN,
        "EBIT": NaN,
        "Net Interest Income": NaN,
        "Interest Expense": 433478.0,
        "Normalized Income": NaN,
        "Net Income From Continuing And Discontinued Operation": NaN,
        "Total Expenses": NaN,
        "Total Operating Income As Reported": NaN,
        "Diluted Average Shares": 16713345.0,
        "Basic Average Shares": 16713345.0,
        "Diluted EPS": -0.16,
        "Basic EPS": -0.16,
        "Diluted NI Availto Com Stockholders": NaN,
        "Net Income Common Stockholders": NaN,
        "Net Income": NaN,
        "Minority Interests": NaN,
        "Net Income Including Noncontrolling Interests": NaN,
        "Net Income Discontinuous Operations": NaN,
        "Net Income Continuous Operations": NaN,
        "Tax Provision": NaN,
        "Pretax Income": NaN,
        "Other Income Expense": 1770.0,
        "Special Income Charges": NaN,
        "Gain On Sale Of Ppe": NaN,
        "Gain On Sale Of Business": NaN,
        "Other Special Charges": NaN,
        "Write Off": NaN,
        "Gain On Sale Of Security": 1770.0,
        "Net Non Operating Interest Income Expense": NaN,
        "Total Other Finance Cost": NaN,
        "Interest Expense Non Operating": 433478.0,
        "Operating Income": NaN,
        "Operating Expense": NaN,
        "Depreciation Amortization Depletion Income Statement": NaN,
        "Depreciation And Amortization In Income Statement": NaN,
        "Amortization": NaN,
        "Amortization Of Intangibles Income Statement": NaN,
        "Depreciation Income Statement": NaN,
        "Selling General And Administration": NaN,
        "Selling And Marketing Expense": NaN,
        "General And Administrative Expense": NaN,
        "Other Gand A": NaN,
        "Salaries And Wages": NaN,
        "Gross Profit": NaN,
        "Cost Of Revenue": NaN,
        "Total Revenue": NaN,
        "Operating Revenue": NaN
    },
    "2022-06-30": {
        "Tax Effect Of Unusual Items": -729.995134,
        "Tax Rate For Calcs": 0.221681,
        "Normalized EBITDA": -1883823.0,
        "Total Unusual Items": -3293.0,
        "Total Unusual Items Excluding Goodwill": -3293.0,
        "Net Income From Continuing Operation Net Minority Interest": -2624727.0,
        "Reconciled Depreciation": 1257858.0,
        "Reconciled Cost Of Revenue": 8187607.0,
        "EBITDA": -1887116.0,
        "EBIT": -3144974.0,
        "Net Interest Income": -153601.0,
        "Interest Expense": NaN,
        "Normalized Income": -2622163.995134,
        "Net Income From Continuing And Discontinued Operation": -2624727.0,
        "Total Expenses": 18341847.0,
        "Total Operating Income As Reported": -3144974.0,
        "Diluted Average Shares": 16655983.0,
        "Basic Average Shares": 16655983.0,
        "Diluted EPS": -0.16,
        "Basic EPS": -0.16,
        "Diluted NI Availto Com Stockholders": -2624727.0,
        "Net Income Common Stockholders": -2624727.0,
        "Net Income": -2624727.0,
        "Minority Interests": NaN,
        "Net Income Including Noncontrolling Interests": -2569907.0,
        "Net Income Discontinuous Operations": NaN,
        "Net Income Continuous Operations": -2569907.0,
        "Tax Provision": -731961.0,
        "Pretax Income": -3301868.0,
        "Other Income Expense": -3293.0,
        "Special Income Charges": 0.0,
        "Gain On Sale Of Ppe": 0.0,
        "Other Special Charges": 0.0,
        "Gain On Sale Of Security": NaN,
        "Net Non Operating Interest Income Expense": -153601.0,
        "Total Other Finance Cost": 153601.0,
        "Interest Expense Non Operating": NaN,
        "Operating Income": -3144974.0,
        "Operating Expense": 10154240.0,
        "Depreciation Amortization Depletion Income Statement": 1257858.0,
        "Depreciation And Amortization In Income Statement": 1257858.0,
        "Amortization": 1073665.0,
        "Amortization Of Intangibles Income Statement": 1073665.0,
        "Depreciation Income Statement": 184193.0,
        "Selling General And Administration": 8896382.0,
        "Selling And Marketing Expense": 2476438.0,
        "General And Administrative Expense": 6419944.0,
        "Other Gand A": 5421664.0,
        "Salaries And Wages": 998280.0,
        "Gross Profit": 7009266.0,
        "Cost Of Revenue": 8187607.0,
        "Total Revenue": 15196873.0,
        "Operating Revenue": 15196873.0
    },
    "2022-03-31": {
        "Diluted EPS": 0.0,
        "Total Revenue": 4,
        "Gross Profit": 3,
        "Operating Income": -2,
        "EBIT": -1,
        "Net Income": 0
    },
    "2021-12-31": {
        "Diluted EPS": -0.32,
        "Total Revenue": 5,
        "Gross Profit": 4,
        "Operating Income": -3,
        "EBIT": -2,
        "Net Income": 0
    },
    "2021-09-30": {
        "Diluted EPS": 0.03,
        "Total Revenue": 4,
        "Gross Profit": 3,
        "Operating Income": -1,
        "EBIT": -1,
        "Net Income": 1
    },
    "2021-06-30": {
        "Diluted EPS": 0.21,
        "Total Revenue": 11,
        "Gross Profit": 5,
        "Operating Income": 1,
        "EBIT": 2,
        "Net Income": 3
    },
    "2021-03-31": {
        "Diluted EPS": 0.07,
        "Total Revenue": 6,
        "Gross Profit": 3,
        "Operating Income": 1,
        "EBIT": 1,
        "Net Income": 1
    },
    "2020-12-31": {
        "Diluted EPS": 0.01,
        "Total Revenue": 4,
        "Gross Profit": 2,
        "Operating Income": 0,
        "EBIT": 0,
        "Net Income": 0
    },
    "2020-09-30": {
        "Diluted EPS": -0.08,
        "Total Revenue": 3,
        "Gross Profit": 1,
        "Operating Income": -1,
        "EBIT": 0,
        "Net Income": -1
    },
    "2020-06-30": {
        "Diluted EPS": 0.0,
        "Total Revenue": NaN,
        "Gross Profit": NaN,
        "Operating Income": NaN,
        "EBIT": NaN,
        "Net Income": NaN
    },
    "2019-06-30": {
        "Diluted EPS": 0.0,
        "Total Revenue": NaN,
        "Gross Profit": NaN,
        "Operating Income": NaN,
        "EBIT": NaN,
        "Net Income": NaN
    },
    "2023-06-30": {
        "Tax Effect Of Unusual Items": NaN,
        "Tax Rate For Calcs": NaN,
        "Normalized EBITDA": NaN,
        "Total Unusual Items": -13720178.0,
        "Total Unusual Items Excluding Goodwill": -13720178.0,
        "Net Income From Continuing Operation Net Minority Interest": NaN,
        "Reconciled Depreciation": NaN,
        "Reconciled Cost Of Revenue": NaN,
        "EBITDA": NaN,
        "EBIT": NaN,
        "Net Interest Income": NaN,
        "Interest Expense": NaN,
        "Normalized Income": NaN,
        "Net Income From Continuing And Discontinued Operation": NaN,
        "Total Expenses": NaN,
        "Total Operating Income As Reported": NaN,
        "Diluted Average Shares": NaN,
        "Basic Average Shares": NaN,
        "Diluted EPS": NaN,
        "Basic EPS": NaN,
        "Diluted NI Availto Com Stockholders": NaN,
        "Net Income Common Stockholders": NaN,
        "Net Income": NaN,
        "Minority Interests": 201577.0,
        "Net Income Including Noncontrolling Interests": NaN,
        "Net Income Discontinuous Operations": NaN,
        "Net Income Continuous Operations": NaN,
        "Tax Provision": NaN,
        "Pretax Income": NaN,
        "Other Income Expense": -13720178.0,
        "Other Non Operating Income Expenses": NaN,
        "Special Income Charges": -13723718.0,
        "Gain On Sale Of Ppe": -9776905.0,
        "Gain On Sale Of Business": NaN,
        "Other Special Charges": NaN,
        "Write Off": NaN,
        "Gain On Sale Of Security": 3540.0,
        "Net Non Operating Interest Income Expense": NaN,
        "Total Other Finance Cost": 2380931.0,
        "Interest Expense Non Operating": NaN,
        "Operating Income": NaN,
        "Operating Expense": NaN,
        "Depreciation Amortization Depletion Income Statement": NaN,
        "Depreciation And Amortization In Income Statement": NaN,
        "Amortization": NaN,
        "Amortization Of Intangibles Income Statement": NaN,
        "Depreciation Income Statement": NaN,
        "Selling General And Administration": NaN,
        "Selling And Marketing Expense": NaN,
        "General And Administrative Expense": NaN,
        "Other Gand A": NaN,
        "Salaries And Wages": NaN,
        "Gross Profit": NaN,
        "Cost Of Revenue": NaN,
        "Total Revenue": NaN,
        "Operating Revenue": NaN
    },
    "2023-09-30": {
        "Tax Effect Of Unusual Items": 0.0,
        "Tax Rate For Calcs": 0.204568,
        "Normalized EBITDA": -529150.0,
        "Total Unusual Items": NaN,
        "Total Unusual Items Excluding Goodwill": NaN,
        "Net Income From Continuing Operation Net Minority Interest": -1836729.0,
        "Reconciled Depreciation": 936471.0,
        "Reconciled Cost Of Revenue": 2845201.0,
        "EBITDA": -529150.0,
        "EBIT": -1465621.0,
        "Net Interest Income": -843475.0,
        "Interest Expense": 843475.0,
        "Normalized Income": -1836729.0,
        "Net Income From Continuing And Discontinued Operation": -1355388.0,
        "Total Expenses": 9730503.0,
        "Total Operating Income As Reported": -1455813.0,
        "Diluted Average Shares": 1012231.0,
        "Basic Average Shares": 1012231.0,
        "Diluted EPS": -1.34,
        "Basic EPS": -1.34,
        "Diluted NI Availto Com Stockholders": -1355388.0,
        "Net Income Common Stockholders": -1355388.0,
        "Net Income": -1355388.0,
        "Minority Interests": 0.0,
        "Net Income Including Noncontrolling Interests": -1355388.0,
        "Net Income Discontinuous Operations": 481341.0,
        "Net Income Continuous Operations": -1836729.0,
        "Tax Provision": -472367.0,
        "Pretax Income": -2309096.0,
        "Other Income Expense": -9808.0,
        "Other Non Operating Income Expenses": -9808.0,
        "Special Income Charges": NaN,
        "Gain On Sale Of Ppe": NaN,
        "Gain On Sale Of Business": NaN,
        "Other Special Charges": NaN,
        "Write Off": NaN,
        "Gain On Sale Of Security": NaN,
        "Net Non Operating Interest Income Expense": -843475.0,
        "Total Other Finance Cost": NaN,
        "Interest Expense Non Operating": 843475.0,
        "Operating Income": -1455813.0,
        "Operating Expense": 6885302.0,
        "Depreciation Amortization Depletion Income Statement": 936471.0,
        "Depreciation And Amortization In Income Statement": 936471.0,
        "Amortization": 658858.0,
        "Amortization Of Intangibles Income Statement": 658858.0,
        "Depreciation Income Statement": 277613.0,
        "Selling General And Administration": 5948831.0,
        "Selling And Marketing Expense": 3948594.0,
        "General And Administrative Expense": 2000237.0,
        "Other Gand A": 1578350.0,
        "Salaries And Wages": 421887.0,
        "Gross Profit": 5429489.0,
        "Cost Of Revenue": 2845201.0,
        "Total Revenue": 8274690.0,
        "Operating Revenue": 8274690.0
    },
    "2023-12-31": {
        "Tax Effect Of Unusual Items": -59555.246915,
        "Tax Rate For Calcs": 0.22179,
        "Normalized EBITDA": 503482.0,
        "Total Unusual Items": -268521.0,
        "Total Unusual Items Excluding Goodwill": -268521.0,
        "Net Income From Continuing Operation Net Minority Interest": -2437919.0,
        "Reconciled Depreciation": 2022082.0,
        "Reconciled Cost Of Revenue": 13020140.0,
        "EBITDA": 234961.0,
        "EBIT": -1787121.0,
        "Net Interest Income": -1077084.0,
        "Interest Expense": NaN,
        "Normalized Income": -2228953.246915,
        "Net Income From Continuing And Discontinued Operation": -2437919.0,
        "Total Expenses": 23614948.0,
        "Total Operating Income As Reported": -1787121.0,
        "Diluted Average Shares": 1015343.0,
        "Basic Average Shares": 1015343.0,
        "Diluted EPS": -2.4,
        "Basic EPS": -2.4,
        "Diluted NI Availto Com Stockholders": -2437919.0,
        "Net Income Common Stockholders": -2437919.0,
        "Net Income": -2437919.0,
        "Minority Interests": 0.0,
        "Net Income Including Noncontrolling Interests": -2437919.0,
        "Net Income Discontinuous Operations": 0.0,
        "Net Income Continuous Operations": -2437919.0,
        "Tax Provision": -694807.0,
        "Pretax Income": -3132726.0,
        "Other Income Expense": -268521.0,
        "Other Non Operating Income Expenses": NaN,
        "Special Income Charges": -268521.0,
        "Gain On Sale Of Ppe": 0.0,
        "Gain On Sale Of Business": -39691.0,
        "Other Special Charges": -61138.0,
        "Write Off": 289968.0,
        "Gain On Sale Of Security": NaN,
        "Net Non Operating Interest Income Expense": -1077084.0,
        "Total Other Finance Cost": 1077084.0,
        "Interest Expense Non Operating": NaN,
        "Operating Income": -1787121.0,
        "Operating Expense": 10058374.0,
        "Depreciation Amortization Depletion Income Statement": 1485648.0,
        "Depreciation And Amortization In Income Statement": 1485648.0,
        "Amortization": 1157029.0,
        "Amortization Of Intangibles Income Statement": 1157029.0,
        "Depreciation Income Statement": 328619.0,
        "Selling General And Administration": 8572726.0,
        "Selling And Marketing Expense": 5938922.0,
        "General And Administrative Expense": 2633804.0,
        "Other Gand A": 2303220.0,
        "Salaries And Wages": 330584.0,
        "Gross Profit": 8271253.0,
        "Cost Of Revenue": 13556574.0,
        "Total Revenue": 21827827.0,
        "Operating Revenue": 21827827.0
    },
    "2024-03-31": {
        "Tax Effect Of Unusual Items": -27192.930939,
        "Tax Rate For Calcs": 0.263337,
        "Normalized EBITDA": -3464865.0,
        "Total Unusual Items": -103263.0,
        "Total Unusual Items Excluding Goodwill": -103263.0,
        "Net Income From Continuing Operation Net Minority Interest": -4200593.0,
        "Reconciled Depreciation": 1131169.0,
        "Reconciled Cost Of Revenue": 11799584.0,
        "EBITDA": -3568128.0,
        "EBIT": -4937047.0,
        "Net Interest Income": -661878.0,
        "Interest Expense": NaN,
        "Normalized Income": -4124522.930939,
        "Net Income From Continuing And Discontinued Operation": -4118612.0,
        "Total Expenses": 19382004.0,
        "Total Operating Income As Reported": -4937047.0,
        "Diluted Average Shares": 1036177.0,
        "Basic Average Shares": 1036177.0,
        "Diluted EPS": -4.0,
        "Basic EPS": -4.0,
        "Diluted NI Availto Com Stockholders": -4118612.0,
        "Net Income Common Stockholders": -4118612.0,
        "Net Income": -4118612.0,
        "Minority Interests": 0.0,
        "Net Income Including Noncontrolling Interests": -4118612.0,
        "Net Income Discontinuous Operations": 81981.0,
        "Net Income Continuous Operations": -4200593.0,
        "Tax Provision": -1501595.0,
        "Pretax Income": -5702188.0,
        "Other Income Expense": -103263.0,
        "Other Non Operating Income Expenses": NaN,
        "Special Income Charges": -103263.0,
        "Gain On Sale Of Ppe": 0.0,
        "Gain On Sale Of Business": -103263.0,
        "Other Special Charges": NaN,
        "Write Off": 0.0,
        "Gain On Sale Of Security": NaN,
        "Net Non Operating Interest Income Expense": -661878.0,
        "Total Other Finance Cost": 661878.0,
        "Interest Expense Non Operating": NaN,
        "Operating Income": -4937047.0,
        "Operating Expense": 7820170.0,
        "Depreciation Amortization Depletion Income Statement": 1368919.0,
        "Depreciation And Amortization In Income Statement": 1368919.0,
        "Amortization": 1062734.0,
        "Amortization Of Intangibles Income Statement": 1062734.0,
        "Depreciation Income Statement": 306185.0,
        "Selling General And Administration": 6451251.0,
        "Selling And Marketing Expense": 3839106.0,
        "General And Administrative Expense": 2612145.0,
        "Other Gand A": 2399387.0,
        "Salaries And Wages": 212758.0,
        "Gross Profit": 2883123.0,
        "Cost Of Revenue": 11561834.0,
        "Total Revenue": 14444957.0,
        "Operating Revenue": 14444957.0
    },
    "2024-06-30": {
        "Tax Effect Of Unusual Items": -1892672.25,
        "Tax Rate For Calcs": 0.21,
        "Normalized EBITDA": 3168020.0,
        "Total Unusual Items": -9012725.0,
        "Total Unusual Items Excluding Goodwill": -9012725.0,
        "Net Income From Continuing Operation Net Minority Interest": -17311711.0,
        "Reconciled Depreciation": -410936.0,
        "Reconciled Cost Of Revenue": -29688784.0,
        "EBITDA": -5844705.0,
        "EBIT": -5433769.0,
        "Net Interest Income": -512106.0,
        "Interest Expense": NaN,
        "Normalized Income": -10191658.25,
        "Net Income From Continuing And Discontinued Operation": -16194401.0,
        "Total Expenses": -28151727.0,
        "Total Operating Income As Reported": -14498792.0,
        "Diluted Average Shares": NaN,
        "Basic Average Shares": NaN,
        "Diluted EPS": NaN,
        "Basic EPS": NaN,
        "Diluted NI Availto Com Stockholders": -15745519.0,
        "Net Income Common Stockholders": -15745519.0,
        "Net Income": -16194401.0,
        "Minority Interests": 0.0,
        "Net Income Including Noncontrolling Interests": -16194401.0,
        "Net Income Discontinuous Operations": 1117310.0,
        "Net Income Continuous Operations": -17311711.0,
        "Tax Provision": 2336668.0,
        "Pretax Income": -14975043.0,
        "Other Income Expense": -9029168.0,
        "Other Non Operating Income Expenses": NaN,
        "Special Income Charges": -9012725.0,
        "Gain On Sale Of Ppe": -569195.0,
        "Gain On Sale Of Business": NaN,
        "Other Special Charges": NaN,
        "Write Off": NaN,
        "Gain On Sale Of Security": NaN,
        "Net Non Operating Interest Income Expense": -512106.0,
        "Total Other Finance Cost": 512106.0,
        "Interest Expense Non Operating": NaN,
        "Operating Income": -5433769.0,
        "Operating Expense": 1537057.0,
        "Depreciation Amortization Depletion Income Statement": -410936.0,
        "Depreciation And Amortization In Income Statement": -410936.0,
        "Amortization": -777770.0,
        "Amortization Of Intangibles Income Statement": -777770.0,
        "Depreciation Income Statement": 366834.0,
        "Selling General And Administration": 1947993.0,
        "Selling And Marketing Expense": 1657323.0,
        "General And Administrative Expense": 290670.0,
        "Other Gand A": 86056.0,
        "Salaries And Wages": 204614.0,
        "Gross Profit": -3896712.0,
        "Cost Of Revenue": -29688784.0,
        "Total Revenue": -33585496.0,
        "Operating Revenue": -33585496.0
    },
    "2024-09-30": {
        "Tax Effect Of Unusual Items": 0.0,
        "Tax Rate For Calcs": 0.0,
        "Normalized EBITDA": -1076070.0,
        "Total Unusual Items": NaN,
        "Total Unusual Items Excluding Goodwill": NaN,
        "Net Income From Continuing Operation Net Minority Interest": -1625577.0,
        "Reconciled Depreciation": 259095.0,
        "Reconciled Cost Of Revenue": 1426447.0,
        "EBITDA": -1076070.0,
        "EBIT": -1335165.0,
        "Net Interest Income": -290412.0,
        "Interest Expense": 290412.0,
        "Normalized Income": -1625577.0,
        "Net Income From Continuing And Discontinued Operation": -1625577.0,
        "Total Expenses": 5691680.0,
        "Total Operating Income As Reported": -1335165.0,
        "Diluted Average Shares": 1045429.0,
        "Basic Average Shares": 1045429.0,
        "Diluted EPS": -1.55,
        "Basic EPS": -1.55,
        "Diluted NI Availto Com Stockholders": -1625577.0,
        "Net Income Common Stockholders": -1625577.0,
        "Net Income": -1625577.0,
        "Minority Interests": NaN,
        "Net Income Including Noncontrolling Interests": -1625577.0,
        "Net Income Discontinuous Operations": 0.0,
        "Net Income Continuous Operations": -1625577.0,
        "Tax Provision": 0.0,
        "Pretax Income": -1625577.0,
        "Other Income Expense": NaN,
        "Other Non Operating Income Expenses": NaN,
        "Special Income Charges": NaN,
        "Gain On Sale Of Ppe": NaN,
        "Gain On Sale Of Business": NaN,
        "Other Special Charges": NaN,
        "Write Off": NaN,
        "Gain On Sale Of Security": NaN,
        "Net Non Operating Interest Income Expense": -290412.0,
        "Total Other Finance Cost": NaN,
        "Interest Expense Non Operating": 290412.0,
        "Operating Income": -1335165.0,
        "Operating Expense": 4265233.0,
        "Depreciation Amortization Depletion Income Statement": 259095.0,
        "Depreciation And Amortization In Income Statement": 259095.0,
        "Amortization": 19190.0,
        "Amortization Of Intangibles Income Statement": 19190.0,
        "Depreciation Income Statement": 239905.0,
        "Selling General And Administration": 4006138.0,
        "Selling And Marketing Expense": 2497150.0,
        "General And Administrative Expense": 1508988.0,
        "Other Gand A": 1367690.0,
        "Salaries And Wages": 141298.0,
        "Gross Profit": 2930068.0,
        "Cost Of Revenue": 1426447.0,
        "Total Revenue": 4356515.0,
        "Operating Revenue": 4356515.0
    }
}