{
    "2023-03-31": {
        "Tax Effect Of Unusual Items": NaN,
        "Tax Rate For Calcs": NaN,
        "Normalized EBITDA": NaN,
        "Total Unusual Items": NaN,
        "Total Unusual Items Excluding Goodwill": NaN,
        "Net Income From Continuing Operation Net Minority Interest": NaN,
        "Reconciled Depreciation": NaN,
        "Reconciled Cost Of Revenue": NaN,
        "EBITDA": NaN,
        "EBIT": NaN,
        "Net Interest Income": NaN,
        "Interest Expense": NaN,
        "Interest Income": NaN,
        "Normalized Income": NaN,
        "Net Income From Continuing And Discontinued Operation": NaN,
        "Total Expenses": NaN,
        "Total Operating Income As Reported": NaN,
        "Diluted Average Shares": 23279951.0,
        "Basic Average Shares": 23279951.0,
        "Diluted EPS": -1.3,
        "Basic EPS": -1.3,
        "Diluted NI Availto Com Stockholders": NaN,
        "Net Income Common Stockholders": NaN,
        "Net Income": NaN,
        "Net Income Including Noncontrolling Interests": NaN,
        "Net Income Continuous Operations": NaN,
        "Tax Provision": NaN,
        "Pretax Income": NaN,
        "Other Income Expense": NaN,
        "Other Non Operating Income Expenses": NaN,
        "Gain On Sale Of Security": NaN,
        "Net Non Operating Interest Income Expense": NaN,
        "Interest Expense Non Operating": NaN,
        "Interest Income Non Operating": NaN,
        "Operating Income": NaN,
        "Operating Expense": NaN,
        "Research And Development": NaN,
        "Selling General And Administration": NaN,
        "Gross Profit": NaN,
        "Cost Of Revenue": NaN,
        "Total Revenue": NaN,
        "Operating Revenue": NaN
    },
    "2022-12-31": {
        "Tax Effect Of Unusual Items": NaN,
        "Tax Rate For Calcs": NaN,
        "Normalized EBITDA": NaN,
        "Total Unusual Items": NaN,
        "Total Unusual Items Excluding Goodwill": NaN,
        "Net Income From Continuing Operation Net Minority Interest": NaN,
        "Reconciled Depreciation": NaN,
        "Reconciled Cost Of Revenue": NaN,
        "EBITDA": NaN,
        "EBIT": NaN,
        "Net Interest Income": NaN,
        "Interest Expense": NaN,
        "Interest Income": NaN,
        "Normalized Income": NaN,
        "Net Income From Continuing And Discontinued Operation": NaN,
        "Total Expenses": NaN,
        "Total Operating Income As Reported": NaN,
        "Diluted Average Shares": 23088891.0,
        "Basic Average Shares": 23088891.0,
        "Diluted EPS": -1.22,
        "Basic EPS": -1.22,
        "Diluted NI Availto Com Stockholders": NaN,
        "Net Income Common Stockholders": NaN,
        "Net Income": NaN,
        "Net Income Including Noncontrolling Interests": NaN,
        "Net Income Continuous Operations": NaN,
        "Tax Provision": NaN,
        "Pretax Income": NaN,
        "Other Income Expense": NaN,
        "Other Non Operating Income Expenses": NaN,
        "Gain On Sale Of Security": NaN,
        "Net Non Operating Interest Income Expense": NaN,
        "Interest Expense Non Operating": NaN,
        "Interest Income Non Operating": NaN,
        "Operating Income": NaN,
        "Operating Expense": NaN,
        "Research And Development": NaN,
        "Selling General And Administration": NaN,
        "Gross Profit": NaN,
        "Cost Of Revenue": NaN,
        "Total Revenue": NaN,
        "Operating Revenue": NaN
    },
    "2022-09-30": {
        "Tax Effect Of Unusual Items": NaN,
        "Tax Rate For Calcs": NaN,
        "Normalized EBITDA": NaN,
        "Total Unusual Items": NaN,
        "Total Unusual Items Excluding Goodwill": NaN,
        "Net Income From Continuing Operation Net Minority Interest": NaN,
        "Reconciled Depreciation": NaN,
        "Reconciled Cost Of Revenue": NaN,
        "EBITDA": NaN,
        "EBIT": NaN,
        "Net Interest Income": NaN,
        "Interest Expense": NaN,
        "Interest Income": NaN,
        "Normalized Income": NaN,
        "Net Income From Continuing And Discontinued Operation": NaN,
        "Total Expenses": NaN,
        "Total Operating Income As Reported": NaN,
        "Diluted Average Shares": NaN,
        "Basic Average Shares": NaN,
        "Diluted EPS": NaN,
        "Basic EPS": NaN,
        "Diluted NI Availto Com Stockholders": NaN,
        "Net Income Common Stockholders": NaN,
        "Net Income": NaN,
        "Net Income Including Noncontrolling Interests": NaN,
        "Net Income Continuous Operations": NaN,
        "Tax Provision": NaN,
        "Pretax Income": NaN,
        "Other Income Expense": NaN,
        "Other Non Operating Income Expenses": 37000.0,
        "Gain On Sale Of Security": NaN,
        "Net Non Operating Interest Income Expense": NaN,
        "Interest Expense Non Operating": NaN,
        "Interest Income Non Operating": NaN,
        "Operating Income": NaN,
        "Operating Expense": NaN,
        "Research And Development": NaN,
        "Selling General And Administration": NaN,
        "Gross Profit": NaN,
        "Cost Of Revenue": NaN,
        "Total Revenue": NaN,
        "Operating Revenue": NaN
    },
    "2022-06-30": {
        "Tax Effect Of Unusual Items": -2333200.0,
        "Tax Rate For Calcs": 0.4,
        "Normalized EBITDA": -18111000.0,
        "Total Unusual Items": -5833000.0,
        "Total Unusual Items Excluding Goodwill": -5833000.0,
        "Net Income From Continuing Operation Net Minority Interest": -26691000.0,
        "Reconciled Depreciation": 476000.0,
        "Reconciled Cost Of Revenue": 1846000.0,
        "EBITDA": -23944000.0,
        "EBIT": -24420000.0,
        "Net Interest Income": -2111000.0,
        "Interest Expense": 2239000.0,
        "Interest Income": 128000.0,
        "Normalized Income": -23191200.0,
        "Net Income From Continuing And Discontinued Operation": -26691000.0,
        "Total Expenses": 35319000.0,
        "Total Operating Income As Reported": -18715000.0,
        "Diluted Average Shares": 22703572.0,
        "Basic Average Shares": 22703572.0,
        "Diluted EPS": -1.18,
        "Basic EPS": -1.18,
        "Diluted NI Availto Com Stockholders": -26691000.0,
        "Net Income Common Stockholders": -26691000.0,
        "Net Income": -26691000.0,
        "Net Income Including Noncontrolling Interests": -26691000.0,
        "Net Income Continuous Operations": -26691000.0,
        "Tax Provision": 32000.0,
        "Pretax Income": -26659000.0,
        "Other Income Expense": -5833000.0,
        "Other Non Operating Income Expenses": NaN,
        "Gain On Sale Of Security": -5833000.0,
        "Net Non Operating Interest Income Expense": -2111000.0,
        "Interest Expense Non Operating": 2239000.0,
        "Interest Income Non Operating": 128000.0,
        "Operating Income": -18715000.0,
        "Operating Expense": 33473000.0,
        "Research And Development": 12640000.0,
        "Selling General And Administration": 20833000.0,
        "Gross Profit": 14758000.0,
        "Cost Of Revenue": 1846000.0,
        "Total Revenue": 16604000.0,
        "Operating Revenue": 16604000.0
    },
    "2022-03-31": {
        "Diluted EPS": -1.25,
        "Total Revenue": 14,
        "Gross Profit": 12,
        "Operating Income": -22,
        "EBIT": -22,
        "Net Income": -28
    },
    "2021-12-31": {
        "Diluted EPS": -1.27,
        "Total Revenue": 16,
        "Gross Profit": 15,
        "Operating Income": -20,
        "EBIT": -20,
        "Net Income": -28
    },
    "2021-09-30": {
        "Diluted EPS": -1.35,
        "Total Revenue": 11,
        "Gross Profit": 10,
        "Operating Income": -23,
        "EBIT": -23,
        "Net Income": -30
    },
    "2021-06-30": {
        "Diluted EPS": -1.17,
        "Total Revenue": 13,
        "Gross Profit": 12,
        "Operating Income": -23,
        "EBIT": -23,
        "Net Income": -26
    },
    "2021-03-31": {
        "Diluted EPS": -1.17,
        "Total Revenue": 7,
        "Gross Profit": 7,
        "Operating Income": -26,
        "EBIT": -26,
        "Net Income": -26
    },
    "2020-12-31": {
        "Diluted EPS": -1.36,
        "Total Revenue": 8,
        "Gross Profit": 7,
        "Operating Income": -27,
        "EBIT": -27,
        "Net Income": -31
    },
    "2020-09-30": {
        "Diluted EPS": -1.31,
        "Total Revenue": 3,
        "Gross Profit": 3,
        "Operating Income": -29,
        "EBIT": -29,
        "Net Income": -29
    },
    "2020-06-30": {
        "Diluted EPS": -1.44,
        "Total Revenue": 0,
        "Gross Profit": 0,
        "Operating Income": -32,
        "EBIT": -32,
        "Net Income": -31
    },
    "2020-03-31": {
        "Diluted EPS": -1.79,
        "Total Revenue": NaN,
        "Gross Profit": NaN,
        "Operating Income": -39,
        "EBIT": -38,
        "Net Income": -38
    },
    "2019-12-31": {
        "Diluted EPS": -1.87,
        "Total Revenue": NaN,
        "Gross Profit": NaN,
        "Operating Income": -40,
        "EBIT": -40,
        "Net Income": -39
    },
    "2019-09-30": {
        "Diluted EPS": -1.06,
        "Total Revenue": NaN,
        "Gross Profit": NaN,
        "Operating Income": -23,
        "EBIT": -24,
        "Net Income": -22
    },
    "2019-06-30": {
        "Diluted EPS": -1.08,
        "Total Revenue": 0,
        "Gross Profit": 0,
        "Operating Income": -24,
        "EBIT": -24,
        "Net Income": -22
    },
    "2019-03-31": {
        "Diluted EPS": -1.11,
        "Total Revenue": NaN,
        "Gross Profit": NaN,
        "Operating Income": -22,
        "EBIT": -22,
        "Net Income": -21
    },
    "2018-12-31": {
        "Diluted EPS": -1.5,
        "Total Revenue": 0,
        "Gross Profit": NaN,
        "Operating Income": -24,
        "EBIT": -24,
        "Net Income": -24
    },
    "2018-09-30": {
        "Diluted EPS": -1.28,
        "Total Revenue": 0,
        "Gross Profit": -1,
        "Operating Income": -21,
        "EBIT": -21,
        "Net Income": -21
    },
    "2018-06-30": {
        "Diluted EPS": -1.14,
        "Total Revenue": 0,
        "Gross Profit": 0,
        "Operating Income": -18,
        "EBIT": -18,
        "Net Income": -18
    },
    "2018-03-31": {
        "Diluted EPS": -0.88,
        "Total Revenue": 0,
        "Gross Profit": 0,
        "Operating Income": -14,
        "EBIT": -13,
        "Net Income": -13
    },
    "2017-12-31": {
        "Diluted EPS": 0.32,
        "Total Revenue": 0,
        "Gross Profit": 0,
        "Operating Income": -10,
        "EBIT": -10,
        "Net Income": -10
    },
    "2017-09-30": {
        "Diluted EPS": -0.02,
        "Total Revenue": 8,
        "Gross Profit": 8,
        "Operating Income": 0,
        "EBIT": 0,
        "Net Income": 0
    },
    "2017-06-30": {
        "Diluted EPS": -0.7,
        "Total Revenue": NaN,
        "Gross Profit": NaN,
        "Operating Income": -6,
        "EBIT": -6,
        "Net Income": -6
    },
    "2017-03-31": {
        "Diluted EPS": -1.74,
        "Total Revenue": 0,
        "Gross Profit": 0,
        "Operating Income": -4,
        "EBIT": -3,
        "Net Income": -3
    },
    "2016-12-31": {
        "Diluted EPS": 0.0,
        "Total Revenue": NaN,
        "Gross Profit": NaN,
        "Operating Income": NaN,
        "EBIT": NaN,
        "Net Income": NaN
    },
    "2016-09-30": {
        "Diluted EPS": -3.73,
        "Total Revenue": NaN,
        "Gross Profit": NaN,
        "Operating Income": -6,
        "EBIT": -6,
        "Net Income": -8
    },
    "2016-06-30": {
        "Diluted EPS": -1.7,
        "Total Revenue": NaN,
        "Gross Profit": NaN,
        "Operating Income": -3,
        "EBIT": -3,
        "Net Income": -3
    },
    "2015-12-31": {
        "Diluted EPS": 0.0,
        "Total Revenue": NaN,
        "Gross Profit": NaN,
        "Operating Income": NaN,
        "EBIT": NaN,
        "Net Income": NaN
    },
    "2023-06-30": {
        "Tax Effect Of Unusual Items": NaN,
        "Tax Rate For Calcs": NaN,
        "Normalized EBITDA": NaN,
        "Total Unusual Items": NaN,
        "Total Unusual Items Excluding Goodwill": NaN,
        "Net Income From Continuing Operation Net Minority Interest": NaN,
        "Reconciled Depreciation": NaN,
        "Reconciled Cost Of Revenue": NaN,
        "EBITDA": NaN,
        "EBIT": NaN,
        "Net Interest Income": NaN,
        "Interest Expense": NaN,
        "Interest Income": NaN,
        "Normalized Income": NaN,
        "Net Income From Continuing And Discontinued Operation": NaN,
        "Total Expenses": NaN,
        "Total Operating Income As Reported": NaN,
        "Diluted Average Shares": 23462016.0,
        "Basic Average Shares": 23462016.0,
        "Diluted EPS": -1.03,
        "Basic EPS": -1.03,
        "Diluted NI Availto Com Stockholders": NaN,
        "Net Income Common Stockholders": NaN,
        "Net Income": NaN,
        "Net Income Including Noncontrolling Interests": NaN,
        "Net Income Continuous Operations": NaN,
        "Tax Provision": NaN,
        "Pretax Income": NaN,
        "Other Income Expense": NaN,
        "Other Non Operating Income Expenses": NaN,
        "Gain On Sale Of Security": NaN,
        "Net Non Operating Interest Income Expense": NaN,
        "Interest Expense Non Operating": NaN,
        "Interest Income Non Operating": NaN,
        "Operating Income": NaN,
        "Operating Expense": NaN,
        "Research And Development": NaN,
        "Selling General And Administration": NaN,
        "Gross Profit": NaN,
        "Cost Of Revenue": NaN,
        "Total Revenue": NaN,
        "Operating Revenue": NaN
    },
    "2023-09-30": {
        "Tax Effect Of Unusual Items": -2252.878289,
        "Tax Rate For Calcs": 0.000411,
        "Normalized EBITDA": -12179000.0,
        "Total Unusual Items": -5479000.0,
        "Total Unusual Items Excluding Goodwill": -5479000.0,
        "Net Income From Continuing Operation Net Minority Interest": -21879000.0,
        "Reconciled Depreciation": 415000.0,
        "Reconciled Cost Of Revenue": 2367000.0,
        "EBITDA": -17658000.0,
        "EBIT": -18073000.0,
        "Net Interest Income": -2980000.0,
        "Interest Expense": 3815000.0,
        "Interest Income": 835000.0,
        "Normalized Income": -16402252.878289,
        "Net Income From Continuing And Discontinued Operation": -21879000.0,
        "Total Expenses": 34352000.0,
        "Total Operating Income As Reported": -13500000.0,
        "Diluted Average Shares": 32298182.0,
        "Basic Average Shares": 32298182.0,
        "Diluted EPS": -0.68,
        "Basic EPS": -0.68,
        "Diluted NI Availto Com Stockholders": -21879000.0,
        "Net Income Common Stockholders": -21879000.0,
        "Net Income": -21879000.0,
        "Net Income Including Noncontrolling Interests": -21879000.0,
        "Net Income Continuous Operations": -21879000.0,
        "Tax Provision": -9000.0,
        "Pretax Income": -21888000.0,
        "Other Income Expense": -5408000.0,
        "Other Non Operating Income Expenses": 71000.0,
        "Gain On Sale Of Security": -5479000.0,
        "Net Non Operating Interest Income Expense": -2980000.0,
        "Interest Expense Non Operating": 3815000.0,
        "Interest Income Non Operating": 835000.0,
        "Operating Income": -13500000.0,
        "Operating Expense": 31985000.0,
        "Research And Development": 10230000.0,
        "Selling General And Administration": 21755000.0,
        "Gross Profit": 18485000.0,
        "Cost Of Revenue": 2367000.0,
        "Total Revenue": 20852000.0,
        "Operating Revenue": 20852000.0
    },
    "2023-12-31": {
        "Tax Effect Of Unusual Items": -1156050.0,
        "Tax Rate For Calcs": 0.21,
        "Normalized EBITDA": -12647000.0,
        "Total Unusual Items": -5505000.0,
        "Total Unusual Items Excluding Goodwill": -5505000.0,
        "Net Income From Continuing Operation Net Minority Interest": -26016000.0,
        "Reconciled Depreciation": 424000.0,
        "Reconciled Cost Of Revenue": 2286000.0,
        "EBITDA": -18152000.0,
        "EBIT": -18576000.0,
        "Net Interest Income": -2860000.0,
        "Interest Expense": 3586000.0,
        "Interest Income": 726000.0,
        "Normalized Income": -21667050.0,
        "Net Income From Continuing And Discontinued Operation": -26016000.0,
        "Total Expenses": 38139000.0,
        "Total Operating Income As Reported": -14609000.0,
        "Diluted Average Shares": NaN,
        "Basic Average Shares": NaN,
        "Diluted EPS": NaN,
        "Basic EPS": NaN,
        "Diluted NI Availto Com Stockholders": -26016000.0,
        "Net Income Common Stockholders": -26016000.0,
        "Net Income": -26016000.0,
        "Net Income Including Noncontrolling Interests": -26016000.0,
        "Net Income Continuous Operations": -26016000.0,
        "Tax Provision": 3854000.0,
        "Pretax Income": -22162000.0,
        "Other Income Expense": -4693000.0,
        "Other Non Operating Income Expenses": 812000.0,
        "Gain On Sale Of Security": -5505000.0,
        "Net Non Operating Interest Income Expense": -2860000.0,
        "Interest Expense Non Operating": 3586000.0,
        "Interest Income Non Operating": 726000.0,
        "Operating Income": -14609000.0,
        "Operating Expense": 35853000.0,
        "Research And Development": 11302000.0,
        "Selling General And Administration": 24551000.0,
        "Gross Profit": 21244000.0,
        "Cost Of Revenue": 2286000.0,
        "Total Revenue": 23530000.0,
        "Operating Revenue": 23530000.0
    },
    "2024-03-31": {
        "Tax Effect Of Unusual Items": -1188600.0,
        "Tax Rate For Calcs": 0.21,
        "Normalized EBITDA": -23774000.0,
        "Total Unusual Items": -5660000.0,
        "Total Unusual Items Excluding Goodwill": -5660000.0,
        "Net Income From Continuing Operation Net Minority Interest": -32286000.0,
        "Reconciled Depreciation": 351000.0,
        "Reconciled Cost Of Revenue": 1728000.0,
        "EBITDA": -29434000.0,
        "EBIT": -29785000.0,
        "Net Interest Income": -649000.0,
        "Interest Expense": 2447000.0,
        "Interest Income": 1798000.0,
        "Normalized Income": -27814600.0,
        "Net Income From Continuing And Discontinued Operation": -32286000.0,
        "Total Expenses": 44521000.0,
        "Total Operating Income As Reported": -25740000.0,
        "Diluted Average Shares": 33379786.0,
        "Basic Average Shares": 33379786.0,
        "Diluted EPS": -0.97,
        "Basic EPS": -0.97,
        "Diluted NI Availto Com Stockholders": -32286000.0,
        "Net Income Common Stockholders": -32286000.0,
        "Net Income": -32286000.0,
        "Net Income Including Noncontrolling Interests": -32286000.0,
        "Net Income Continuous Operations": -32286000.0,
        "Tax Provision": 54000.0,
        "Pretax Income": -32232000.0,
        "Other Income Expense": -5843000.0,
        "Other Non Operating Income Expenses": -183000.0,
        "Gain On Sale Of Security": -5660000.0,
        "Net Non Operating Interest Income Expense": -649000.0,
        "Interest Expense Non Operating": 2447000.0,
        "Interest Income Non Operating": 1798000.0,
        "Operating Income": -25740000.0,
        "Operating Expense": 42793000.0,
        "Research And Development": 15494000.0,
        "Selling General And Administration": 27299000.0,
        "Gross Profit": 17053000.0,
        "Cost Of Revenue": 1728000.0,
        "Total Revenue": 18781000.0,
        "Operating Revenue": 18781000.0
    },
    "2024-06-30": {
        "Tax Effect Of Unusual Items": -1212330.0,
        "Tax Rate For Calcs": 0.21,
        "Normalized EBITDA": -23868000.0,
        "Total Unusual Items": -5773000.0,
        "Total Unusual Items Excluding Goodwill": -5773000.0,
        "Net Income From Continuing Operation Net Minority Interest": -33403000.0,
        "Reconciled Depreciation": 263000.0,
        "Reconciled Cost Of Revenue": 2229000.0,
        "EBITDA": -29641000.0,
        "EBIT": -29904000.0,
        "Net Interest Income": -1739000.0,
        "Interest Expense": 3461000.0,
        "Interest Income": 1722000.0,
        "Normalized Income": -28842330.0,
        "Net Income From Continuing And Discontinued Operation": -33403000.0,
        "Total Expenses": 47687000.0,
        "Total Operating Income As Reported": -25839000.0,
        "Diluted Average Shares": 36821915.0,
        "Basic Average Shares": 36821915.0,
        "Diluted EPS": -0.91,
        "Basic EPS": -0.91,
        "Diluted NI Availto Com Stockholders": -33403000.0,
        "Net Income Common Stockholders": -33403000.0,
        "Net Income": -33403000.0,
        "Net Income Including Noncontrolling Interests": -33403000.0,
        "Net Income Continuous Operations": -33403000.0,
        "Tax Provision": 38000.0,
        "Pretax Income": -33365000.0,
        "Other Income Expense": -5787000.0,
        "Other Non Operating Income Expenses": -14000.0,
        "Gain On Sale Of Security": -5773000.0,
        "Net Non Operating Interest Income Expense": -1739000.0,
        "Interest Expense Non Operating": 3461000.0,
        "Interest Income Non Operating": 1722000.0,
        "Operating Income": -25839000.0,
        "Operating Expense": 45458000.0,
        "Research And Development": 15402000.0,
        "Selling General And Administration": 30056000.0,
        "Gross Profit": 19619000.0,
        "Cost Of Revenue": 2229000.0,
        "Total Revenue": 21848000.0,
        "Operating Revenue": 21848000.0
    },
    "2024-09-30": {
        "Tax Effect Of Unusual Items": -1242150.0,
        "Tax Rate For Calcs": 0.21,
        "Normalized EBITDA": -14680000.0,
        "Total Unusual Items": -5915000.0,
        "Total Unusual Items Excluding Goodwill": -5915000.0,
        "Net Income From Continuing Operation Net Minority Interest": -23673000.0,
        "Reconciled Depreciation": 266000.0,
        "Reconciled Cost Of Revenue": 2453000.0,
        "EBITDA": -20595000.0,
        "EBIT": -20861000.0,
        "Net Interest Income": 36000.0,
        "Interest Expense": 2721000.0,
        "Interest Income": 2757000.0,
        "Normalized Income": -19000150.0,
        "Net Income From Continuing And Discontinued Operation": -23673000.0,
        "Total Expenses": 42749000.0,
        "Total Operating Income As Reported": -17545000.0,
        "Diluted Average Shares": 43100237.0,
        "Basic Average Shares": 43100237.0,
        "Diluted EPS": -0.55,
        "Basic EPS": -0.55,
        "Diluted NI Availto Com Stockholders": -23673000.0,
        "Net Income Common Stockholders": -23673000.0,
        "Net Income": -23673000.0,
        "Net Income Including Noncontrolling Interests": -23673000.0,
        "Net Income Continuous Operations": -23673000.0,
        "Tax Provision": 91000.0,
        "Pretax Income": -23582000.0,
        "Other Income Expense": -6073000.0,
        "Other Non Operating Income Expenses": -158000.0,
        "Gain On Sale Of Security": -5915000.0,
        "Net Non Operating Interest Income Expense": 36000.0,
        "Interest Expense Non Operating": 2721000.0,
        "Interest Income Non Operating": 2757000.0,
        "Operating Income": -17545000.0,
        "Operating Expense": 40296000.0,
        "Research And Development": 11355000.0,
        "Selling General And Administration": 28941000.0,
        "Gross Profit": 22751000.0,
        "Cost Of Revenue": 2453000.0,
        "Total Revenue": 25204000.0,
        "Operating Revenue": 25204000.0
    }
}