{
    "2023-04-30": {
        "Tax Effect Of Unusual Items": 0.0,
        "Tax Rate For Calcs": 0.0,
        "Normalized EBITDA": -2647681.0,
        "Total Unusual Items": 532650.0,
        "Total Unusual Items Excluding Goodwill": 532650.0,
        "Net Income From Continuing Operation Net Minority Interest": -1878516.0,
        "Reconciled Depreciation": 21554.0,
        "EBITDA": -2115031.0,
        "EBIT": -2136585.0,
        "Net Interest Income": NaN,
        "Interest Income": NaN,
        "Normalized Income": -2411166.0,
        "Net Income From Continuing And Discontinued Operation": -1878516.0,
        "Total Expenses": 2136585.0,
        "Total Operating Income As Reported": -2136585.0,
        "Diluted Average Shares": NaN,
        "Basic Average Shares": NaN,
        "Diluted EPS": NaN,
        "Basic EPS": NaN,
        "Diluted NI Availto Com Stockholders": -1878516.0,
        "Net Income Common Stockholders": -1878516.0,
        "Net Income": -1878516.0,
        "Net Income Including Noncontrolling Interests": -1878516.0,
        "Net Income Continuous Operations": -1878516.0,
        "Tax Provision": 0.0,
        "Pretax Income": -1878516.0,
        "Other Income Expense": 253163.0,
        "Special Income Charges": 0.0,
        "Gain On Sale Of Ppe": 0.0,
        "Gain On Sale Of Security": 532650.0,
        "Net Non Operating Interest Income Expense": NaN,
        "Interest Income Non Operating": NaN,
        "Operating Income": -2136585.0,
        "Operating Expense": 2136585.0,
        "Other Operating Expenses": 253196.0,
        "Selling General And Administration": 1883389.0,
        "General And Administrative Expense": 1883389.0,
        "Other Gand A": 1469031.0,
        "Salaries And Wages": 414358.0,
        "Total Revenue": 0.0,
        "Operating Revenue": 0.0
    },
    "2023-01-31": {
        "Tax Effect Of Unusual Items": NaN,
        "Tax Rate For Calcs": NaN,
        "Normalized EBITDA": NaN,
        "Total Unusual Items": NaN,
        "Total Unusual Items Excluding Goodwill": NaN,
        "Net Income From Continuing Operation Net Minority Interest": NaN,
        "Reconciled Depreciation": NaN,
        "EBITDA": NaN,
        "EBIT": NaN,
        "Net Interest Income": 0.0,
        "Interest Income": 0.0,
        "Normalized Income": NaN,
        "Net Income From Continuing And Discontinued Operation": NaN,
        "Total Expenses": NaN,
        "Total Operating Income As Reported": NaN,
        "Diluted Average Shares": 8365007.0,
        "Basic Average Shares": 8365007.0,
        "Diluted EPS": -0.23,
        "Basic EPS": -0.23,
        "Diluted NI Availto Com Stockholders": NaN,
        "Net Income Common Stockholders": NaN,
        "Net Income": NaN,
        "Net Income Including Noncontrolling Interests": NaN,
        "Net Income Continuous Operations": NaN,
        "Tax Provision": NaN,
        "Pretax Income": NaN,
        "Other Income Expense": NaN,
        "Special Income Charges": 763393.0,
        "Gain On Sale Of Ppe": 763393.0,
        "Gain On Sale Of Security": NaN,
        "Net Non Operating Interest Income Expense": 0.0,
        "Interest Income Non Operating": 0.0,
        "Operating Income": NaN,
        "Operating Expense": NaN,
        "Other Operating Expenses": NaN,
        "Selling General And Administration": NaN,
        "General And Administrative Expense": NaN,
        "Other Gand A": NaN,
        "Salaries And Wages": NaN,
        "Total Revenue": NaN,
        "Operating Revenue": NaN
    },
    "2022-10-31": {
        "Tax Effect Of Unusual Items": NaN,
        "Tax Rate For Calcs": NaN,
        "Normalized EBITDA": NaN,
        "Total Unusual Items": NaN,
        "Total Unusual Items Excluding Goodwill": NaN,
        "Net Income From Continuing Operation Net Minority Interest": NaN,
        "Reconciled Depreciation": NaN,
        "EBITDA": NaN,
        "EBIT": NaN,
        "Net Interest Income": 0.0,
        "Interest Income": 0.0,
        "Normalized Income": NaN,
        "Net Income From Continuing And Discontinued Operation": NaN,
        "Total Expenses": NaN,
        "Total Operating Income As Reported": NaN,
        "Diluted Average Shares": 8349843.0,
        "Basic Average Shares": 8349843.0,
        "Diluted EPS": -0.23,
        "Basic EPS": -0.23,
        "Diluted NI Availto Com Stockholders": NaN,
        "Net Income Common Stockholders": NaN,
        "Net Income": NaN,
        "Net Income Including Noncontrolling Interests": NaN,
        "Net Income Continuous Operations": NaN,
        "Tax Provision": NaN,
        "Pretax Income": NaN,
        "Other Income Expense": NaN,
        "Special Income Charges": NaN,
        "Gain On Sale Of Ppe": NaN,
        "Gain On Sale Of Security": NaN,
        "Net Non Operating Interest Income Expense": 0.0,
        "Interest Income Non Operating": 0.0,
        "Operating Income": NaN,
        "Operating Expense": NaN,
        "Other Operating Expenses": NaN,
        "Selling General And Administration": NaN,
        "General And Administrative Expense": NaN,
        "Other Gand A": NaN,
        "Salaries And Wages": NaN,
        "Total Revenue": NaN,
        "Operating Revenue": NaN
    },
    "2022-07-31": {
        "Tax Effect Of Unusual Items": 0.0,
        "Tax Rate For Calcs": 0.0,
        "Normalized EBITDA": -3801055.0,
        "Total Unusual Items": 940000.0,
        "Total Unusual Items Excluding Goodwill": 940000.0,
        "Net Income From Continuing Operation Net Minority Interest": -1945358.0,
        "Reconciled Depreciation": 24303.0,
        "EBITDA": -2861055.0,
        "EBIT": -2885358.0,
        "Net Interest Income": NaN,
        "Interest Income": NaN,
        "Normalized Income": -2885358.0,
        "Net Income From Continuing And Discontinued Operation": -1945358.0,
        "Total Expenses": 2885358.0,
        "Total Operating Income As Reported": -2885358.0,
        "Diluted Average Shares": 8349843.0,
        "Basic Average Shares": 8349843.0,
        "Diluted EPS": -0.23,
        "Basic EPS": -0.23,
        "Diluted NI Availto Com Stockholders": -1945358.0,
        "Net Income Common Stockholders": -1945358.0,
        "Net Income": -1945358.0,
        "Net Income Including Noncontrolling Interests": -1945358.0,
        "Net Income Continuous Operations": -1945358.0,
        "Tax Provision": 0.0,
        "Pretax Income": -1945358.0,
        "Other Income Expense": 940000.0,
        "Special Income Charges": NaN,
        "Gain On Sale Of Ppe": NaN,
        "Gain On Sale Of Security": 940000.0,
        "Net Non Operating Interest Income Expense": NaN,
        "Interest Income Non Operating": NaN,
        "Operating Income": -2885358.0,
        "Operating Expense": 2885358.0,
        "Other Operating Expenses": 762861.0,
        "Selling General And Administration": 2122497.0,
        "General And Administrative Expense": 2122497.0,
        "Other Gand A": 1719692.0,
        "Salaries And Wages": 402805.0,
        "Total Revenue": 0.0,
        "Operating Revenue": 0.0
    },
    "2022-04-30": {
        "Diluted EPS": -0.2,
        "Total Revenue": NaN,
        "Gross Profit": NaN,
        "Operating Income": -3,
        "EBIT": -2,
        "Net Income": -2
    },
    "2022-01-31": {
        "Diluted EPS": -0.61,
        "Total Revenue": NaN,
        "Gross Profit": NaN,
        "Operating Income": -4,
        "EBIT": -4,
        "Net Income": -4
    },
    "2021-10-31": {
        "Diluted EPS": -0.61,
        "Total Revenue": NaN,
        "Gross Profit": NaN,
        "Operating Income": -4,
        "EBIT": -4,
        "Net Income": -4
    },
    "2021-07-31": {
        "Diluted EPS": -0.5,
        "Total Revenue": NaN,
        "Gross Profit": NaN,
        "Operating Income": -4,
        "EBIT": -3,
        "Net Income": -4
    },
    "2021-04-30": {
        "Diluted EPS": 0.13,
        "Total Revenue": NaN,
        "Gross Profit": NaN,
        "Operating Income": -3,
        "EBIT": -3,
        "Net Income": -3
    },
    "2021-01-31": {
        "Diluted EPS": -0.67,
        "Total Revenue": NaN,
        "Gross Profit": NaN,
        "Operating Income": -4,
        "EBIT": -4,
        "Net Income": -4
    },
    "2020-10-31": {
        "Diluted EPS": -2.93,
        "Total Revenue": NaN,
        "Gross Profit": NaN,
        "Operating Income": -5,
        "EBIT": -5,
        "Net Income": -10
    },
    "2020-07-31": {
        "Diluted EPS": -0.33,
        "Total Revenue": NaN,
        "Gross Profit": NaN,
        "Operating Income": -1,
        "EBIT": -1,
        "Net Income": -1
    },
    "2020-04-30": {
        "Diluted EPS": -0.13,
        "Total Revenue": NaN,
        "Gross Profit": NaN,
        "Operating Income": -1,
        "EBIT": -1,
        "Net Income": -1
    },
    "2020-01-31": {
        "Diluted EPS": -0.4,
        "Total Revenue": NaN,
        "Gross Profit": NaN,
        "Operating Income": -1,
        "EBIT": -1,
        "Net Income": -1
    },
    "2019-10-31": {
        "Diluted EPS": -0.99,
        "Total Revenue": NaN,
        "Gross Profit": NaN,
        "Operating Income": -2,
        "EBIT": -2,
        "Net Income": -2
    },
    "2019-07-31": {
        "Diluted EPS": -1.65,
        "Total Revenue": NaN,
        "Gross Profit": NaN,
        "Operating Income": -1,
        "EBIT": -1,
        "Net Income": -3
    },
    "2019-04-30": {
        "Diluted EPS": -0.76,
        "Total Revenue": NaN,
        "Gross Profit": NaN,
        "Operating Income": -1,
        "EBIT": -2,
        "Net Income": -1
    },
    "2019-01-31": {
        "Diluted EPS": -1.1,
        "Total Revenue": NaN,
        "Gross Profit": NaN,
        "Operating Income": -2,
        "EBIT": -1,
        "Net Income": -2
    },
    "2018-10-31": {
        "Diluted EPS": -1.7,
        "Total Revenue": NaN,
        "Gross Profit": NaN,
        "Operating Income": -3,
        "EBIT": -3,
        "Net Income": -3
    },
    "2018-07-31": {
        "Diluted EPS": -0.8,
        "Total Revenue": NaN,
        "Gross Profit": NaN,
        "Operating Income": -1,
        "EBIT": -1,
        "Net Income": -1
    },
    "2018-04-30": {
        "Diluted EPS": 0.9,
        "Total Revenue": NaN,
        "Gross Profit": NaN,
        "Operating Income": -2,
        "EBIT": -2,
        "Net Income": -3
    },
    "2018-01-31": {
        "Diluted EPS": -1.2,
        "Total Revenue": NaN,
        "Gross Profit": NaN,
        "Operating Income": -2,
        "EBIT": -2,
        "Net Income": -2
    },
    "2017-10-31": {
        "Diluted EPS": -1.1,
        "Total Revenue": NaN,
        "Gross Profit": NaN,
        "Operating Income": -2,
        "EBIT": -2,
        "Net Income": -1
    },
    "2017-07-31": {
        "Diluted EPS": -10.0,
        "Total Revenue": NaN,
        "Gross Profit": NaN,
        "Operating Income": -3,
        "EBIT": -3,
        "Net Income": -9
    },
    "2017-04-30": {
        "Diluted EPS": 13.7,
        "Total Revenue": NaN,
        "Gross Profit": NaN,
        "Operating Income": 0,
        "EBIT": 0,
        "Net Income": 0
    },
    "2017-01-31": {
        "Diluted EPS": -1.6,
        "Total Revenue": NaN,
        "Gross Profit": NaN,
        "Operating Income": -2,
        "EBIT": -2,
        "Net Income": -2
    },
    "2016-10-31": {
        "Diluted EPS": -0.7,
        "Total Revenue": NaN,
        "Gross Profit": NaN,
        "Operating Income": -1,
        "EBIT": -1,
        "Net Income": -1
    },
    "2016-07-31": {
        "Diluted EPS": -15.6,
        "Total Revenue": NaN,
        "Gross Profit": NaN,
        "Operating Income": -1,
        "EBIT": -1,
        "Net Income": -1
    },
    "2016-04-30": {
        "Diluted EPS": -21.2,
        "Total Revenue": 5,
        "Gross Profit": 1,
        "Operating Income": -1,
        "EBIT": -1,
        "Net Income": -1
    },
    "2016-01-31": {
        "Diluted EPS": -12.8,
        "Total Revenue": 7,
        "Gross Profit": 1,
        "Operating Income": 0,
        "EBIT": 0,
        "Net Income": 0
    },
    "2015-10-31": {
        "Diluted EPS": -1.2,
        "Total Revenue": 6,
        "Gross Profit": 1,
        "Operating Income": 0,
        "EBIT": 0,
        "Net Income": 0
    },
    "2015-07-31": {
        "Diluted EPS": -7.6,
        "Total Revenue": 7,
        "Gross Profit": 1,
        "Operating Income": 0,
        "EBIT": 0,
        "Net Income": 0
    },
    "2015-04-30": {
        "Diluted EPS": -41.98,
        "Total Revenue": 6,
        "Gross Profit": 1,
        "Operating Income": -1,
        "EBIT": -1,
        "Net Income": -1
    },
    "2015-01-31": {
        "Diluted EPS": -108.01,
        "Total Revenue": 8,
        "Gross Profit": 1,
        "Operating Income": -1,
        "EBIT": -1,
        "Net Income": -2
    },
    "2014-10-31": {
        "Diluted EPS": -75.61,
        "Total Revenue": 7,
        "Gross Profit": 1,
        "Operating Income": -1,
        "EBIT": 0,
        "Net Income": -2
    },
    "2014-07-31": {
        "Diluted EPS": -38.4,
        "Total Revenue": 8,
        "Gross Profit": 1,
        "Operating Income": -1,
        "EBIT": 0,
        "Net Income": -1
    },
    "2014-04-30": {
        "Diluted EPS": -26.4,
        "Total Revenue": 8,
        "Gross Profit": 1,
        "Operating Income": 0,
        "EBIT": 0,
        "Net Income": -1
    },
    "2014-01-31": {
        "Diluted EPS": -48.01,
        "Total Revenue": 8,
        "Gross Profit": 1,
        "Operating Income": -1,
        "EBIT": -1,
        "Net Income": -1
    },
    "2013-10-31": {
        "Diluted EPS": -21.6,
        "Total Revenue": 7,
        "Gross Profit": 2,
        "Operating Income": 0,
        "EBIT": 0,
        "Net Income": 0
    },
    "2013-07-31": {
        "Diluted EPS": -60.01,
        "Total Revenue": 7,
        "Gross Profit": 2,
        "Operating Income": -1,
        "EBIT": -1,
        "Net Income": -1
    },
    "2013-04-30": {
        "Diluted EPS": -109.21,
        "Total Revenue": 6,
        "Gross Profit": 1,
        "Operating Income": -2,
        "EBIT": -1,
        "Net Income": -2
    },
    "2013-01-31": {
        "Diluted EPS": -52.81,
        "Total Revenue": 6,
        "Gross Profit": 2,
        "Operating Income": -1,
        "EBIT": -1,
        "Net Income": -1
    },
    "2012-10-31": {
        "Diluted EPS": -84.01,
        "Total Revenue": 7,
        "Gross Profit": 1,
        "Operating Income": -1,
        "EBIT": -1,
        "Net Income": -1
    },
    "2012-07-31": {
        "Diluted EPS": -66.01,
        "Total Revenue": 8,
        "Gross Profit": 2,
        "Operating Income": -1,
        "EBIT": -1,
        "Net Income": -1
    },
    "2012-04-30": {
        "Diluted EPS": 196.79,
        "Total Revenue": 7,
        "Gross Profit": 1,
        "Operating Income": -1,
        "EBIT": -1,
        "Net Income": 3
    },
    "2012-01-31": {
        "Diluted EPS": -280.83,
        "Total Revenue": 8,
        "Gross Profit": 2,
        "Operating Income": -4,
        "EBIT": -4,
        "Net Income": -4
    },
    "2011-10-31": {
        "Diluted EPS": -79.19,
        "Total Revenue": 10,
        "Gross Profit": 3,
        "Operating Income": -1,
        "EBIT": -1,
        "Net Income": -1
    },
    "2011-07-31": {
        "Diluted EPS": -57.59,
        "Total Revenue": 10,
        "Gross Profit": 3,
        "Operating Income": -1,
        "EBIT": -1,
        "Net Income": -1
    },
    "2011-04-30": {
        "Diluted EPS": -70.87,
        "Total Revenue": 11,
        "Gross Profit": 3,
        "Operating Income": -1,
        "EBIT": -1,
        "Net Income": -1
    },
    "2011-01-31": {
        "Diluted EPS": -64.79,
        "Total Revenue": 12,
        "Gross Profit": 3,
        "Operating Income": -1,
        "EBIT": 0,
        "Net Income": -1
    },
    "2010-10-31": {
        "Diluted EPS": -136.79,
        "Total Revenue": 11,
        "Gross Profit": 2,
        "Operating Income": -2,
        "EBIT": -1,
        "Net Income": -2
    },
    "2010-07-31": {
        "Diluted EPS": -100.79,
        "Total Revenue": 13,
        "Gross Profit": 3,
        "Operating Income": -1,
        "EBIT": -1,
        "Net Income": -1
    },
    "2010-04-30": {
        "Diluted EPS": -136.79,
        "Total Revenue": 12,
        "Gross Profit": 3,
        "Operating Income": -1,
        "EBIT": -1,
        "Net Income": -2
    },
    "2010-01-31": {
        "Diluted EPS": -525.55,
        "Total Revenue": 12,
        "Gross Profit": 3,
        "Operating Income": -1,
        "EBIT": -1,
        "Net Income": -7
    },
    "2009-10-31": {
        "Diluted EPS": -129.59,
        "Total Revenue": 11,
        "Gross Profit": 3,
        "Operating Income": -3,
        "EBIT": -2,
        "Net Income": -2
    },
    "2009-07-31": {
        "Diluted EPS": -79.19,
        "Total Revenue": 9,
        "Gross Profit": 3,
        "Operating Income": -2,
        "EBIT": -1,
        "Net Income": -1
    },
    "2009-04-30": {
        "Diluted EPS": -86.39,
        "Total Revenue": 6,
        "Gross Profit": 2,
        "Operating Income": -2,
        "EBIT": -2,
        "Net Income": -1
    },
    "2009-01-31": {
        "Diluted EPS": -86.39,
        "Total Revenue": 6,
        "Gross Profit": 2,
        "Operating Income": -2,
        "EBIT": -2,
        "Net Income": -1
    },
    "2023-07-31": {
        "Tax Effect Of Unusual Items": 0.0,
        "Tax Rate For Calcs": 0.0,
        "Normalized EBITDA": -2917009.0,
        "Total Unusual Items": 14950.0,
        "Total Unusual Items Excluding Goodwill": 14950.0,
        "Net Income From Continuing Operation Net Minority Interest": -2894683.0,
        "Reconciled Depreciation": 21981.0,
        "EBITDA": -2902059.0,
        "EBIT": -2924040.0,
        "Net Interest Income": 14407.0,
        "Interest Income": 14407.0,
        "Normalized Income": -2909633.0,
        "Net Income From Continuing And Discontinued Operation": -2894683.0,
        "Total Expenses": 2924040.0,
        "Total Operating Income As Reported": -2930115.0,
        "Diluted Average Shares": 9295837.0,
        "Basic Average Shares": 9295837.0,
        "Diluted EPS": -0.31,
        "Basic EPS": -0.31,
        "Diluted NI Availto Com Stockholders": -2894683.0,
        "Net Income Common Stockholders": -2894683.0,
        "Net Income": -2894683.0,
        "Net Income Including Noncontrolling Interests": -2894683.0,
        "Net Income Continuous Operations": -2894683.0,
        "Tax Provision": 0.0,
        "Pretax Income": -2894683.0,
        "Other Income Expense": 14950.0,
        "Special Income Charges": NaN,
        "Gain On Sale Of Ppe": NaN,
        "Gain On Sale Of Security": 14950.0,
        "Net Non Operating Interest Income Expense": 14407.0,
        "Interest Income Non Operating": 14407.0,
        "Operating Income": -2924040.0,
        "Operating Expense": 2924040.0,
        "Other Operating Expenses": 835466.0,
        "Selling General And Administration": 2088574.0,
        "General And Administrative Expense": 2088574.0,
        "Other Gand A": 1675735.0,
        "Salaries And Wages": 412839.0,
        "Total Revenue": 0.0,
        "Operating Revenue": 0.0
    },
    "2023-10-31": {
        "Tax Effect Of Unusual Items": 0.0,
        "Tax Rate For Calcs": 0.0,
        "Normalized EBITDA": -3237804.0,
        "Total Unusual Items": 1495000.0,
        "Total Unusual Items Excluding Goodwill": 1495000.0,
        "Net Income From Continuing Operation Net Minority Interest": -258430.0,
        "Reconciled Depreciation": 22268.0,
        "EBITDA": -1742804.0,
        "EBIT": -1765072.0,
        "Net Interest Income": 11642.0,
        "Interest Income": 11642.0,
        "Normalized Income": -1753430.0,
        "Net Income From Continuing And Discontinued Operation": -258430.0,
        "Total Expenses": 1765072.0,
        "Total Operating Income As Reported": -1765072.0,
        "Diluted Average Shares": 9298772.0,
        "Basic Average Shares": 9298772.0,
        "Diluted EPS": -0.03,
        "Basic EPS": -0.03,
        "Diluted NI Availto Com Stockholders": -258430.0,
        "Net Income Common Stockholders": -258430.0,
        "Net Income": -258430.0,
        "Net Income Including Noncontrolling Interests": -258430.0,
        "Net Income Continuous Operations": -258430.0,
        "Tax Provision": 0.0,
        "Pretax Income": -258430.0,
        "Other Income Expense": 1495000.0,
        "Special Income Charges": NaN,
        "Gain On Sale Of Ppe": NaN,
        "Gain On Sale Of Security": 1495000.0,
        "Net Non Operating Interest Income Expense": 11642.0,
        "Interest Income Non Operating": 11642.0,
        "Operating Income": -1765072.0,
        "Operating Expense": 1765072.0,
        "Other Operating Expenses": 305238.0,
        "Selling General And Administration": 1459834.0,
        "General And Administrative Expense": 1459834.0,
        "Other Gand A": 1055355.0,
        "Salaries And Wages": 404479.0,
        "Total Revenue": 0.0,
        "Operating Revenue": 0.0
    },
    "2024-01-31": {
        "Tax Effect Of Unusual Items": 0.0,
        "Tax Rate For Calcs": 0.0,
        "Normalized EBITDA": -834920.0,
        "Total Unusual Items": -418600.0,
        "Total Unusual Items Excluding Goodwill": -418600.0,
        "Net Income From Continuing Operation Net Minority Interest": -1685654.0,
        "Reconciled Depreciation": 21889.0,
        "EBITDA": -1253520.0,
        "EBIT": -1275409.0,
        "Net Interest Income": 8355.0,
        "Interest Income": 8355.0,
        "Normalized Income": -1267054.0,
        "Net Income From Continuing And Discontinued Operation": -1685654.0,
        "Total Expenses": 1275409.0,
        "Total Operating Income As Reported": -1275409.0,
        "Diluted Average Shares": 9332277.0,
        "Basic Average Shares": 9332277.0,
        "Diluted EPS": -0.18,
        "Basic EPS": -0.18,
        "Diluted NI Availto Com Stockholders": -1685654.0,
        "Net Income Common Stockholders": -1685654.0,
        "Net Income": -1685654.0,
        "Net Income Including Noncontrolling Interests": -1685654.0,
        "Net Income Continuous Operations": -1685654.0,
        "Tax Provision": 0.0,
        "Pretax Income": -1685654.0,
        "Other Income Expense": -418600.0,
        "Special Income Charges": 0.0,
        "Gain On Sale Of Ppe": 0.0,
        "Gain On Sale Of Security": -418600.0,
        "Net Non Operating Interest Income Expense": 8355.0,
        "Interest Income Non Operating": 8355.0,
        "Operating Income": -1275409.0,
        "Operating Expense": 1275409.0,
        "Other Operating Expenses": 190895.0,
        "Selling General And Administration": 1084514.0,
        "General And Administrative Expense": 1084514.0,
        "Other Gand A": 787633.0,
        "Salaries And Wages": 296881.0,
        "Total Revenue": 0.0,
        "Operating Revenue": 0.0
    },
    "2024-04-30": {
        "Tax Effect Of Unusual Items": 0.0,
        "Tax Rate For Calcs": 0.0,
        "Normalized EBITDA": -487304.0,
        "Total Unusual Items": -777400.0,
        "Total Unusual Items Excluding Goodwill": -777400.0,
        "Net Income From Continuing Operation Net Minority Interest": -2058716.0,
        "Reconciled Depreciation": 22037.0,
        "EBITDA": -1264704.0,
        "EBIT": -1286741.0,
        "Net Interest Income": 5425.0,
        "Interest Income": 5425.0,
        "Normalized Income": -1281316.0,
        "Net Income From Continuing And Discontinued Operation": -2058716.0,
        "Total Expenses": 1286741.0,
        "Total Operating Income As Reported": -1286741.0,
        "Diluted Average Shares": NaN,
        "Basic Average Shares": NaN,
        "Diluted EPS": NaN,
        "Basic EPS": NaN,
        "Diluted NI Availto Com Stockholders": -2058716.0,
        "Net Income Common Stockholders": -2058716.0,
        "Net Income": -2058716.0,
        "Net Income Including Noncontrolling Interests": -2058716.0,
        "Net Income Continuous Operations": -2058716.0,
        "Tax Provision": 0.0,
        "Pretax Income": -2058716.0,
        "Other Income Expense": -777400.0,
        "Special Income Charges": 0.0,
        "Gain On Sale Of Ppe": 0.0,
        "Gain On Sale Of Security": -777400.0,
        "Net Non Operating Interest Income Expense": 5425.0,
        "Interest Income Non Operating": 5425.0,
        "Operating Income": -1286741.0,
        "Operating Expense": 1286741.0,
        "Other Operating Expenses": 131156.0,
        "Selling General And Administration": 1155585.0,
        "General And Administrative Expense": 1155585.0,
        "Other Gand A": 913342.0,
        "Salaries And Wages": 242243.0,
        "Total Revenue": 0.0,
        "Operating Revenue": 0.0
    }
}