{
    "2023-06-30": {
        "Tax Effect Of Unusual Items": -67580000.0,
        "Tax Rate For Calcs": 0.218,
        "Total Unusual Items": -310000000.0,
        "Total Unusual Items Excluding Goodwill": -310000000.0,
        "Net Income From Continuing Operation Net Minority Interest": 1361000000.0,
        "Reconciled Depreciation": 159000000.0,
        "Net Interest Income": 4415000000.0,
        "Interest Expense": 3111000000.0,
        "Interest Income": 7526000000.0,
        "Normalized Income": 1603420000.0,
        "Net Income From Continuing And Discontinued Operation": 1361000000.0,
        "Diluted Average Shares": 1533000000.0,
        "Basic Average Shares": 1533000000.0,
        "Diluted EPS": 0.84,
        "Basic EPS": 0.84,
        "Diluted NI Availto Com Stockholders": 1281000000.0,
        "Net Income Common Stockholders": 1281000000.0,
        "Otherunder Preferred Stock Dividend": 80000000.0,
        "Preferred Stock Dividends": NaN,
        "Net Income": 1361000000.0,
        "Minority Interests": -8000000.0,
        "Net Income Including Noncontrolling Interests": 1369000000.0,
        "Net Income Continuous Operations": 1369000000.0,
        "Tax Provision": 382000000.0,
        "Pretax Income": 1751000000.0,
        "Special Income Charges": -310000000.0,
        "Restructuring And Mergern Acquisition": 310000000.0,
        "Gain On Sale Of Security": 3000000.0,
        "Depreciation Amortization Depletion Income Statement": 159000000.0,
        "Depreciation And Amortization In Income Statement": 159000000.0,
        "Amortization": 159000000.0,
        "Amortization Of Intangibles Income Statement": 159000000.0,
        "Selling General And Administration": 2768000000.0,
        "Selling And Marketing Expense": 122000000.0,
        "General And Administrative Expense": 2646000000.0,
        "Salaries And Wages": 2646000000.0,
        "Total Revenue": 7141000000.0,
        "Operating Revenue": 7141000000.0
    },
    "2023-03-31": {
        "Tax Effect Of Unusual Items": -52216000.0,
        "Tax Rate For Calcs": 0.214,
        "Total Unusual Items": -244000000.0,
        "Total Unusual Items Excluding Goodwill": -244000000.0,
        "Net Income From Continuing Operation Net Minority Interest": 1698000000.0,
        "Reconciled Depreciation": 160000000.0,
        "Net Interest Income": 4634000000.0,
        "Interest Expense": 2330000000.0,
        "Interest Income": 6964000000.0,
        "Normalized Income": 1889784000.0,
        "Net Income From Continuing And Discontinued Operation": 1698000000.0,
        "Diluted Average Shares": 1532000000.0,
        "Basic Average Shares": 1532000000.0,
        "Diluted EPS": 1.04,
        "Basic EPS": 1.04,
        "Diluted NI Availto Com Stockholders": 1592000000.0,
        "Net Income Common Stockholders": 1592000000.0,
        "Otherunder Preferred Stock Dividend": 106000000.0,
        "Preferred Stock Dividends": NaN,
        "Net Income": 1698000000.0,
        "Minority Interests": -6000000.0,
        "Net Income Including Noncontrolling Interests": 1704000000.0,
        "Net Income Continuous Operations": 1704000000.0,
        "Tax Provision": 455000000.0,
        "Pretax Income": 2159000000.0,
        "Special Income Charges": -244000000.0,
        "Restructuring And Mergern Acquisition": 244000000.0,
        "Gain On Sale Of Security": -32000000.0,
        "Depreciation Amortization Depletion Income Statement": 160000000.0,
        "Depreciation And Amortization In Income Statement": 160000000.0,
        "Amortization": 160000000.0,
        "Amortization Of Intangibles Income Statement": 160000000.0,
        "Selling General And Administration": 2768000000.0,
        "Selling And Marketing Expense": 122000000.0,
        "General And Administrative Expense": 2646000000.0,
        "Salaries And Wages": 2646000000.0,
        "Total Revenue": 7141000000.0,
        "Operating Revenue": 7141000000.0
    },
    "2022-12-31": {
        "Tax Effect Of Unusual Items": -13950000.0,
        "Tax Rate For Calcs": 0.155,
        "Total Unusual Items": -90000000.0,
        "Total Unusual Items Excluding Goodwill": -90000000.0,
        "Net Income From Continuing Operation Net Minority Interest": 925000000.0,
        "Reconciled Depreciation": 85000000.0,
        "Net Interest Income": 4293000000.0,
        "Interest Expense": 1681000000.0,
        "Interest Income": 5974000000.0,
        "Normalized Income": 1001050000.0,
        "Net Income From Continuing And Discontinued Operation": 925000000.0,
        "Diluted Average Shares": 1501000000.0,
        "Basic Average Shares": 1501000000.0,
        "Diluted EPS": 0.57,
        "Basic EPS": 0.57,
        "Diluted NI Availto Com Stockholders": 853000000.0,
        "Net Income Common Stockholders": 853000000.0,
        "Otherunder Preferred Stock Dividend": 72000000.0,
        "Preferred Stock Dividends": 68000000.0,
        "Net Income": 925000000.0,
        "Minority Interests": -5000000.0,
        "Net Income Including Noncontrolling Interests": 930000000.0,
        "Net Income Continuous Operations": 930000000.0,
        "Tax Provision": 171000000.0,
        "Pretax Income": 1101000000.0,
        "Special Income Charges": -90000000.0,
        "Restructuring And Mergern Acquisition": 90000000.0,
        "Gain On Sale Of Security": -18000000.0,
        "Depreciation Amortization Depletion Income Statement": 85000000.0,
        "Depreciation And Amortization In Income Statement": 85000000.0,
        "Amortization": 85000000.0,
        "Amortization Of Intangibles Income Statement": 85000000.0,
        "Selling General And Administration": 2546000000.0,
        "Selling And Marketing Expense": 144000000.0,
        "General And Administrative Expense": 2402000000.0,
        "Salaries And Wages": 2402000000.0,
        "Total Revenue": 6336000000.0,
        "Operating Revenue": 6336000000.0
    },
    "2022-09-30": {
        "Tax Effect Of Unusual Items": -8778000.0,
        "Tax Rate For Calcs": 0.209,
        "Total Unusual Items": -42000000.0,
        "Total Unusual Items Excluding Goodwill": -42000000.0,
        "Net Income From Continuing Operation Net Minority Interest": 1812000000.0,
        "Reconciled Depreciation": 43000000.0,
        "Net Interest Income": 3827000000.0,
        "Interest Expense": 901000000.0,
        "Interest Income": 4728000000.0,
        "Normalized Income": 1845222000.0,
        "Net Income From Continuing And Discontinued Operation": 1812000000.0,
        "Diluted Average Shares": 1486000000.0,
        "Basic Average Shares": 1486000000.0,
        "Diluted EPS": 1.16,
        "Basic EPS": 1.16,
        "Diluted NI Availto Com Stockholders": 1718000000.0,
        "Net Income Common Stockholders": 1718000000.0,
        "Otherunder Preferred Stock Dividend": 94000000.0,
        "Preferred Stock Dividends": 85000000.0,
        "Net Income": 1812000000.0,
        "Minority Interests": -4000000.0,
        "Net Income Including Noncontrolling Interests": 1816000000.0,
        "Net Income Continuous Operations": 1816000000.0,
        "Tax Provision": 481000000.0,
        "Pretax Income": 2297000000.0,
        "Special Income Charges": -42000000.0,
        "Restructuring And Mergern Acquisition": 42000000.0,
        "Gain On Sale Of Security": 1000000.0,
        "Depreciation Amortization Depletion Income Statement": 43000000.0,
        "Depreciation And Amortization In Income Statement": 43000000.0,
        "Amortization": 43000000.0,
        "Amortization Of Intangibles Income Statement": 43000000.0,
        "Selling General And Administration": 2386000000.0,
        "Selling And Marketing Expense": 126000000.0,
        "General And Administrative Expense": 2260000000.0,
        "Salaries And Wages": 2260000000.0,
        "Total Revenue": 6296000000.0,
        "Operating Revenue": 6296000000.0
    },
    "2022-06-30": {
        "Tax Effect Of Unusual Items": -41961000.0,
        "Tax Rate For Calcs": 0.213,
        "Total Unusual Items": -197000000.0,
        "Total Unusual Items Excluding Goodwill": -197000000.0,
        "Net Income From Continuing Operation Net Minority Interest": 1531000000.0,
        "Reconciled Depreciation": 40000000.0,
        "Net Interest Income": 3435000000.0,
        "Interest Expense": 390000000.0,
        "Interest Income": 3825000000.0,
        "Normalized Income": 1686039000.0,
        "Net Income From Continuing And Discontinued Operation": 1531000000.0,
        "Diluted Average Shares": 1487000000.0,
        "Basic Average Shares": 1486000000.0,
        "Diluted EPS": 0.99,
        "Basic EPS": 0.99,
        "Diluted NI Availto Com Stockholders": 1464000000.0,
        "Net Income Common Stockholders": 1464000000.0,
        "Otherunder Preferred Stock Dividend": 67000000.0,
        "Preferred Stock Dividends": 59000000.0,
        "Net Income": 1531000000.0,
        "Minority Interests": -3000000.0,
        "Net Income Including Noncontrolling Interests": 1534000000.0,
        "Net Income Continuous Operations": 1534000000.0,
        "Tax Provision": 414000000.0,
        "Pretax Income": 1948000000.0,
        "Special Income Charges": -197000000.0,
        "Restructuring And Mergern Acquisition": 197000000.0,
        "Gain On Sale Of Security": 19000000.0,
        "Depreciation Amortization Depletion Income Statement": 40000000.0,
        "Depreciation And Amortization In Income Statement": 40000000.0,
        "Amortization": 40000000.0,
        "Amortization Of Intangibles Income Statement": 40000000.0,
        "Selling General And Administration": 2352000000.0,
        "Selling And Marketing Expense": 106000000.0,
        "General And Administrative Expense": 2246000000.0,
        "Salaries And Wages": 2246000000.0,
        "Total Revenue": 5983000000.0,
        "Operating Revenue": 5983000000.0
    },
    "2022-03-31": {
        "Diluted EPS": 0.99,
        "Total Revenue": NaN,
        "Gross Profit": NaN,
        "Operating Income": NaN,
        "EBIT": NaN,
        "Net Income": NaN
    },
    "2021-12-31": {
        "Diluted EPS": 1.07,
        "Total Revenue": NaN,
        "Gross Profit": NaN,
        "Operating Income": NaN,
        "EBIT": NaN,
        "Net Income": NaN
    },
    "2021-09-30": {
        "Diluted EPS": 1.3,
        "Total Revenue": NaN,
        "Gross Profit": NaN,
        "Operating Income": NaN,
        "EBIT": NaN,
        "Net Income": NaN
    },
    "2021-06-30": {
        "Diluted EPS": 1.28,
        "Total Revenue": NaN,
        "Gross Profit": NaN,
        "Operating Income": NaN,
        "EBIT": NaN,
        "Net Income": NaN
    },
    "2021-03-31": {
        "Diluted EPS": 1.45,
        "Total Revenue": NaN,
        "Gross Profit": NaN,
        "Operating Income": NaN,
        "EBIT": NaN,
        "Net Income": NaN
    },
    "2020-12-31": {
        "Diluted EPS": 0.94,
        "Total Revenue": NaN,
        "Gross Profit": NaN,
        "Operating Income": NaN,
        "EBIT": NaN,
        "Net Income": NaN
    },
    "2020-09-30": {
        "Diluted EPS": 0.99,
        "Total Revenue": NaN,
        "Gross Profit": NaN,
        "Operating Income": NaN,
        "EBIT": NaN,
        "Net Income": NaN
    },
    "2020-06-30": {
        "Diluted EPS": 0.41,
        "Total Revenue": NaN,
        "Gross Profit": NaN,
        "Operating Income": 759,
        "EBIT": NaN,
        "Net Income": 614
    },
    "2020-03-31": {
        "Diluted EPS": 0.72,
        "Total Revenue": NaN,
        "Gross Profit": NaN,
        "Operating Income": NaN,
        "EBIT": NaN,
        "Net Income": NaN
    },
    "2019-12-31": {
        "Diluted EPS": 0.92,
        "Total Revenue": NaN,
        "Gross Profit": NaN,
        "Operating Income": NaN,
        "EBIT": NaN,
        "Net Income": NaN
    },
    "2019-09-30": {
        "Diluted EPS": 1.15,
        "Total Revenue": NaN,
        "Gross Profit": NaN,
        "Operating Income": NaN,
        "EBIT": NaN,
        "Net Income": NaN
    },
    "2019-06-30": {
        "Diluted EPS": 1.09,
        "Total Revenue": NaN,
        "Gross Profit": NaN,
        "Operating Income": NaN,
        "EBIT": NaN,
        "Net Income": NaN
    },
    "2019-03-31": {
        "Diluted EPS": 1.0,
        "Total Revenue": NaN,
        "Gross Profit": NaN,
        "Operating Income": NaN,
        "EBIT": NaN,
        "Net Income": NaN
    },
    "2018-12-31": {
        "Diluted EPS": 1.1,
        "Total Revenue": NaN,
        "Gross Profit": NaN,
        "Operating Income": NaN,
        "EBIT": NaN,
        "Net Income": NaN
    },
    "2018-09-30": {
        "Diluted EPS": 1.06,
        "Total Revenue": NaN,
        "Gross Profit": NaN,
        "Operating Income": NaN,
        "EBIT": NaN,
        "Net Income": NaN
    },
    "2018-06-30": {
        "Diluted EPS": 1.02,
        "Total Revenue": NaN,
        "Gross Profit": NaN,
        "Operating Income": NaN,
        "EBIT": NaN,
        "Net Income": NaN
    },
    "2018-03-31": {
        "Diluted EPS": 0.96,
        "Total Revenue": NaN,
        "Gross Profit": NaN,
        "Operating Income": NaN,
        "EBIT": NaN,
        "Net Income": NaN
    },
    "2017-12-31": {
        "Diluted EPS": 0.96,
        "Total Revenue": NaN,
        "Gross Profit": NaN,
        "Operating Income": NaN,
        "EBIT": NaN,
        "Net Income": NaN
    },
    "2017-09-30": {
        "Diluted EPS": 0.88,
        "Total Revenue": NaN,
        "Gross Profit": NaN,
        "Operating Income": NaN,
        "EBIT": NaN,
        "Net Income": NaN
    },
    "2017-06-30": {
        "Diluted EPS": 0.85,
        "Total Revenue": NaN,
        "Gross Profit": NaN,
        "Operating Income": NaN,
        "EBIT": NaN,
        "Net Income": NaN
    },
    "2017-03-31": {
        "Diluted EPS": 0.82,
        "Total Revenue": NaN,
        "Gross Profit": NaN,
        "Operating Income": NaN,
        "EBIT": NaN,
        "Net Income": NaN
    },
    "2016-12-31": {
        "Diluted EPS": 0.81,
        "Total Revenue": NaN,
        "Gross Profit": NaN,
        "Operating Income": NaN,
        "EBIT": NaN,
        "Net Income": NaN
    },
    "2016-09-30": {
        "Diluted EPS": 0.84,
        "Total Revenue": NaN,
        "Gross Profit": NaN,
        "Operating Income": NaN,
        "EBIT": NaN,
        "Net Income": NaN
    },
    "2016-06-30": {
        "Diluted EPS": 0.83,
        "Total Revenue": NaN,
        "Gross Profit": NaN,
        "Operating Income": NaN,
        "EBIT": NaN,
        "Net Income": NaN
    },
    "2016-03-31": {
        "Diluted EPS": 0.76,
        "Total Revenue": NaN,
        "Gross Profit": NaN,
        "Operating Income": NaN,
        "EBIT": NaN,
        "Net Income": NaN
    },
    "2015-12-31": {
        "Diluted EPS": 0.79,
        "Total Revenue": NaN,
        "Gross Profit": NaN,
        "Operating Income": NaN,
        "EBIT": NaN,
        "Net Income": NaN
    },
    "2015-09-30": {
        "Diluted EPS": 0.81,
        "Total Revenue": NaN,
        "Gross Profit": NaN,
        "Operating Income": NaN,
        "EBIT": NaN,
        "Net Income": NaN
    },
    "2015-06-30": {
        "Diluted EPS": 0.8,
        "Total Revenue": NaN,
        "Gross Profit": NaN,
        "Operating Income": NaN,
        "EBIT": NaN,
        "Net Income": NaN
    },
    "2015-03-31": {
        "Diluted EPS": 0.76,
        "Total Revenue": NaN,
        "Gross Profit": NaN,
        "Operating Income": NaN,
        "EBIT": NaN,
        "Net Income": NaN
    },
    "2014-12-31": {
        "Diluted EPS": 0.79,
        "Total Revenue": NaN,
        "Gross Profit": NaN,
        "Operating Income": NaN,
        "EBIT": NaN,
        "Net Income": NaN
    },
    "2014-09-30": {
        "Diluted EPS": 0.78,
        "Total Revenue": NaN,
        "Gross Profit": NaN,
        "Operating Income": NaN,
        "EBIT": NaN,
        "Net Income": NaN
    },
    "2014-06-30": {
        "Diluted EPS": 0.78,
        "Total Revenue": NaN,
        "Gross Profit": NaN,
        "Operating Income": NaN,
        "EBIT": NaN,
        "Net Income": NaN
    },
    "2014-03-31": {
        "Diluted EPS": 0.73,
        "Total Revenue": NaN,
        "Gross Profit": NaN,
        "Operating Income": NaN,
        "EBIT": NaN,
        "Net Income": NaN
    },
    "2013-12-31": {
        "Diluted EPS": 0.75,
        "Total Revenue": NaN,
        "Gross Profit": NaN,
        "Operating Income": NaN,
        "EBIT": NaN,
        "Net Income": NaN
    },
    "2013-09-30": {
        "Diluted EPS": 0.76,
        "Total Revenue": NaN,
        "Gross Profit": NaN,
        "Operating Income": NaN,
        "EBIT": NaN,
        "Net Income": NaN
    },
    "2013-06-30": {
        "Diluted EPS": 0.76,
        "Total Revenue": NaN,
        "Gross Profit": NaN,
        "Operating Income": NaN,
        "EBIT": NaN,
        "Net Income": NaN
    },
    "2013-03-31": {
        "Diluted EPS": 0.73,
        "Total Revenue": NaN,
        "Gross Profit": NaN,
        "Operating Income": NaN,
        "EBIT": NaN,
        "Net Income": NaN
    },
    "2012-12-31": {
        "Diluted EPS": 0.72,
        "Total Revenue": NaN,
        "Gross Profit": NaN,
        "Operating Income": NaN,
        "EBIT": NaN,
        "Net Income": NaN
    },
    "2012-09-30": {
        "Diluted EPS": 0.74,
        "Total Revenue": NaN,
        "Gross Profit": NaN,
        "Operating Income": NaN,
        "EBIT": NaN,
        "Net Income": NaN
    },
    "2012-06-30": {
        "Diluted EPS": 0.71,
        "Total Revenue": NaN,
        "Gross Profit": NaN,
        "Operating Income": NaN,
        "EBIT": NaN,
        "Net Income": NaN
    },
    "2012-03-31": {
        "Diluted EPS": 0.67,
        "Total Revenue": NaN,
        "Gross Profit": NaN,
        "Operating Income": NaN,
        "EBIT": NaN,
        "Net Income": NaN
    },
    "2011-12-31": {
        "Diluted EPS": 0.7,
        "Total Revenue": NaN,
        "Gross Profit": NaN,
        "Operating Income": NaN,
        "EBIT": NaN,
        "Net Income": NaN
    },
    "2011-09-30": {
        "Diluted EPS": 0.64,
        "Total Revenue": NaN,
        "Gross Profit": NaN,
        "Operating Income": NaN,
        "EBIT": NaN,
        "Net Income": NaN
    },
    "2011-06-30": {
        "Diluted EPS": 0.6,
        "Total Revenue": NaN,
        "Gross Profit": NaN,
        "Operating Income": NaN,
        "EBIT": NaN,
        "Net Income": NaN
    },
    "2011-03-31": {
        "Diluted EPS": 0.52,
        "Total Revenue": NaN,
        "Gross Profit": NaN,
        "Operating Income": NaN,
        "EBIT": NaN,
        "Net Income": NaN
    },
    "2010-12-31": {
        "Diluted EPS": 0.49,
        "Total Revenue": NaN,
        "Gross Profit": NaN,
        "Operating Income": NaN,
        "EBIT": NaN,
        "Net Income": 951
    },
    "2010-09-30": {
        "Diluted EPS": 0.45,
        "Total Revenue": NaN,
        "Gross Profit": NaN,
        "Operating Income": NaN,
        "EBIT": NaN,
        "Net Income": 871
    },
    "2010-06-30": {
        "Diluted EPS": 0.45,
        "Total Revenue": NaN,
        "Gross Profit": NaN,
        "Operating Income": 951,
        "EBIT": NaN,
        "Net Income": 862
    },
    "2010-03-31": {
        "Diluted EPS": 0.34,
        "Total Revenue": NaN,
        "Gross Profit": NaN,
        "Operating Income": 824,
        "EBIT": NaN,
        "Net Income": 648
    },
    "2009-12-31": {
        "Diluted EPS": 0.31,
        "Total Revenue": NaN,
        "Gross Profit": NaN,
        "Operating Income": 710,
        "EBIT": NaN,
        "Net Income": 580
    },
    "2009-09-30": {
        "Diluted EPS": 0.3,
        "Total Revenue": NaN,
        "Gross Profit": NaN,
        "Operating Income": 691,
        "EBIT": NaN,
        "Net Income": 583
    },
    "2009-06-30": {
        "Diluted EPS": 0.12,
        "Total Revenue": NaN,
        "Gross Profit": NaN,
        "Operating Income": 585,
        "EBIT": NaN,
        "Net Income": 221
    },
    "2009-03-31": {
        "Diluted EPS": 0.24,
        "Total Revenue": NaN,
        "Gross Profit": NaN,
        "Operating Income": 646,
        "EBIT": NaN,
        "Net Income": 419
    }
}