{
    "2023-03-31": {
        "Tax Effect Of Unusual Items": NaN,
        "Tax Rate For Calcs": NaN,
        "Normalized EBITDA": NaN,
        "Total Unusual Items": NaN,
        "Total Unusual Items Excluding Goodwill": NaN,
        "Net Income From Continuing Operation Net Minority Interest": NaN,
        "Reconciled Cost Of Revenue": NaN,
        "EBITDA": NaN,
        "EBIT": NaN,
        "Net Interest Income": NaN,
        "Interest Expense": NaN,
        "Interest Income": NaN,
        "Normalized Income": NaN,
        "Net Income From Continuing And Discontinued Operation": NaN,
        "Total Expenses": NaN,
        "Total Operating Income As Reported": NaN,
        "Diluted Average Shares": NaN,
        "Basic Average Shares": NaN,
        "Diluted EPS": NaN,
        "Basic EPS": NaN,
        "Diluted NI Availto Com Stockholders": NaN,
        "Net Income Common Stockholders": NaN,
        "Otherunder Preferred Stock Dividend": NaN,
        "Net Income": NaN,
        "Net Income Including Noncontrolling Interests": NaN,
        "Net Income Continuous Operations": NaN,
        "Pretax Income": NaN,
        "Other Income Expense": NaN,
        "Other Non Operating Income Expenses": -51000.0,
        "Special Income Charges": NaN,
        "Gain On Sale Of Ppe": NaN,
        "Other Special Charges": NaN,
        "Net Non Operating Interest Income Expense": NaN,
        "Interest Expense Non Operating": NaN,
        "Interest Income Non Operating": NaN,
        "Operating Income": NaN,
        "Operating Expense": NaN,
        "Other Operating Expenses": NaN,
        "Selling General And Administration": NaN,
        "General And Administrative Expense": NaN,
        "Other Gand A": NaN,
        "Gross Profit": NaN,
        "Cost Of Revenue": NaN,
        "Total Revenue": NaN,
        "Operating Revenue": NaN
    },
    "2022-12-31": {
        "Tax Effect Of Unusual Items": NaN,
        "Tax Rate For Calcs": NaN,
        "Normalized EBITDA": NaN,
        "Total Unusual Items": NaN,
        "Total Unusual Items Excluding Goodwill": NaN,
        "Net Income From Continuing Operation Net Minority Interest": NaN,
        "Reconciled Cost Of Revenue": NaN,
        "EBITDA": NaN,
        "EBIT": NaN,
        "Net Interest Income": NaN,
        "Interest Expense": NaN,
        "Interest Income": NaN,
        "Normalized Income": NaN,
        "Net Income From Continuing And Discontinued Operation": NaN,
        "Total Expenses": NaN,
        "Total Operating Income As Reported": NaN,
        "Diluted Average Shares": NaN,
        "Basic Average Shares": NaN,
        "Diluted EPS": NaN,
        "Basic EPS": NaN,
        "Diluted NI Availto Com Stockholders": NaN,
        "Net Income Common Stockholders": NaN,
        "Otherunder Preferred Stock Dividend": NaN,
        "Net Income": NaN,
        "Net Income Including Noncontrolling Interests": NaN,
        "Net Income Continuous Operations": NaN,
        "Pretax Income": NaN,
        "Other Income Expense": NaN,
        "Other Non Operating Income Expenses": NaN,
        "Special Income Charges": NaN,
        "Gain On Sale Of Ppe": 36095000.0,
        "Other Special Charges": NaN,
        "Net Non Operating Interest Income Expense": NaN,
        "Interest Expense Non Operating": NaN,
        "Interest Income Non Operating": NaN,
        "Operating Income": NaN,
        "Operating Expense": NaN,
        "Other Operating Expenses": NaN,
        "Selling General And Administration": NaN,
        "General And Administrative Expense": NaN,
        "Other Gand A": NaN,
        "Gross Profit": NaN,
        "Cost Of Revenue": NaN,
        "Total Revenue": NaN,
        "Operating Revenue": NaN
    },
    "2022-06-30": {
        "Diluted EPS": 0.0,
        "Total Revenue": NaN,
        "Gross Profit": NaN,
        "Operating Income": NaN,
        "EBIT": NaN,
        "Net Income": NaN
    },
    "2021-12-31": {
        "Diluted EPS": 0.0,
        "Total Revenue": NaN,
        "Gross Profit": NaN,
        "Operating Income": NaN,
        "EBIT": NaN,
        "Net Income": NaN
    },
    "2020-12-31": {
        "Diluted EPS": 0.0,
        "Total Revenue": NaN,
        "Gross Profit": NaN,
        "Operating Income": NaN,
        "EBIT": NaN,
        "Net Income": NaN
    },
    "2019-12-31": {
        "Diluted EPS": 0.0,
        "Total Revenue": NaN,
        "Gross Profit": NaN,
        "Operating Income": NaN,
        "EBIT": NaN,
        "Net Income": NaN
    },
    "2023-06-30": {
        "Tax Effect Of Unusual Items": NaN,
        "Tax Rate For Calcs": NaN,
        "Normalized EBITDA": NaN,
        "Total Unusual Items": NaN,
        "Total Unusual Items Excluding Goodwill": NaN,
        "Net Income From Continuing Operation Net Minority Interest": NaN,
        "Reconciled Cost Of Revenue": NaN,
        "EBITDA": NaN,
        "EBIT": NaN,
        "Net Interest Income": NaN,
        "Interest Expense": NaN,
        "Interest Income": NaN,
        "Normalized Income": NaN,
        "Net Income From Continuing And Discontinued Operation": NaN,
        "Total Expenses": NaN,
        "Total Operating Income As Reported": NaN,
        "Diluted Average Shares": NaN,
        "Basic Average Shares": NaN,
        "Diluted EPS": NaN,
        "Basic EPS": NaN,
        "Diluted NI Availto Com Stockholders": NaN,
        "Net Income Common Stockholders": NaN,
        "Otherunder Preferred Stock Dividend": 17000.0,
        "Net Income": NaN,
        "Net Income Including Noncontrolling Interests": NaN,
        "Net Income Continuous Operations": NaN,
        "Pretax Income": NaN,
        "Other Income Expense": NaN,
        "Other Non Operating Income Expenses": 3000.0,
        "Special Income Charges": NaN,
        "Gain On Sale Of Ppe": NaN,
        "Other Special Charges": NaN,
        "Net Non Operating Interest Income Expense": NaN,
        "Interest Expense Non Operating": NaN,
        "Interest Income Non Operating": NaN,
        "Operating Income": NaN,
        "Operating Expense": NaN,
        "Other Operating Expenses": NaN,
        "Selling General And Administration": NaN,
        "General And Administrative Expense": NaN,
        "Other Gand A": NaN,
        "Gross Profit": NaN,
        "Cost Of Revenue": NaN,
        "Total Revenue": NaN,
        "Operating Revenue": NaN
    },
    "2023-09-30": {
        "Tax Effect Of Unusual Items": 2601280.0,
        "Tax Rate For Calcs": 0.22,
        "Normalized EBITDA": -878000.0,
        "Total Unusual Items": 11824000.0,
        "Total Unusual Items Excluding Goodwill": 11824000.0,
        "Net Income From Continuing Operation Net Minority Interest": 8861000.0,
        "Reconciled Cost Of Revenue": 10150000.0,
        "EBITDA": 10946000.0,
        "EBIT": 10946000.0,
        "Net Interest Income": -2001000.0,
        "Interest Expense": 2085000.0,
        "Interest Income": 84000.0,
        "Normalized Income": -361720.0,
        "Net Income From Continuing And Discontinued Operation": 8861000.0,
        "Total Expenses": 12660000.0,
        "Total Operating Income As Reported": 10826000.0,
        "Diluted Average Shares": 9430825.0,
        "Basic Average Shares": 8654584.0,
        "Diluted EPS": 0.91,
        "Basic EPS": 1.0,
        "Diluted NI Availto Com Stockholders": 8628000.0,
        "Net Income Common Stockholders": 8628000.0,
        "Otherunder Preferred Stock Dividend": NaN,
        "Net Income": 8861000.0,
        "Net Income Including Noncontrolling Interests": 8861000.0,
        "Net Income Continuous Operations": 8861000.0,
        "Pretax Income": 8861000.0,
        "Other Income Expense": 11840000.0,
        "Other Non Operating Income Expenses": 16000.0,
        "Special Income Charges": 11824000.0,
        "Gain On Sale Of Ppe": 11804000.0,
        "Other Special Charges": -20000.0,
        "Net Non Operating Interest Income Expense": -2001000.0,
        "Interest Expense Non Operating": 2085000.0,
        "Interest Income Non Operating": 84000.0,
        "Operating Income": -978000.0,
        "Operating Expense": 2510000.0,
        "Other Operating Expenses": 551000.0,
        "Selling General And Administration": 1959000.0,
        "General And Administrative Expense": 1959000.0,
        "Other Gand A": 1959000.0,
        "Gross Profit": 1532000.0,
        "Cost Of Revenue": 10150000.0,
        "Total Revenue": 11682000.0,
        "Operating Revenue": 11682000.0
    },
    "2022-09-30": {
        "Tax Effect Of Unusual Items": NaN,
        "Tax Rate For Calcs": NaN,
        "Normalized EBITDA": NaN,
        "Total Unusual Items": NaN,
        "Total Unusual Items Excluding Goodwill": NaN,
        "Net Income From Continuing Operation Net Minority Interest": NaN,
        "Reconciled Cost Of Revenue": NaN,
        "EBITDA": NaN,
        "EBIT": NaN,
        "Net Interest Income": NaN,
        "Interest Expense": NaN,
        "Interest Income": NaN,
        "Normalized Income": NaN,
        "Net Income From Continuing And Discontinued Operation": NaN,
        "Total Expenses": NaN,
        "Total Operating Income As Reported": NaN,
        "Diluted Average Shares": NaN,
        "Basic Average Shares": NaN,
        "Diluted EPS": NaN,
        "Basic EPS": NaN,
        "Diluted NI Availto Com Stockholders": NaN,
        "Net Income Common Stockholders": NaN,
        "Net Income": NaN,
        "Net Income Including Noncontrolling Interests": NaN,
        "Net Income Continuous Operations": NaN,
        "Pretax Income": NaN,
        "Other Income Expense": NaN,
        "Other Non Operating Income Expenses": 5000.0,
        "Special Income Charges": NaN,
        "Gain On Sale Of Ppe": 0.0,
        "Other Special Charges": NaN,
        "Net Non Operating Interest Income Expense": NaN,
        "Interest Expense Non Operating": NaN,
        "Interest Income Non Operating": NaN,
        "Operating Income": NaN,
        "Operating Expense": NaN,
        "Other Operating Expenses": NaN,
        "Selling General And Administration": NaN,
        "General And Administrative Expense": NaN,
        "Other Gand A": NaN,
        "Gross Profit": NaN,
        "Cost Of Revenue": NaN,
        "Total Revenue": NaN,
        "Operating Revenue": NaN
    },
    "2023-12-31": {
        "Tax Effect Of Unusual Items": 0.0,
        "Tax Rate For Calcs": 0.0,
        "Normalized EBITDA": 789000.0,
        "Total Unusual Items": -237000.0,
        "Total Unusual Items Excluding Goodwill": -237000.0,
        "Net Income From Continuing Operation Net Minority Interest": -726000.0,
        "Reconciled Cost Of Revenue": 8803000.0,
        "EBITDA": 552000.0,
        "EBIT": 552000.0,
        "Net Interest Income": -1904000.0,
        "Interest Expense": 1278000.0,
        "Interest Income": 215000.0,
        "Normalized Income": -489000.0,
        "Net Income From Continuing And Discontinued Operation": -726000.0,
        "Total Expenses": 10126000.0,
        "Total Operating Income As Reported": 1427000.0,
        "Diluted Average Shares": 8711308.0,
        "Basic Average Shares": 8711308.0,
        "Diluted EPS": -0.08,
        "Basic EPS": -0.08,
        "Diluted NI Availto Com Stockholders": -726000.0,
        "Net Income Common Stockholders": -726000.0,
        "Otherunder Preferred Stock Dividend": NaN,
        "Net Income": -726000.0,
        "Net Income Including Noncontrolling Interests": -726000.0,
        "Net Income Continuous Operations": -726000.0,
        "Pretax Income": -726000.0,
        "Other Income Expense": -249000.0,
        "Other Non Operating Income Expenses": NaN,
        "Special Income Charges": -105000.0,
        "Gain On Sale Of Ppe": 0.0,
        "Other Special Charges": 105000.0,
        "Net Non Operating Interest Income Expense": -1904000.0,
        "Interest Expense Non Operating": 1278000.0,
        "Interest Income Non Operating": 215000.0,
        "Operating Income": 1427000.0,
        "Operating Expense": 1323000.0,
        "Other Operating Expenses": 589000.0,
        "Selling General And Administration": 734000.0,
        "General And Administrative Expense": 734000.0,
        "Other Gand A": 734000.0,
        "Gross Profit": 2750000.0,
        "Cost Of Revenue": 8803000.0,
        "Total Revenue": 11553000.0,
        "Operating Revenue": 11553000.0
    },
    "2024-03-31": {
        "Tax Effect Of Unusual Items": 0.0,
        "Tax Rate For Calcs": 0.0,
        "Normalized EBITDA": 805000.0,
        "Total Unusual Items": -22000.0,
        "Total Unusual Items Excluding Goodwill": -22000.0,
        "Net Income From Continuing Operation Net Minority Interest": -1340000.0,
        "Reconciled Cost Of Revenue": 8572000.0,
        "EBITDA": 783000.0,
        "EBIT": 783000.0,
        "Net Interest Income": -2031000.0,
        "Interest Expense": 2123000.0,
        "Interest Income": 92000.0,
        "Normalized Income": -1318000.0,
        "Net Income From Continuing And Discontinued Operation": -1340000.0,
        "Total Expenses": 9942000.0,
        "Total Operating Income As Reported": 656000.0,
        "Diluted Average Shares": 8688498.0,
        "Basic Average Shares": 8688498.0,
        "Diluted EPS": -0.15,
        "Basic EPS": -0.15,
        "Diluted NI Availto Com Stockholders": -1340000.0,
        "Net Income Common Stockholders": -1340000.0,
        "Otherunder Preferred Stock Dividend": NaN,
        "Net Income": -1340000.0,
        "Net Income Including Noncontrolling Interests": -1340000.0,
        "Net Income Continuous Operations": -1340000.0,
        "Pretax Income": -1340000.0,
        "Other Income Expense": 35000.0,
        "Other Non Operating Income Expenses": 57000.0,
        "Special Income Charges": -22000.0,
        "Gain On Sale Of Ppe": NaN,
        "Other Special Charges": 22000.0,
        "Net Non Operating Interest Income Expense": -2031000.0,
        "Interest Expense Non Operating": 2123000.0,
        "Interest Income Non Operating": 92000.0,
        "Operating Income": 656000.0,
        "Operating Expense": 1370000.0,
        "Other Operating Expenses": 592000.0,
        "Selling General And Administration": 778000.0,
        "General And Administrative Expense": 778000.0,
        "Other Gand A": 778000.0,
        "Gross Profit": 2026000.0,
        "Cost Of Revenue": 8572000.0,
        "Total Revenue": 10598000.0,
        "Operating Revenue": 10598000.0
    },
    "2024-06-30": {
        "Tax Effect Of Unusual Items": 0.0,
        "Tax Rate For Calcs": 0.22,
        "Normalized EBITDA": 2683000.0,
        "Total Unusual Items": 0.0,
        "Total Unusual Items Excluding Goodwill": 0.0,
        "Net Income From Continuing Operation Net Minority Interest": 672000.0,
        "Reconciled Cost Of Revenue": 8543000.0,
        "EBITDA": 2683000.0,
        "EBIT": 2683000.0,
        "Net Interest Income": -1939000.0,
        "Interest Expense": 2011000.0,
        "Interest Income": 72000.0,
        "Normalized Income": 672000.0,
        "Net Income From Continuing And Discontinued Operation": 672000.0,
        "Total Expenses": 9843000.0,
        "Total Operating Income As Reported": 2600000.0,
        "Diluted Average Shares": 9692976.0,
        "Basic Average Shares": 8744456.0,
        "Diluted EPS": 0.07,
        "Basic EPS": 0.08,
        "Diluted NI Availto Com Stockholders": 672000.0,
        "Net Income Common Stockholders": 672000.0,
        "Otherunder Preferred Stock Dividend": NaN,
        "Net Income": 672000.0,
        "Net Income Including Noncontrolling Interests": 672000.0,
        "Net Income Continuous Operations": 672000.0,
        "Pretax Income": 672000.0,
        "Other Income Expense": 11000.0,
        "Other Non Operating Income Expenses": 11000.0,
        "Special Income Charges": 0.0,
        "Gain On Sale Of Ppe": NaN,
        "Other Special Charges": NaN,
        "Net Non Operating Interest Income Expense": -1939000.0,
        "Interest Expense Non Operating": 2011000.0,
        "Interest Income Non Operating": 72000.0,
        "Operating Income": 2600000.0,
        "Operating Expense": 1300000.0,
        "Other Operating Expenses": 573000.0,
        "Selling General And Administration": 727000.0,
        "General And Administrative Expense": 727000.0,
        "Other Gand A": 727000.0,
        "Gross Profit": 3900000.0,
        "Cost Of Revenue": 8543000.0,
        "Total Revenue": 12443000.0,
        "Operating Revenue": 12443000.0
    },
    "2024-09-30": {
        "Tax Effect Of Unusual Items": 0.0,
        "Tax Rate For Calcs": 0.0,
        "Normalized EBITDA": 24000.0,
        "Total Unusual Items": 1051000.0,
        "Total Unusual Items Excluding Goodwill": 1051000.0,
        "Net Income From Continuing Operation Net Minority Interest": -894000.0,
        "Reconciled Cost Of Revenue": 9157000.0,
        "EBITDA": 1075000.0,
        "EBIT": 1075000.0,
        "Net Interest Income": -1876000.0,
        "Interest Expense": 1969000.0,
        "Interest Income": 93000.0,
        "Normalized Income": -1945000.0,
        "Net Income From Continuing And Discontinued Operation": -894000.0,
        "Total Expenses": 11443000.0,
        "Total Operating Income As Reported": 1549000.0,
        "Diluted Average Shares": 8775011.0,
        "Basic Average Shares": 8738183.0,
        "Diluted EPS": -0.1,
        "Basic EPS": -0.1,
        "Diluted NI Availto Com Stockholders": -894000.0,
        "Net Income Common Stockholders": -894000.0,
        "Otherunder Preferred Stock Dividend": NaN,
        "Net Income": -894000.0,
        "Net Income Including Noncontrolling Interests": -894000.0,
        "Net Income Continuous Operations": -894000.0,
        "Pretax Income": -894000.0,
        "Other Income Expense": 859000.0,
        "Other Non Operating Income Expenses": -192000.0,
        "Special Income Charges": 1051000.0,
        "Gain On Sale Of Ppe": 1426000.0,
        "Other Special Charges": 375000.0,
        "Net Non Operating Interest Income Expense": -1876000.0,
        "Interest Expense Non Operating": 1969000.0,
        "Interest Income Non Operating": 93000.0,
        "Operating Income": 123000.0,
        "Operating Expense": 2286000.0,
        "Other Operating Expenses": 526000.0,
        "Selling General And Administration": 1760000.0,
        "General And Administrative Expense": 1760000.0,
        "Other Gand A": 1760000.0,
        "Gross Profit": 2409000.0,
        "Cost Of Revenue": 9157000.0,
        "Total Revenue": 11566000.0,
        "Operating Revenue": 11566000.0
    }
}