{
    "2023-03-31": {
        "Tax Effect Of Unusual Items": NaN,
        "Tax Rate For Calcs": NaN,
        "Normalized EBITDA": NaN,
        "Total Unusual Items": NaN,
        "Total Unusual Items Excluding Goodwill": NaN,
        "Net Income From Continuing Operation Net Minority Interest": NaN,
        "Reconciled Depreciation": NaN,
        "Reconciled Cost Of Revenue": NaN,
        "EBITDA": NaN,
        "EBIT": NaN,
        "Net Interest Income": NaN,
        "Interest Expense": NaN,
        "Normalized Income": NaN,
        "Net Income From Continuing And Discontinued Operation": NaN,
        "Total Expenses": NaN,
        "Total Operating Income As Reported": NaN,
        "Diluted Average Shares": 25178565.0,
        "Basic Average Shares": 25178565.0,
        "Diluted EPS": -0.05,
        "Basic EPS": -0.05,
        "Diluted NI Availto Com Stockholders": NaN,
        "Net Income Common Stockholders": NaN,
        "Otherunder Preferred Stock Dividend": NaN,
        "Net Income": NaN,
        "Net Income Including Noncontrolling Interests": NaN,
        "Net Income Continuous Operations": NaN,
        "Tax Provision": NaN,
        "Pretax Income": NaN,
        "Other Income Expense": NaN,
        "Other Non Operating Income Expenses": NaN,
        "Special Income Charges": NaN,
        "Impairment Of Capital Assets": NaN,
        "Gain On Sale Of Security": NaN,
        "Net Non Operating Interest Income Expense": NaN,
        "Total Other Finance Cost": NaN,
        "Interest Expense Non Operating": NaN,
        "Operating Income": NaN,
        "Operating Expense": NaN,
        "Selling General And Administration": NaN,
        "General And Administrative Expense": NaN,
        "Other Gand A": NaN,
        "Salaries And Wages": NaN,
        "Gross Profit": NaN,
        "Cost Of Revenue": NaN,
        "Total Revenue": NaN,
        "Operating Revenue": NaN
    },
    "2022-12-31": {
        "Tax Effect Of Unusual Items": NaN,
        "Tax Rate For Calcs": NaN,
        "Normalized EBITDA": NaN,
        "Total Unusual Items": NaN,
        "Total Unusual Items Excluding Goodwill": NaN,
        "Net Income From Continuing Operation Net Minority Interest": NaN,
        "Reconciled Depreciation": NaN,
        "Reconciled Cost Of Revenue": NaN,
        "EBITDA": NaN,
        "EBIT": NaN,
        "Net Interest Income": NaN,
        "Interest Expense": NaN,
        "Normalized Income": NaN,
        "Net Income From Continuing And Discontinued Operation": NaN,
        "Total Expenses": NaN,
        "Total Operating Income As Reported": NaN,
        "Diluted Average Shares": NaN,
        "Basic Average Shares": NaN,
        "Diluted EPS": NaN,
        "Basic EPS": NaN,
        "Diluted NI Availto Com Stockholders": NaN,
        "Net Income Common Stockholders": NaN,
        "Otherunder Preferred Stock Dividend": NaN,
        "Net Income": NaN,
        "Net Income Including Noncontrolling Interests": NaN,
        "Net Income Continuous Operations": NaN,
        "Tax Provision": NaN,
        "Pretax Income": NaN,
        "Other Income Expense": NaN,
        "Other Non Operating Income Expenses": NaN,
        "Special Income Charges": NaN,
        "Impairment Of Capital Assets": NaN,
        "Gain On Sale Of Security": NaN,
        "Net Non Operating Interest Income Expense": NaN,
        "Total Other Finance Cost": 249000.0,
        "Interest Expense Non Operating": NaN,
        "Operating Income": NaN,
        "Operating Expense": NaN,
        "Selling General And Administration": NaN,
        "General And Administrative Expense": NaN,
        "Other Gand A": NaN,
        "Salaries And Wages": NaN,
        "Gross Profit": NaN,
        "Cost Of Revenue": NaN,
        "Total Revenue": NaN,
        "Operating Revenue": NaN
    },
    "2022-09-30": {
        "Tax Effect Of Unusual Items": NaN,
        "Tax Rate For Calcs": NaN,
        "Normalized EBITDA": NaN,
        "Total Unusual Items": NaN,
        "Total Unusual Items Excluding Goodwill": NaN,
        "Net Income From Continuing Operation Net Minority Interest": NaN,
        "Reconciled Depreciation": NaN,
        "Reconciled Cost Of Revenue": NaN,
        "EBITDA": NaN,
        "EBIT": NaN,
        "Net Interest Income": NaN,
        "Interest Expense": 187000.0,
        "Normalized Income": NaN,
        "Net Income From Continuing And Discontinued Operation": NaN,
        "Total Expenses": NaN,
        "Total Operating Income As Reported": NaN,
        "Diluted Average Shares": 24682476.0,
        "Basic Average Shares": 24390193.0,
        "Diluted EPS": 0.16,
        "Basic EPS": 0.16,
        "Diluted NI Availto Com Stockholders": NaN,
        "Net Income Common Stockholders": NaN,
        "Otherunder Preferred Stock Dividend": 101000.0,
        "Net Income": NaN,
        "Net Income Including Noncontrolling Interests": NaN,
        "Net Income Continuous Operations": NaN,
        "Tax Provision": NaN,
        "Pretax Income": NaN,
        "Other Income Expense": NaN,
        "Other Non Operating Income Expenses": NaN,
        "Special Income Charges": 0.0,
        "Impairment Of Capital Assets": 0.0,
        "Gain On Sale Of Security": NaN,
        "Net Non Operating Interest Income Expense": NaN,
        "Total Other Finance Cost": 187000.0,
        "Interest Expense Non Operating": 187000.0,
        "Operating Income": NaN,
        "Operating Expense": NaN,
        "Selling General And Administration": NaN,
        "General And Administrative Expense": NaN,
        "Other Gand A": NaN,
        "Salaries And Wages": NaN,
        "Gross Profit": NaN,
        "Cost Of Revenue": NaN,
        "Total Revenue": NaN,
        "Operating Revenue": NaN
    },
    "2022-06-30": {
        "Tax Effect Of Unusual Items": -901200.0,
        "Tax Rate For Calcs": 0.4,
        "Normalized EBITDA": 7583000.0,
        "Total Unusual Items": -2253000.0,
        "Total Unusual Items Excluding Goodwill": -2253000.0,
        "Net Income From Continuing Operation Net Minority Interest": 122000.0,
        "Reconciled Depreciation": 2622000.0,
        "Reconciled Cost Of Revenue": 8130000.0,
        "EBITDA": 5330000.0,
        "EBIT": 2708000.0,
        "Net Interest Income": -60000.0,
        "Interest Expense": NaN,
        "Normalized Income": 1473800.0,
        "Net Income From Continuing And Discontinued Operation": 122000.0,
        "Total Expenses": 10772000.0,
        "Total Operating Income As Reported": 2708000.0,
        "Diluted Average Shares": 25265180.0,
        "Basic Average Shares": 24923812.0,
        "Diluted EPS": 0.004829,
        "Basic EPS": 0.004895,
        "Diluted NI Availto Com Stockholders": 122000.0,
        "Net Income Common Stockholders": 122000.0,
        "Otherunder Preferred Stock Dividend": NaN,
        "Net Income": 122000.0,
        "Net Income Including Noncontrolling Interests": 122000.0,
        "Net Income Continuous Operations": 122000.0,
        "Tax Provision": 268000.0,
        "Pretax Income": 390000.0,
        "Other Income Expense": -2258000.0,
        "Other Non Operating Income Expenses": -5000.0,
        "Special Income Charges": NaN,
        "Impairment Of Capital Assets": NaN,
        "Gain On Sale Of Security": -2253000.0,
        "Net Non Operating Interest Income Expense": -60000.0,
        "Total Other Finance Cost": 60000.0,
        "Interest Expense Non Operating": NaN,
        "Operating Income": 2708000.0,
        "Operating Expense": 2642000.0,
        "Selling General And Administration": 2642000.0,
        "General And Administrative Expense": 2642000.0,
        "Other Gand A": 844000.0,
        "Salaries And Wages": 1798000.0,
        "Gross Profit": 5350000.0,
        "Cost Of Revenue": 8130000.0,
        "Total Revenue": 13480000.0,
        "Operating Revenue": 13480000.0
    },
    "2022-03-31": {
        "Diluted EPS": -0.14,
        "Total Revenue": 9,
        "Gross Profit": 6,
        "Operating Income": 1,
        "EBIT": 3,
        "Net Income": -3
    },
    "2021-12-31": {
        "Diluted EPS": -0.33,
        "Total Revenue": 2,
        "Gross Profit": 1,
        "Operating Income": -1,
        "EBIT": -1,
        "Net Income": -1
    },
    "2021-09-30": {
        "Diluted EPS": 0.02,
        "Total Revenue": 2,
        "Gross Profit": 1,
        "Operating Income": 0,
        "EBIT": 0,
        "Net Income": 0
    },
    "2021-06-30": {
        "Diluted EPS": -0.04,
        "Total Revenue": 2,
        "Gross Profit": 1,
        "Operating Income": 0,
        "EBIT": 0,
        "Net Income": 0
    },
    "2021-03-31": {
        "Diluted EPS": -0.04,
        "Total Revenue": 1,
        "Gross Profit": 1,
        "Operating Income": 0,
        "EBIT": 0,
        "Net Income": 0
    },
    "2020-12-31": {
        "Diluted EPS": 0.34,
        "Total Revenue": 1,
        "Gross Profit": 0,
        "Operating Income": -1,
        "EBIT": -1,
        "Net Income": 0
    },
    "2020-09-30": {
        "Diluted EPS": -1.3,
        "Total Revenue": 0,
        "Gross Profit": 0,
        "Operating Income": -2,
        "EBIT": -2,
        "Net Income": -2
    },
    "2020-06-30": {
        "Diluted EPS": -2.68,
        "Total Revenue": 0,
        "Gross Profit": 0,
        "Operating Income": -2,
        "EBIT": -2,
        "Net Income": -4
    },
    "2020-03-31": {
        "Diluted EPS": -0.3,
        "Total Revenue": 1,
        "Gross Profit": 0,
        "Operating Income": 0,
        "EBIT": 0,
        "Net Income": 0
    },
    "2019-12-31": {
        "Diluted EPS": -0.31,
        "Total Revenue": 2,
        "Gross Profit": 1,
        "Operating Income": -1,
        "EBIT": 0,
        "Net Income": 0
    },
    "2019-09-30": {
        "Diluted EPS": -0.28,
        "Total Revenue": 2,
        "Gross Profit": 1,
        "Operating Income": 0,
        "EBIT": 0,
        "Net Income": 0
    },
    "2019-06-30": {
        "Diluted EPS": -0.05,
        "Total Revenue": 2,
        "Gross Profit": 1,
        "Operating Income": 0,
        "EBIT": 0,
        "Net Income": 0
    },
    "2019-03-31": {
        "Diluted EPS": -0.05,
        "Total Revenue": 2,
        "Gross Profit": 1,
        "Operating Income": 0,
        "EBIT": 0,
        "Net Income": 0
    },
    "2018-12-31": {
        "Diluted EPS": -0.16,
        "Total Revenue": 1,
        "Gross Profit": 1,
        "Operating Income": 0,
        "EBIT": 0,
        "Net Income": 0
    },
    "2018-09-30": {
        "Diluted EPS": 0.3,
        "Total Revenue": 1,
        "Gross Profit": 1,
        "Operating Income": 0,
        "EBIT": 0,
        "Net Income": 0
    },
    "2018-06-30": {
        "Diluted EPS": -0.9,
        "Total Revenue": 2,
        "Gross Profit": 1,
        "Operating Income": -1,
        "EBIT": -1,
        "Net Income": -1
    },
    "2018-03-31": {
        "Diluted EPS": -0.3,
        "Total Revenue": 2,
        "Gross Profit": 1,
        "Operating Income": 0,
        "EBIT": 0,
        "Net Income": 0
    },
    "2017-12-31": {
        "Diluted EPS": -0.6,
        "Total Revenue": 1,
        "Gross Profit": 1,
        "Operating Income": 0,
        "EBIT": 0,
        "Net Income": -1
    },
    "2017-09-30": {
        "Diluted EPS": -0.8,
        "Total Revenue": 2,
        "Gross Profit": 1,
        "Operating Income": 0,
        "EBIT": 0,
        "Net Income": 0
    },
    "2017-06-30": {
        "Diluted EPS": 0.0,
        "Total Revenue": 2,
        "Gross Profit": 1,
        "Operating Income": 0,
        "EBIT": 0,
        "Net Income": 0
    },
    "2017-03-31": {
        "Diluted EPS": -1.4,
        "Total Revenue": 2,
        "Gross Profit": 1,
        "Operating Income": -1,
        "EBIT": 0,
        "Net Income": -1
    },
    "2016-12-31": {
        "Diluted EPS": 2.0,
        "Total Revenue": 1,
        "Gross Profit": 2,
        "Operating Income": 1,
        "EBIT": 1,
        "Net Income": 1
    },
    "2016-09-30": {
        "Diluted EPS": -0.6,
        "Total Revenue": 2,
        "Gross Profit": 1,
        "Operating Income": -1,
        "EBIT": 0,
        "Net Income": 0
    },
    "2016-06-30": {
        "Diluted EPS": -9.0,
        "Total Revenue": 2,
        "Gross Profit": 1,
        "Operating Income": -4,
        "EBIT": -3,
        "Net Income": -4
    },
    "2016-03-31": {
        "Diluted EPS": -22.5,
        "Total Revenue": 1,
        "Gross Profit": 0,
        "Operating Income": -8,
        "EBIT": -8,
        "Net Income": -11
    },
    "2015-12-31": {
        "Diluted EPS": -83.61,
        "Total Revenue": 2,
        "Gross Profit": 0,
        "Operating Income": -17,
        "EBIT": -16,
        "Net Income": -39
    },
    "2015-09-30": {
        "Diluted EPS": -50.6,
        "Total Revenue": 3,
        "Gross Profit": 1,
        "Operating Income": -24,
        "EBIT": -22,
        "Net Income": -24
    },
    "2015-06-30": {
        "Diluted EPS": -13.4,
        "Total Revenue": 3,
        "Gross Profit": 1,
        "Operating Income": -5,
        "EBIT": -3,
        "Net Income": -6
    },
    "2015-03-31": {
        "Diluted EPS": -50.99,
        "Total Revenue": 3,
        "Gross Profit": 1,
        "Operating Income": -23,
        "EBIT": -20,
        "Net Income": -24
    },
    "2014-12-31": {
        "Diluted EPS": -1.38,
        "Total Revenue": 5,
        "Gross Profit": 4,
        "Operating Income": 0,
        "EBIT": 3,
        "Net Income": -2
    },
    "2014-09-30": {
        "Diluted EPS": -0.14,
        "Total Revenue": 10,
        "Gross Profit": 6,
        "Operating Income": -1,
        "EBIT": 4,
        "Net Income": 0
    },
    "2014-06-30": {
        "Diluted EPS": 0.12,
        "Total Revenue": 9,
        "Gross Profit": 6,
        "Operating Income": 1,
        "EBIT": 4,
        "Net Income": 0
    },
    "2014-03-31": {
        "Diluted EPS": 0.6,
        "Total Revenue": 8,
        "Gross Profit": 6,
        "Operating Income": 1,
        "EBIT": 4,
        "Net Income": 0
    },
    "2013-12-31": {
        "Diluted EPS": -3.0,
        "Total Revenue": 9,
        "Gross Profit": 9,
        "Operating Income": 4,
        "EBIT": 8,
        "Net Income": -1
    },
    "2013-09-30": {
        "Diluted EPS": -1.8,
        "Total Revenue": 9,
        "Gross Profit": 5,
        "Operating Income": 0,
        "EBIT": 4,
        "Net Income": -1
    },
    "2013-06-30": {
        "Diluted EPS": 1.2,
        "Total Revenue": 8,
        "Gross Profit": 5,
        "Operating Income": 0,
        "EBIT": 3,
        "Net Income": 1
    },
    "2013-03-31": {
        "Diluted EPS": -12.6,
        "Total Revenue": 8,
        "Gross Profit": 4,
        "Operating Income": -6,
        "EBIT": -3,
        "Net Income": -6
    },
    "2012-12-31": {
        "Diluted EPS": -17.4,
        "Total Revenue": 8,
        "Gross Profit": 5,
        "Operating Income": -6,
        "EBIT": -2,
        "Net Income": -8
    },
    "2012-09-30": {
        "Diluted EPS": -4.2,
        "Total Revenue": 8,
        "Gross Profit": 4,
        "Operating Income": -3,
        "EBIT": 1,
        "Net Income": -2
    },
    "2012-06-30": {
        "Diluted EPS": -2.4,
        "Total Revenue": 9,
        "Gross Profit": 5,
        "Operating Income": -1,
        "EBIT": 3,
        "Net Income": -1
    },
    "2012-03-31": {
        "Diluted EPS": -0.6,
        "Total Revenue": 8,
        "Gross Profit": 5,
        "Operating Income": -1,
        "EBIT": 3,
        "Net Income": 0
    },
    "2011-12-31": {
        "Diluted EPS": -6.43,
        "Total Revenue": 11,
        "Gross Profit": 7,
        "Operating Income": 1,
        "EBIT": 5,
        "Net Income": -3
    },
    "2011-09-30": {
        "Diluted EPS": 0.6,
        "Total Revenue": 8,
        "Gross Profit": 5,
        "Operating Income": -1,
        "EBIT": 3,
        "Net Income": 0
    },
    "2011-06-30": {
        "Diluted EPS": -0.17,
        "Total Revenue": 7,
        "Gross Profit": 5,
        "Operating Income": -1,
        "EBIT": 3,
        "Net Income": 0
    },
    "2011-03-31": {
        "Diluted EPS": -4.8,
        "Total Revenue": 5,
        "Gross Profit": 0,
        "Operating Income": -5,
        "EBIT": -2,
        "Net Income": -2
    },
    "2010-12-31": {
        "Diluted EPS": -3.9,
        "Total Revenue": 7,
        "Gross Profit": 4,
        "Operating Income": -1,
        "EBIT": 1,
        "Net Income": -2
    },
    "2010-09-30": {
        "Diluted EPS": -0.6,
        "Total Revenue": 6,
        "Gross Profit": 4,
        "Operating Income": -1,
        "EBIT": 3,
        "Net Income": 0
    },
    "2010-06-30": {
        "Diluted EPS": -0.3,
        "Total Revenue": 6,
        "Gross Profit": 4,
        "Operating Income": 0,
        "EBIT": 2,
        "Net Income": 0
    },
    "2010-03-31": {
        "Diluted EPS": 3.0,
        "Total Revenue": 8,
        "Gross Profit": 6,
        "Operating Income": 1,
        "EBIT": 4,
        "Net Income": 2
    },
    "2009-12-31": {
        "Diluted EPS": -3.0,
        "Total Revenue": 3,
        "Gross Profit": 3,
        "Operating Income": -2,
        "EBIT": -1,
        "Net Income": -1
    },
    "2009-09-30": {
        "Diluted EPS": -5.4,
        "Total Revenue": 1,
        "Gross Profit": 0,
        "Operating Income": -2,
        "EBIT": -1,
        "Net Income": -2
    },
    "2009-06-30": {
        "Diluted EPS": -7.8,
        "Total Revenue": 1,
        "Gross Profit": 0,
        "Operating Income": -2,
        "EBIT": -1,
        "Net Income": -3
    },
    "2009-03-31": {
        "Diluted EPS": -6.6,
        "Total Revenue": 1,
        "Gross Profit": 0,
        "Operating Income": -3,
        "EBIT": -2,
        "Net Income": -2
    },
    "2023-06-30": {
        "Tax Effect Of Unusual Items": 22096.9163,
        "Tax Rate For Calcs": 0.076725,
        "Normalized EBITDA": 213000.0,
        "Total Unusual Items": 288000.0,
        "Total Unusual Items Excluding Goodwill": 288000.0,
        "Net Income From Continuing Operation Net Minority Interest": -2515000.0,
        "Reconciled Depreciation": 2936000.0,
        "Reconciled Cost Of Revenue": 7311000.0,
        "EBITDA": 501000.0,
        "EBIT": -2435000.0,
        "Net Interest Income": -289000.0,
        "Interest Expense": 289000.0,
        "Normalized Income": -2780903.0837,
        "Net Income From Continuing And Discontinued Operation": -2515000.0,
        "Total Expenses": 10679000.0,
        "Total Operating Income As Reported": -2701000.0,
        "Diluted Average Shares": 25186797.0,
        "Basic Average Shares": 25186797.0,
        "Diluted EPS": -0.1,
        "Basic EPS": -0.1,
        "Diluted NI Availto Com Stockholders": -2515000.0,
        "Net Income Common Stockholders": -2515000.0,
        "Otherunder Preferred Stock Dividend": NaN,
        "Net Income": -2515000.0,
        "Net Income Including Noncontrolling Interests": -2515000.0,
        "Net Income Continuous Operations": -2515000.0,
        "Tax Provision": -209000.0,
        "Pretax Income": -2724000.0,
        "Other Income Expense": 266000.0,
        "Other Non Operating Income Expenses": -22000.0,
        "Special Income Charges": 0.0,
        "Impairment Of Capital Assets": 0.0,
        "Gain On Sale Of Security": 288000.0,
        "Net Non Operating Interest Income Expense": -289000.0,
        "Total Other Finance Cost": 289000.0,
        "Interest Expense Non Operating": 289000.0,
        "Operating Income": -2701000.0,
        "Operating Expense": 3368000.0,
        "Selling General And Administration": 3368000.0,
        "General And Administrative Expense": 3368000.0,
        "Other Gand A": 1431000.0,
        "Salaries And Wages": 1937000.0,
        "Gross Profit": 667000.0,
        "Cost Of Revenue": 7311000.0,
        "Total Revenue": 7978000.0,
        "Operating Revenue": 7978000.0
    },
    "2023-09-30": {
        "Tax Effect Of Unusual Items": -126685.810056,
        "Tax Rate For Calcs": 0.018101,
        "Normalized EBITDA": 1263000.0,
        "Total Unusual Items": -6999000.0,
        "Total Unusual Items Excluding Goodwill": -6999000.0,
        "Net Income From Continuing Operation Net Minority Interest": -8788000.0,
        "Reconciled Depreciation": 2908000.0,
        "Reconciled Cost Of Revenue": 7630000.0,
        "EBITDA": -5736000.0,
        "EBIT": -8644000.0,
        "Net Interest Income": -306000.0,
        "Interest Expense": 306000.0,
        "Normalized Income": -1915685.810056,
        "Net Income From Continuing And Discontinued Operation": -8788000.0,
        "Total Expenses": 10454000.0,
        "Total Operating Income As Reported": -8208000.0,
        "Diluted Average Shares": 25428874.0,
        "Basic Average Shares": 25428874.0,
        "Diluted EPS": -0.35,
        "Basic EPS": -0.35,
        "Diluted NI Availto Com Stockholders": -8788000.0,
        "Net Income Common Stockholders": -8788000.0,
        "Otherunder Preferred Stock Dividend": 0.0,
        "Net Income": -8788000.0,
        "Net Income Including Noncontrolling Interests": -8788000.0,
        "Net Income Continuous Operations": -8788000.0,
        "Tax Provision": -162000.0,
        "Pretax Income": -8950000.0,
        "Other Income Expense": -6931000.0,
        "Other Non Operating Income Expenses": 68000.0,
        "Special Income Charges": -6495000.0,
        "Impairment Of Capital Assets": 6495000.0,
        "Gain On Sale Of Security": -504000.0,
        "Net Non Operating Interest Income Expense": -306000.0,
        "Total Other Finance Cost": NaN,
        "Interest Expense Non Operating": 306000.0,
        "Operating Income": -1713000.0,
        "Operating Expense": 2824000.0,
        "Selling General And Administration": 2824000.0,
        "General And Administrative Expense": 2824000.0,
        "Other Gand A": 797000.0,
        "Salaries And Wages": 2027000.0,
        "Gross Profit": 1111000.0,
        "Cost Of Revenue": 7630000.0,
        "Total Revenue": 8741000.0,
        "Operating Revenue": 8741000.0
    },
    "2023-12-31": {
        "Tax Effect Of Unusual Items": -407856.550703,
        "Tax Rate For Calcs": 0.02265,
        "Normalized EBITDA": 1086000.0,
        "Total Unusual Items": -18007000.0,
        "Total Unusual Items Excluding Goodwill": -18007000.0,
        "Net Income From Continuing Operation Net Minority Interest": -19806000.0,
        "Reconciled Depreciation": 3094000.0,
        "Reconciled Cost Of Revenue": 6752000.0,
        "EBITDA": -16921000.0,
        "EBIT": -20015000.0,
        "Net Interest Income": -250000.0,
        "Interest Expense": 250000.0,
        "Normalized Income": -2206856.550703,
        "Net Income From Continuing And Discontinued Operation": -19806000.0,
        "Total Expenses": 9311000.0,
        "Total Operating Income As Reported": -22172000.0,
        "Diluted Average Shares": NaN,
        "Basic Average Shares": NaN,
        "Diluted EPS": NaN,
        "Basic EPS": NaN,
        "Diluted NI Availto Com Stockholders": -19806000.0,
        "Net Income Common Stockholders": -19806000.0,
        "Otherunder Preferred Stock Dividend": NaN,
        "Net Income": -19806000.0,
        "Net Income Including Noncontrolling Interests": -19806000.0,
        "Net Income Continuous Operations": -19806000.0,
        "Tax Provision": -459000.0,
        "Pretax Income": -20265000.0,
        "Other Income Expense": -18028000.0,
        "Other Non Operating Income Expenses": -21000.0,
        "Special Income Charges": -20185000.0,
        "Impairment Of Capital Assets": 20185000.0,
        "Gain On Sale Of Security": 2178000.0,
        "Net Non Operating Interest Income Expense": -250000.0,
        "Total Other Finance Cost": NaN,
        "Interest Expense Non Operating": 250000.0,
        "Operating Income": -1987000.0,
        "Operating Expense": 2559000.0,
        "Selling General And Administration": 2559000.0,
        "General And Administrative Expense": 2559000.0,
        "Other Gand A": 809000.0,
        "Salaries And Wages": 1750000.0,
        "Gross Profit": 572000.0,
        "Cost Of Revenue": 6752000.0,
        "Total Revenue": 7324000.0,
        "Operating Revenue": 7324000.0
    },
    "2024-03-31": {
        "Tax Effect Of Unusual Items": -1428000.0,
        "Tax Rate For Calcs": 0.21,
        "Normalized EBITDA": -364000.0,
        "Total Unusual Items": -6800000.0,
        "Total Unusual Items Excluding Goodwill": -6800000.0,
        "Net Income From Continuing Operation Net Minority Interest": -9537000.0,
        "Reconciled Depreciation": 2235000.0,
        "Reconciled Cost Of Revenue": 5788000.0,
        "EBITDA": -7164000.0,
        "EBIT": -9399000.0,
        "Net Interest Income": -120000.0,
        "Interest Expense": 120000.0,
        "Normalized Income": -4165000.0,
        "Net Income From Continuing And Discontinued Operation": -9537000.0,
        "Total Expenses": 7994000.0,
        "Total Operating Income As Reported": -8022000.0,
        "Diluted Average Shares": 25388221.0,
        "Basic Average Shares": 25388221.0,
        "Diluted EPS": -0.38,
        "Basic EPS": -0.38,
        "Diluted NI Availto Com Stockholders": -9537000.0,
        "Net Income Common Stockholders": -9537000.0,
        "Otherunder Preferred Stock Dividend": NaN,
        "Net Income": -9537000.0,
        "Net Income Including Noncontrolling Interests": -9537000.0,
        "Net Income Continuous Operations": -9537000.0,
        "Tax Provision": 18000.0,
        "Pretax Income": -9519000.0,
        "Other Income Expense": -6796000.0,
        "Other Non Operating Income Expenses": 4000.0,
        "Special Income Charges": -5419000.0,
        "Impairment Of Capital Assets": 5419000.0,
        "Gain On Sale Of Security": -1381000.0,
        "Net Non Operating Interest Income Expense": -120000.0,
        "Total Other Finance Cost": NaN,
        "Interest Expense Non Operating": 120000.0,
        "Operating Income": -2603000.0,
        "Operating Expense": 2206000.0,
        "Selling General And Administration": 2206000.0,
        "General And Administrative Expense": 2206000.0,
        "Other Gand A": 834000.0,
        "Salaries And Wages": 1372000.0,
        "Gross Profit": -397000.0,
        "Cost Of Revenue": 5788000.0,
        "Total Revenue": 5391000.0,
        "Operating Revenue": 5391000.0
    },
    "2024-06-30": {
        "Tax Effect Of Unusual Items": -226.491405,
        "Tax Rate For Calcs": 0.002022,
        "Normalized EBITDA": 471000.0,
        "Total Unusual Items": -112000.0,
        "Total Unusual Items Excluding Goodwill": -112000.0,
        "Net Income From Continuing Operation Net Minority Interest": -1974000.0,
        "Reconciled Depreciation": 2206000.0,
        "Reconciled Cost Of Revenue": 5671000.0,
        "EBITDA": 359000.0,
        "EBIT": -1847000.0,
        "Net Interest Income": -131000.0,
        "Interest Expense": 131000.0,
        "Normalized Income": -1862226.491405,
        "Net Income From Continuing And Discontinued Operation": -1974000.0,
        "Total Expenses": 7762000.0,
        "Total Operating Income As Reported": -1716000.0,
        "Diluted Average Shares": 25452814.0,
        "Basic Average Shares": 25452814.0,
        "Diluted EPS": -0.08,
        "Basic EPS": -0.08,
        "Diluted NI Availto Com Stockholders": -1974000.0,
        "Net Income Common Stockholders": -1974000.0,
        "Otherunder Preferred Stock Dividend": NaN,
        "Net Income": -1974000.0,
        "Net Income Including Noncontrolling Interests": -1974000.0,
        "Net Income Continuous Operations": -1974000.0,
        "Tax Provision": -4000.0,
        "Pretax Income": -1978000.0,
        "Other Income Expense": -131000.0,
        "Other Non Operating Income Expenses": -19000.0,
        "Special Income Charges": 0.0,
        "Impairment Of Capital Assets": 0.0,
        "Gain On Sale Of Security": -112000.0,
        "Net Non Operating Interest Income Expense": -131000.0,
        "Total Other Finance Cost": NaN,
        "Interest Expense Non Operating": 131000.0,
        "Operating Income": -1716000.0,
        "Operating Expense": 2091000.0,
        "Selling General And Administration": 2091000.0,
        "General And Administrative Expense": 2091000.0,
        "Other Gand A": 714000.0,
        "Salaries And Wages": 1377000.0,
        "Gross Profit": 375000.0,
        "Cost Of Revenue": 5671000.0,
        "Total Revenue": 6046000.0,
        "Operating Revenue": 6046000.0
    }
}