{
    "2023-03-31": {
        "Tax Effect Of Unusual Items": 0.0,
        "Tax Rate For Calcs": 0.233645,
        "Normalized EBITDA": 286000000.0,
        "Total Unusual Items": NaN,
        "Total Unusual Items Excluding Goodwill": NaN,
        "Net Income From Continuing Operation Net Minority Interest": 82000000.0,
        "Reconciled Depreciation": 98000000.0,
        "Reconciled Cost Of Revenue": 7117000000.0,
        "EBIT": 188000000.0,
        "Net Interest Income": -81000000.0,
        "Interest Expense": 81000000.0,
        "Normalized Income": 82000000.0,
        "Net Income From Continuing And Discontinued Operation": 82000000.0,
        "Total Expenses": 8355000000.0,
        "Total Operating Income As Reported": 187000000.0,
        "Diluted Average Shares": 252000000.0,
        "Basic Average Shares": 226000000.0,
        "Diluted EPS": 0.32,
        "Basic EPS": 0.33,
        "Diluted NI Availto Com Stockholders": 75000000.0,
        "Net Income Common Stockholders": 75000000.0,
        "Preferred Stock Dividends": 7000000.0,
        "Net Income": 82000000.0,
        "Net Income Including Noncontrolling Interests": 82000000.0,
        "Net Income Continuous Operations": 82000000.0,
        "Tax Provision": 25000000.0,
        "Pretax Income": 107000000.0,
        "Other Income Expense": 1000000.0,
        "Other Non Operating Income Expenses": 1000000.0,
        "Special Income Charges": NaN,
        "Restructuring And Mergern Acquisition": NaN,
        "Net Non Operating Interest Income Expense": -81000000.0,
        "Interest Expense Non Operating": 81000000.0,
        "Operating Income": 187000000.0,
        "Operating Expense": 1238000000.0,
        "Selling General And Administration": 1238000000.0,
        "Gross Profit": 1425000000.0,
        "Cost Of Revenue": 7117000000.0,
        "Total Revenue": 8542000000.0,
        "Operating Revenue": 8542000000.0
    },
    "2022-12-31": {
        "Tax Effect Of Unusual Items": -3212598.425197,
        "Tax Rate For Calcs": 0.267717,
        "Normalized EBITDA": 214000000.0,
        "Total Unusual Items": -12000000.0,
        "Total Unusual Items Excluding Goodwill": -12000000.0,
        "Net Income From Continuing Operation Net Minority Interest": 93000000.0,
        "Reconciled Depreciation": 99000000.0,
        "Reconciled Cost Of Revenue": 7061000000.0,
        "EBIT": 202000000.0,
        "Net Interest Income": -75000000.0,
        "Interest Expense": 75000000.0,
        "Normalized Income": 101787401.574803,
        "Net Income From Continuing And Discontinued Operation": 93000000.0,
        "Total Expenses": 8307000000.0,
        "Total Operating Income As Reported": 196000000.0,
        "Diluted Average Shares": 226995767.0,
        "Basic Average Shares": 224887647.0,
        "Diluted EPS": 0.37,
        "Basic EPS": 0.37,
        "Diluted NI Availto Com Stockholders": 83000000.0,
        "Net Income Common Stockholders": 83000000.0,
        "Preferred Stock Dividends": 10000000.0,
        "Net Income": 93000000.0,
        "Net Income Including Noncontrolling Interests": 93000000.0,
        "Net Income Continuous Operations": 93000000.0,
        "Tax Provision": 34000000.0,
        "Pretax Income": 127000000.0,
        "Other Income Expense": -6000000.0,
        "Other Non Operating Income Expenses": 6000000.0,
        "Special Income Charges": -12000000.0,
        "Restructuring And Mergern Acquisition": 12000000.0,
        "Net Non Operating Interest Income Expense": -75000000.0,
        "Interest Expense Non Operating": 75000000.0,
        "Operating Income": 208000000.0,
        "Operating Expense": 1246000000.0,
        "Selling General And Administration": 1246000000.0,
        "Gross Profit": 1454000000.0,
        "Cost Of Revenue": 7061000000.0,
        "Total Revenue": 8515000000.0,
        "Operating Revenue": 8515000000.0
    },
    "2022-09-30": {
        "Tax Effect Of Unusual Items": 0.0,
        "Tax Rate For Calcs": 0.29,
        "Normalized EBITDA": 311000000.0,
        "Total Unusual Items": 0.0,
        "Total Unusual Items Excluding Goodwill": 0.0,
        "Net Income From Continuing Operation Net Minority Interest": 109000000.0,
        "Reconciled Depreciation": 92000000.0,
        "Reconciled Cost Of Revenue": 7457000000.0,
        "EBIT": 219000000.0,
        "Net Interest Income": -65000000.0,
        "Interest Expense": 65000000.0,
        "Normalized Income": 109000000.0,
        "Net Income From Continuing And Discontinued Operation": 109000000.0,
        "Total Expenses": 8703000000.0,
        "Total Operating Income As Reported": 214000000.0,
        "Diluted Average Shares": 251000000.0,
        "Basic Average Shares": 225000000.0,
        "Diluted EPS": 0.43,
        "Basic EPS": 0.44,
        "Diluted NI Availto Com Stockholders": 100000000.0,
        "Net Income Common Stockholders": 100000000.0,
        "Preferred Stock Dividends": 9000000.0,
        "Net Income": 109000000.0,
        "Net Income Including Noncontrolling Interests": 109000000.0,
        "Net Income Continuous Operations": 109000000.0,
        "Tax Provision": 45000000.0,
        "Pretax Income": 154000000.0,
        "Other Income Expense": 5000000.0,
        "Other Non Operating Income Expenses": 5000000.0,
        "Special Income Charges": 0.0,
        "Restructuring And Mergern Acquisition": 0.0,
        "Net Non Operating Interest Income Expense": -65000000.0,
        "Interest Expense Non Operating": 65000000.0,
        "Operating Income": 214000000.0,
        "Operating Expense": 1246000000.0,
        "Selling General And Administration": 1246000000.0,
        "Gross Profit": 1460000000.0,
        "Cost Of Revenue": 7457000000.0,
        "Total Revenue": 8917000000.0,
        "Operating Revenue": 8917000000.0
    },
    "2022-06-30": {
        "Tax Effect Of Unusual Items": 0.0,
        "Tax Rate For Calcs": 0.26,
        "Normalized EBITDA": 247000000.0,
        "Total Unusual Items": 0.0,
        "Total Unusual Items Excluding Goodwill": 0.0,
        "Net Income From Continuing Operation Net Minority Interest": 70000000.0,
        "Reconciled Depreciation": 92000000.0,
        "Reconciled Cost Of Revenue": 7444000000.0,
        "EBIT": 155000000.0,
        "Net Interest Income": -60000000.0,
        "Interest Expense": 60000000.0,
        "Normalized Income": 70000000.0,
        "Net Income From Continuing And Discontinued Operation": 70000000.0,
        "Total Expenses": 8677000000.0,
        "Total Operating Income As Reported": 150000000.0,
        "Diluted Average Shares": 226000000.0,
        "Basic Average Shares": 224000000.0,
        "Diluted EPS": 0.27,
        "Basic EPS": 0.27,
        "Diluted NI Availto Com Stockholders": 61000000.0,
        "Net Income Common Stockholders": 61000000.0,
        "Preferred Stock Dividends": 9000000.0,
        "Net Income": 70000000.0,
        "Net Income Including Noncontrolling Interests": 70000000.0,
        "Net Income Continuous Operations": 70000000.0,
        "Tax Provision": 25000000.0,
        "Pretax Income": 95000000.0,
        "Other Income Expense": 5000000.0,
        "Other Non Operating Income Expenses": 5000000.0,
        "Special Income Charges": 0.0,
        "Restructuring And Mergern Acquisition": 0.0,
        "Net Non Operating Interest Income Expense": -60000000.0,
        "Interest Expense Non Operating": 60000000.0,
        "Operating Income": 150000000.0,
        "Operating Expense": 1233000000.0,
        "Selling General And Administration": 1233000000.0,
        "Gross Profit": 1383000000.0,
        "Cost Of Revenue": 7444000000.0,
        "Total Revenue": 8827000000.0,
        "Operating Revenue": 8827000000.0
    },
    "2022-03-31": {
        "Diluted EPS": -0.07,
        "Total Revenue": NaN,
        "Gross Profit": NaN,
        "Operating Income": 34,
        "EBIT": 126,
        "Net Income": -16
    },
    "2021-12-31": {
        "Diluted EPS": 0.28,
        "Total Revenue": NaN,
        "Gross Profit": NaN,
        "Operating Income": 137,
        "EBIT": 234,
        "Net Income": 59
    },
    "2021-09-30": {
        "Diluted EPS": 0.24,
        "Total Revenue": NaN,
        "Gross Profit": NaN,
        "Operating Income": 135,
        "EBIT": 229,
        "Net Income": 55
    },
    "2021-06-30": {
        "Diluted EPS": 0.2,
        "Total Revenue": NaN,
        "Gross Profit": NaN,
        "Operating Income": 124,
        "EBIT": 222,
        "Net Income": 46
    },
    "2021-03-31": {
        "Diluted EPS": -0.18,
        "Total Revenue": NaN,
        "Gross Profit": NaN,
        "Operating Income": 28,
        "EBIT": 132,
        "Net Income": -39
    },
    "2020-12-31": {
        "Diluted EPS": -0.1,
        "Total Revenue": NaN,
        "Gross Profit": NaN,
        "Operating Income": 30,
        "EBIT": 140,
        "Net Income": -23
    },
    "2020-09-30": {
        "Diluted EPS": -0.01,
        "Total Revenue": NaN,
        "Gross Profit": 974,
        "Operating Income": 78,
        "EBIT": 190,
        "Net Income": -2
    },
    "2020-06-30": {
        "Diluted EPS": -0.44,
        "Total Revenue": NaN,
        "Gross Profit": 671,
        "Operating Income": -59,
        "EBIT": 54,
        "Net Income": -97
    },
    "2020-03-31": {
        "Diluted EPS": -0.6,
        "Total Revenue": NaN,
        "Gross Profit": NaN,
        "Operating Income": -126,
        "EBIT": -23,
        "Net Income": -132
    },
    "2019-12-31": {
        "Diluted EPS": 0.42,
        "Total Revenue": NaN,
        "Gross Profit": NaN,
        "Operating Income": 186,
        "EBIT": 292,
        "Net Income": 92
    },
    "2019-09-30": {
        "Diluted EPS": 0.48,
        "Total Revenue": NaN,
        "Gross Profit": NaN,
        "Operating Income": 188,
        "EBIT": 276,
        "Net Income": 106
    },
    "2019-06-30": {
        "Diluted EPS": 0.53,
        "Total Revenue": NaN,
        "Gross Profit": NaN,
        "Operating Income": 194,
        "EBIT": 287,
        "Net Income": 116
    },
    "2019-03-31": {
        "Diluted EPS": 0.32,
        "Total Revenue": NaN,
        "Gross Profit": NaN,
        "Operating Income": 131,
        "EBIT": 213,
        "Net Income": 71
    },
    "2018-12-31": {
        "Diluted EPS": 0.46,
        "Total Revenue": NaN,
        "Gross Profit": NaN,
        "Operating Income": 170,
        "EBIT": 261,
        "Net Income": 100
    },
    "2018-09-30": {
        "Diluted EPS": 0.52,
        "Total Revenue": NaN,
        "Gross Profit": NaN,
        "Operating Income": 179,
        "EBIT": 265,
        "Net Income": 114
    },
    "2018-06-30": {
        "Diluted EPS": 0.58,
        "Total Revenue": NaN,
        "Gross Profit": NaN,
        "Operating Income": 206,
        "EBIT": 294,
        "Net Income": 126
    },
    "2018-03-31": {
        "Diluted EPS": 0.31,
        "Total Revenue": NaN,
        "Gross Profit": 992,
        "Operating Income": 103,
        "EBIT": 185,
        "Net Income": 67
    },
    "2017-12-31": {
        "Diluted EPS": 1.14,
        "Total Revenue": NaN,
        "Gross Profit": NaN,
        "Operating Income": 196,
        "EBIT": 282,
        "Net Income": 256
    },
    "2017-09-30": {
        "Diluted EPS": 0.42,
        "Total Revenue": NaN,
        "Gross Profit": NaN,
        "Operating Income": 189,
        "EBIT": 271,
        "Net Income": 96
    },
    "2017-06-30": {
        "Diluted EPS": 0.29,
        "Total Revenue": NaN,
        "Gross Profit": NaN,
        "Operating Income": 127,
        "EBIT": 234,
        "Net Income": 65
    },
    "2017-03-31": {
        "Diluted EPS": 0.12,
        "Total Revenue": NaN,
        "Gross Profit": 991,
        "Operating Income": 76,
        "EBIT": 185,
        "Net Income": 27
    },
    "2016-12-31": {
        "Diluted EPS": 0.43,
        "Total Revenue": NaN,
        "Gross Profit": NaN,
        "Operating Income": 121,
        "EBIT": 228,
        "Net Income": 77
    },
    "2016-09-30": {
        "Diluted EPS": 0.59,
        "Total Revenue": NaN,
        "Gross Profit": NaN,
        "Operating Income": 115,
        "EBIT": 222,
        "Net Income": 133
    },
    "2016-06-30": {
        "Diluted EPS": -0.07,
        "Total Revenue": NaN,
        "Gross Profit": NaN,
        "Operating Income": 98,
        "EBIT": 205,
        "Net Income": -13
    },
    "2016-03-31": {
        "Diluted EPS": 0.08,
        "Total Revenue": NaN,
        "Gross Profit": 960,
        "Operating Income": 85,
        "EBIT": 189,
        "Net Income": 13
    },
    "2015-12-31": {
        "Diluted EPS": -0.06,
        "Total Revenue": NaN,
        "Gross Profit": NaN,
        "Operating Income": 52,
        "EBIT": 155,
        "Net Income": -10
    },
    "2015-09-30": {
        "Diluted EPS": 0.03,
        "Total Revenue": NaN,
        "Gross Profit": NaN,
        "Operating Income": 73,
        "EBIT": 177,
        "Net Income": 5
    },
    "2015-06-30": {
        "Diluted EPS": 0.97,
        "Total Revenue": NaN,
        "Gross Profit": 993,
        "Operating Income": 22,
        "EBIT": 122,
        "Net Income": 165
    },
    "2015-03-31": {
        "Diluted EPS": 0.04,
        "Total Revenue": NaN,
        "Gross Profit": 929,
        "Operating Income": 42,
        "EBIT": 145,
        "Net Income": 7
    },
    "2014-12-31": {
        "Diluted EPS": 0.0,
        "Total Revenue": NaN,
        "Gross Profit": NaN,
        "Operating Income": NaN,
        "EBIT": NaN,
        "Net Income": NaN
    },
    "2013-12-31": {
        "Diluted EPS": 0.0,
        "Total Revenue": NaN,
        "Gross Profit": NaN,
        "Operating Income": NaN,
        "EBIT": NaN,
        "Net Income": NaN
    },
    "2023-06-30": {
        "Tax Effect Of Unusual Items": 0.0,
        "Tax Rate For Calcs": 0.247934,
        "Normalized EBITDA": 419000000.0,
        "Total Unusual Items": NaN,
        "Total Unusual Items Excluding Goodwill": NaN,
        "Net Income From Continuing Operation Net Minority Interest": 182000000.0,
        "Reconciled Depreciation": 95000000.0,
        "Reconciled Cost Of Revenue": 7422000000.0,
        "EBIT": 324000000.0,
        "Net Interest Income": -82000000.0,
        "Interest Expense": 82000000.0,
        "Normalized Income": 182000000.0,
        "Net Income From Continuing And Discontinued Operation": 182000000.0,
        "Total Expenses": 8691000000.0,
        "Total Operating Income As Reported": 322000000.0,
        "Diluted Average Shares": 251000000.0,
        "Basic Average Shares": 238000000.0,
        "Diluted EPS": 0.73,
        "Basic EPS": 0.76,
        "Diluted NI Availto Com Stockholders": 182000000.0,
        "Net Income Common Stockholders": 182000000.0,
        "Preferred Stock Dividends": NaN,
        "Net Income": 182000000.0,
        "Net Income Including Noncontrolling Interests": 182000000.0,
        "Net Income Continuous Operations": 182000000.0,
        "Tax Provision": 60000000.0,
        "Pretax Income": 242000000.0,
        "Other Income Expense": 2000000.0,
        "Other Non Operating Income Expenses": 2000000.0,
        "Special Income Charges": NaN,
        "Restructuring And Mergern Acquisition": NaN,
        "Net Non Operating Interest Income Expense": -82000000.0,
        "Interest Expense Non Operating": 82000000.0,
        "Operating Income": 322000000.0,
        "Operating Expense": 1269000000.0,
        "Selling General And Administration": 1269000000.0,
        "Gross Profit": 1591000000.0,
        "Cost Of Revenue": 7422000000.0,
        "Total Revenue": 9013000000.0,
        "Operating Revenue": 9013000000.0
    }
}