{
    "2023-03-31": {
        "Tax Effect Of Unusual Items": 0.0,
        "Tax Rate For Calcs": 0.21,
        "Normalized EBITDA": 616950.0,
        "Net Income From Continuing Operation Net Minority Interest": 14833.0,
        "Reconciled Depreciation": 518029.0,
        "Reconciled Cost Of Revenue": 16544429.0,
        "EBITDA": 616950.0,
        "EBIT": 98921.0,
        "Net Interest Income": 92266.0,
        "Interest Expense": 662.0,
        "Interest Income": 92928.0,
        "Normalized Income": 14833.0,
        "Net Income From Continuing And Discontinued Operation": 14833.0,
        "Total Expenses": 21440251.0,
        "Total Operating Income As Reported": 5993.0,
        "Diluted Average Shares": 26508872.0,
        "Basic Average Shares": 20122972.0,
        "Diluted EPS": 0.00056,
        "Basic EPS": 0.000737,
        "Diluted NI Availto Com Stockholders": 14833.0,
        "Net Income Common Stockholders": 14833.0,
        "Net Income": 14833.0,
        "Net Income Including Noncontrolling Interests": 14833.0,
        "Net Income Continuous Operations": 14833.0,
        "Tax Provision": 83426.0,
        "Pretax Income": 98259.0,
        "Other Income Expense": NaN,
        "Other Non Operating Income Expenses": NaN,
        "Net Non Operating Interest Income Expense": 92266.0,
        "Interest Expense Non Operating": 662.0,
        "Interest Income Non Operating": 92928.0,
        "Operating Income": 5993.0,
        "Operating Expense": 4895822.0,
        "Depreciation Amortization Depletion Income Statement": 518029.0,
        "Depreciation And Amortization In Income Statement": 518029.0,
        "Selling General And Administration": 4377793.0,
        "Selling And Marketing Expense": 3873219.0,
        "General And Administrative Expense": 504574.0,
        "Other Gand A": NaN,
        "Salaries And Wages": 504574.0,
        "Gross Profit": 4901815.0,
        "Cost Of Revenue": 16544429.0,
        "Total Revenue": 21446244.0,
        "Operating Revenue": 21446244.0
    },
    "2022-12-31": {
        "Tax Effect Of Unusual Items": 0.0,
        "Tax Rate For Calcs": 0.21,
        "Normalized EBITDA": 491598.0,
        "Net Income From Continuing Operation Net Minority Interest": -150859.0,
        "Reconciled Depreciation": 571650.0,
        "Reconciled Cost Of Revenue": 14015833.0,
        "EBITDA": 491598.0,
        "EBIT": -80052.0,
        "Net Interest Income": 9955.0,
        "Interest Expense": 807.0,
        "Interest Income": 10762.0,
        "Normalized Income": -150859.0,
        "Net Income From Continuing And Discontinued Operation": -150859.0,
        "Total Expenses": 18796310.0,
        "Total Operating Income As Reported": -90814.0,
        "Diluted Average Shares": NaN,
        "Basic Average Shares": NaN,
        "Diluted EPS": NaN,
        "Basic EPS": NaN,
        "Diluted NI Availto Com Stockholders": -150859.0,
        "Net Income Common Stockholders": -150859.0,
        "Net Income": -150859.0,
        "Net Income Including Noncontrolling Interests": -150859.0,
        "Net Income Continuous Operations": -150859.0,
        "Tax Provision": 70000.0,
        "Pretax Income": -80859.0,
        "Other Income Expense": NaN,
        "Other Non Operating Income Expenses": NaN,
        "Net Non Operating Interest Income Expense": 9955.0,
        "Interest Expense Non Operating": 807.0,
        "Interest Income Non Operating": 10762.0,
        "Operating Income": -90814.0,
        "Operating Expense": 4780477.0,
        "Depreciation Amortization Depletion Income Statement": 571650.0,
        "Depreciation And Amortization In Income Statement": 571650.0,
        "Selling General And Administration": 4208827.0,
        "Selling And Marketing Expense": NaN,
        "General And Administrative Expense": 15532153.0,
        "Other Gand A": 3677161.0,
        "Salaries And Wages": 531666.0,
        "Gross Profit": 4689663.0,
        "Cost Of Revenue": 14015833.0,
        "Total Revenue": 18705496.0,
        "Operating Revenue": 18705496.0
    },
    "2022-09-30": {
        "Tax Effect Of Unusual Items": 0.0,
        "Tax Rate For Calcs": 0.4,
        "Normalized EBITDA": -1058228.0,
        "Net Income From Continuing Operation Net Minority Interest": -1769770.0,
        "Reconciled Depreciation": 640599.0,
        "Reconciled Cost Of Revenue": 13261240.0,
        "EBITDA": -1058228.0,
        "EBIT": -1698827.0,
        "Net Interest Income": 1785.0,
        "Interest Expense": 943.0,
        "Interest Income": 2728.0,
        "Normalized Income": -1769770.0,
        "Net Income From Continuing And Discontinued Operation": -1769770.0,
        "Total Expenses": 18097315.0,
        "Total Operating Income As Reported": -1701555.0,
        "Diluted Average Shares": 20371654.0,
        "Basic Average Shares": 20371654.0,
        "Diluted EPS": -0.09,
        "Basic EPS": -0.09,
        "Diluted NI Availto Com Stockholders": -1769770.0,
        "Net Income Common Stockholders": -1769770.0,
        "Net Income": -1769770.0,
        "Net Income Including Noncontrolling Interests": -1769770.0,
        "Net Income Continuous Operations": -1769770.0,
        "Tax Provision": 70000.0,
        "Pretax Income": -1699770.0,
        "Other Income Expense": NaN,
        "Other Non Operating Income Expenses": NaN,
        "Net Non Operating Interest Income Expense": 1785.0,
        "Interest Expense Non Operating": 943.0,
        "Interest Income Non Operating": 2728.0,
        "Operating Income": -1701555.0,
        "Operating Expense": 4836075.0,
        "Depreciation Amortization Depletion Income Statement": 640599.0,
        "Depreciation And Amortization In Income Statement": 640599.0,
        "Selling General And Administration": 4195476.0,
        "Selling And Marketing Expense": 3679484.0,
        "General And Administrative Expense": 4195476.0,
        "Other Gand A": 3679484.0,
        "Salaries And Wages": 515992.0,
        "Gross Profit": 3134520.0,
        "Cost Of Revenue": 13261240.0,
        "Total Revenue": 16395760.0,
        "Operating Revenue": 16395760.0
    },
    "2022-06-30": {
        "Tax Effect Of Unusual Items": 0.0,
        "Tax Rate For Calcs": 0.4,
        "Normalized EBITDA": -1061327.0,
        "Net Income From Continuing Operation Net Minority Interest": -1940345.0,
        "Reconciled Depreciation": 807934.0,
        "Reconciled Cost Of Revenue": 12955782.0,
        "EBITDA": -1061327.0,
        "EBIT": -1869261.0,
        "Net Interest Income": 82.0,
        "Interest Expense": 1084.0,
        "Interest Income": 1166.0,
        "Normalized Income": -1940345.0,
        "Net Income From Continuing And Discontinued Operation": -1940345.0,
        "Total Expenses": 18086113.0,
        "Total Operating Income As Reported": -1870427.0,
        "Diluted Average Shares": 20316572.0,
        "Basic Average Shares": 20316572.0,
        "Diluted EPS": -0.1,
        "Basic EPS": -0.1,
        "Diluted NI Availto Com Stockholders": -1940345.0,
        "Net Income Common Stockholders": -1940345.0,
        "Net Income": -1940345.0,
        "Net Income Including Noncontrolling Interests": -1940345.0,
        "Net Income Continuous Operations": -1940345.0,
        "Tax Provision": 70000.0,
        "Pretax Income": -1870345.0,
        "Net Non Operating Interest Income Expense": 82.0,
        "Interest Expense Non Operating": 1084.0,
        "Interest Income Non Operating": 1166.0,
        "Operating Income": -1870427.0,
        "Operating Expense": 5130331.0,
        "Depreciation Amortization Depletion Income Statement": 807934.0,
        "Depreciation And Amortization In Income Statement": 807934.0,
        "Selling General And Administration": 4322397.0,
        "Selling And Marketing Expense": 3848696.0,
        "General And Administrative Expense": 4322397.0,
        "Other Gand A": 3848696.0,
        "Salaries And Wages": 473701.0,
        "Gross Profit": 3259904.0,
        "Cost Of Revenue": 12955782.0,
        "Total Revenue": 16215686.0,
        "Operating Revenue": 16215686.0
    },
    "2022-03-31": {
        "Diluted EPS": -0.08,
        "Total Revenue": 18,
        "Gross Profit": 4,
        "Operating Income": -2,
        "EBIT": -1,
        "Net Income": -2
    },
    "2021-12-31": {
        "Diluted EPS": 0.0,
        "Total Revenue": 17,
        "Gross Profit": 5,
        "Operating Income": 0,
        "EBIT": 1,
        "Net Income": 0
    },
    "2021-09-30": {
        "Diluted EPS": 0.01,
        "Total Revenue": 16,
        "Gross Profit": 4,
        "Operating Income": 0,
        "EBIT": 1,
        "Net Income": 0
    },
    "2021-06-30": {
        "Diluted EPS": 0.01,
        "Total Revenue": 15,
        "Gross Profit": 4,
        "Operating Income": 0,
        "EBIT": 1,
        "Net Income": 0
    },
    "2021-03-31": {
        "Diluted EPS": -0.04,
        "Total Revenue": 13,
        "Gross Profit": 3,
        "Operating Income": -1,
        "EBIT": 0,
        "Net Income": -1
    },
    "2020-12-31": {
        "Diluted EPS": 0.03,
        "Total Revenue": 9,
        "Gross Profit": 2,
        "Operating Income": -1,
        "EBIT": 0,
        "Net Income": 0
    },
    "2020-09-30": {
        "Diluted EPS": -0.06,
        "Total Revenue": 8,
        "Gross Profit": 2,
        "Operating Income": -1,
        "EBIT": -1,
        "Net Income": -1
    },
    "2020-06-30": {
        "Diluted EPS": -0.1,
        "Total Revenue": 7,
        "Gross Profit": 1,
        "Operating Income": -1,
        "EBIT": -1,
        "Net Income": -1
    },
    "2020-03-31": {
        "Diluted EPS": -0.06,
        "Total Revenue": 8,
        "Gross Profit": 2,
        "Operating Income": -1,
        "EBIT": 0,
        "Net Income": -1
    },
    "2019-12-31": {
        "Diluted EPS": -0.11,
        "Total Revenue": 7,
        "Gross Profit": 1,
        "Operating Income": -1,
        "EBIT": -1,
        "Net Income": -2
    },
    "2019-09-30": {
        "Diluted EPS": -0.09,
        "Total Revenue": 7,
        "Gross Profit": 2,
        "Operating Income": -1,
        "EBIT": -1,
        "Net Income": -1
    },
    "2019-06-30": {
        "Diluted EPS": -0.1,
        "Total Revenue": 7,
        "Gross Profit": 2,
        "Operating Income": -1,
        "EBIT": -1,
        "Net Income": -1
    },
    "2019-03-31": {
        "Diluted EPS": -0.09,
        "Total Revenue": 7,
        "Gross Profit": 1,
        "Operating Income": -1,
        "EBIT": -1,
        "Net Income": -1
    },
    "2018-12-31": {
        "Diluted EPS": -0.06,
        "Total Revenue": 6,
        "Gross Profit": 2,
        "Operating Income": -1,
        "EBIT": 0,
        "Net Income": -1
    },
    "2018-09-30": {
        "Diluted EPS": -0.07,
        "Total Revenue": 6,
        "Gross Profit": 1,
        "Operating Income": -1,
        "EBIT": 0,
        "Net Income": -1
    },
    "2018-06-30": {
        "Diluted EPS": -0.09,
        "Total Revenue": 6,
        "Gross Profit": 1,
        "Operating Income": -1,
        "EBIT": -1,
        "Net Income": -1
    },
    "2018-03-31": {
        "Diluted EPS": -0.09,
        "Total Revenue": 6,
        "Gross Profit": 1,
        "Operating Income": -1,
        "EBIT": -1,
        "Net Income": -1
    },
    "2017-12-31": {
        "Diluted EPS": -0.14,
        "Total Revenue": 6,
        "Gross Profit": 1,
        "Operating Income": -1,
        "EBIT": -1,
        "Net Income": -1
    },
    "2017-09-30": {
        "Diluted EPS": -0.1,
        "Total Revenue": 4,
        "Gross Profit": 1,
        "Operating Income": -1,
        "EBIT": -1,
        "Net Income": -1
    },
    "2017-06-30": {
        "Diluted EPS": -0.06,
        "Total Revenue": 3,
        "Gross Profit": 1,
        "Operating Income": -1,
        "EBIT": 0,
        "Net Income": -1
    },
    "2017-03-31": {
        "Diluted EPS": -0.03,
        "Total Revenue": 3,
        "Gross Profit": 1,
        "Operating Income": 0,
        "EBIT": 0,
        "Net Income": 0
    },
    "2016-12-31": {
        "Diluted EPS": -0.03,
        "Total Revenue": 3,
        "Gross Profit": 1,
        "Operating Income": 0,
        "EBIT": 0,
        "Net Income": 0
    },
    "2016-09-30": {
        "Diluted EPS": -0.07,
        "Total Revenue": 3,
        "Gross Profit": 1,
        "Operating Income": -1,
        "EBIT": 0,
        "Net Income": -1
    },
    "2016-06-30": {
        "Diluted EPS": -0.05,
        "Total Revenue": 3,
        "Gross Profit": 1,
        "Operating Income": 0,
        "EBIT": 0,
        "Net Income": 0
    },
    "2016-03-31": {
        "Diluted EPS": 0.0,
        "Total Revenue": 3,
        "Gross Profit": 1,
        "Operating Income": 0,
        "EBIT": 0,
        "Net Income": 0
    },
    "2015-12-31": {
        "Diluted EPS": 0.01,
        "Total Revenue": 4,
        "Gross Profit": 1,
        "Operating Income": 0,
        "EBIT": 0,
        "Net Income": 0
    },
    "2015-09-30": {
        "Diluted EPS": 0.01,
        "Total Revenue": 4,
        "Gross Profit": 1,
        "Operating Income": 0,
        "EBIT": 0,
        "Net Income": 0
    },
    "2015-06-30": {
        "Diluted EPS": 0.0,
        "Total Revenue": 3,
        "Gross Profit": 1,
        "Operating Income": 0,
        "EBIT": 0,
        "Net Income": 0
    },
    "2015-03-31": {
        "Diluted EPS": 0.06,
        "Total Revenue": 4,
        "Gross Profit": 1,
        "Operating Income": 1,
        "EBIT": 1,
        "Net Income": 1
    },
    "2014-12-31": {
        "Diluted EPS": 0.28,
        "Total Revenue": 4,
        "Gross Profit": 1,
        "Operating Income": 1,
        "EBIT": 1,
        "Net Income": 3
    },
    "2014-09-30": {
        "Diluted EPS": 0.08,
        "Total Revenue": 4,
        "Gross Profit": 1,
        "Operating Income": 1,
        "EBIT": 1,
        "Net Income": 1
    },
    "2014-06-30": {
        "Diluted EPS": 0.05,
        "Total Revenue": 3,
        "Gross Profit": 1,
        "Operating Income": 0,
        "EBIT": 0,
        "Net Income": 0
    },
    "2014-03-31": {
        "Diluted EPS": 0.0,
        "Total Revenue": 3,
        "Gross Profit": 1,
        "Operating Income": 0,
        "EBIT": 0,
        "Net Income": 0
    },
    "2013-12-31": {
        "Diluted EPS": 0.0,
        "Total Revenue": 2,
        "Gross Profit": 0,
        "Operating Income": 0,
        "EBIT": 0,
        "Net Income": 0
    },
    "2013-09-30": {
        "Diluted EPS": 0.0,
        "Total Revenue": 1,
        "Gross Profit": 0,
        "Operating Income": 0,
        "EBIT": 0,
        "Net Income": 0
    },
    "2013-06-30": {
        "Diluted EPS": 0.0,
        "Total Revenue": 1,
        "Gross Profit": 0,
        "Operating Income": 0,
        "EBIT": 0,
        "Net Income": 0
    },
    "2013-03-31": {
        "Diluted EPS": 0.0,
        "Total Revenue": 1,
        "Gross Profit": 0,
        "Operating Income": 0,
        "EBIT": 0,
        "Net Income": 0
    },
    "2012-12-31": {
        "Diluted EPS": 0.0,
        "Total Revenue": 2,
        "Gross Profit": 1,
        "Operating Income": 1,
        "EBIT": 1,
        "Net Income": 0
    },
    "2012-09-30": {
        "Diluted EPS": 0.0,
        "Total Revenue": 2,
        "Gross Profit": 1,
        "Operating Income": 1,
        "EBIT": 1,
        "Net Income": 1
    },
    "2012-06-30": {
        "Diluted EPS": 0.0,
        "Total Revenue": 1,
        "Gross Profit": 1,
        "Operating Income": 0,
        "EBIT": 0,
        "Net Income": 0
    },
    "2012-03-31": {
        "Diluted EPS": 0.0,
        "Total Revenue": 1,
        "Gross Profit": 1,
        "Operating Income": 0,
        "EBIT": 0,
        "Net Income": 0
    },
    "2011-12-31": {
        "Diluted EPS": 0.0,
        "Total Revenue": 2,
        "Gross Profit": 1,
        "Operating Income": 0,
        "EBIT": 0,
        "Net Income": 0
    },
    "2011-09-30": {
        "Diluted EPS": 0.0,
        "Total Revenue": 1,
        "Gross Profit": 1,
        "Operating Income": 0,
        "EBIT": 0,
        "Net Income": 0
    },
    "2011-06-30": {
        "Diluted EPS": 0.0,
        "Total Revenue": 1,
        "Gross Profit": 0,
        "Operating Income": 0,
        "EBIT": 0,
        "Net Income": 0
    },
    "2011-03-31": {
        "Diluted EPS": 0.0,
        "Total Revenue": 1,
        "Gross Profit": 0,
        "Operating Income": 0,
        "EBIT": 0,
        "Net Income": 0
    },
    "2010-12-31": {
        "Diluted EPS": 0.0,
        "Total Revenue": 1,
        "Gross Profit": 0,
        "Operating Income": 0,
        "EBIT": 0,
        "Net Income": 0
    },
    "2010-09-30": {
        "Diluted EPS": 0.0,
        "Total Revenue": 1,
        "Gross Profit": 0,
        "Operating Income": 0,
        "EBIT": 0,
        "Net Income": 0
    },
    "2010-06-30": {
        "Diluted EPS": 0.0,
        "Total Revenue": 1,
        "Gross Profit": 0,
        "Operating Income": 0,
        "EBIT": 0,
        "Net Income": 0
    },
    "2010-03-31": {
        "Diluted EPS": 0.0,
        "Total Revenue": 1,
        "Gross Profit": 0,
        "Operating Income": 0,
        "EBIT": 0,
        "Net Income": 0
    },
    "2009-12-31": {
        "Diluted EPS": 0.0,
        "Total Revenue": 1,
        "Gross Profit": 0,
        "Operating Income": 0,
        "EBIT": 0,
        "Net Income": 0
    },
    "2009-09-30": {
        "Diluted EPS": 0.0,
        "Total Revenue": 1,
        "Gross Profit": 0,
        "Operating Income": 0,
        "EBIT": 0,
        "Net Income": 0
    },
    "2009-06-30": {
        "Diluted EPS": 0.0,
        "Total Revenue": 1,
        "Gross Profit": 0,
        "Operating Income": 0,
        "EBIT": 0,
        "Net Income": 0
    },
    "2009-03-31": {
        "Diluted EPS": 0.0,
        "Total Revenue": 1,
        "Gross Profit": 0,
        "Operating Income": 0,
        "EBIT": 0,
        "Net Income": 0
    },
    "2023-06-30": {
        "Tax Effect Of Unusual Items": 0.0,
        "Tax Rate For Calcs": 0.252055,
        "Normalized EBITDA": 797671.0,
        "Net Income From Continuing Operation Net Minority Interest": 205041.0,
        "Reconciled Depreciation": 522999.0,
        "Reconciled Cost Of Revenue": 16250988.0,
        "EBITDA": 797671.0,
        "EBIT": 274672.0,
        "Net Interest Income": 218311.0,
        "Interest Expense": 533.0,
        "Interest Income": 218844.0,
        "Normalized Income": 205041.0,
        "Net Income From Continuing And Discontinued Operation": 205041.0,
        "Total Expenses": 21205878.0,
        "Total Operating Income As Reported": 55828.0,
        "Diluted Average Shares": 26413329.0,
        "Basic Average Shares": 20128429.0,
        "Diluted EPS": 0.01,
        "Basic EPS": 0.01,
        "Diluted NI Availto Com Stockholders": 205041.0,
        "Net Income Common Stockholders": 205041.0,
        "Net Income": 205041.0,
        "Net Income Including Noncontrolling Interests": 205041.0,
        "Net Income Continuous Operations": 205041.0,
        "Tax Provision": 69098.0,
        "Pretax Income": 274139.0,
        "Other Income Expense": NaN,
        "Other Non Operating Income Expenses": NaN,
        "Net Non Operating Interest Income Expense": 218311.0,
        "Interest Expense Non Operating": 533.0,
        "Interest Income Non Operating": 218844.0,
        "Operating Income": 55828.0,
        "Operating Expense": 4954890.0,
        "Depreciation Amortization Depletion Income Statement": 522999.0,
        "Depreciation And Amortization In Income Statement": 522999.0,
        "Selling General And Administration": 4431891.0,
        "Selling And Marketing Expense": NaN,
        "General And Administrative Expense": 4431891.0,
        "Other Gand A": 3854022.0,
        "Salaries And Wages": 577869.0,
        "Gross Profit": 5010718.0,
        "Cost Of Revenue": 16250988.0,
        "Total Revenue": 21261706.0,
        "Operating Revenue": 21261706.0
    },
    "2023-09-30": {
        "Tax Effect Of Unusual Items": 0.0,
        "Tax Rate For Calcs": 0.21,
        "Normalized EBITDA": -131947.0,
        "Net Income From Continuing Operation Net Minority Interest": -720913.0,
        "Reconciled Depreciation": 518573.0,
        "Reconciled Cost Of Revenue": 16325793.0,
        "EBITDA": -131947.0,
        "EBIT": -650520.0,
        "Net Interest Income": 511696.0,
        "Interest Expense": 393.0,
        "Interest Income": 512089.0,
        "Normalized Income": -720913.0,
        "Net Income From Continuing And Discontinued Operation": -720913.0,
        "Total Expenses": 21733050.0,
        "Total Operating Income As Reported": -1212609.0,
        "Diluted Average Shares": 20098244.0,
        "Basic Average Shares": 20098244.0,
        "Diluted EPS": -0.04,
        "Basic EPS": -0.04,
        "Diluted NI Availto Com Stockholders": -720913.0,
        "Net Income Common Stockholders": -720913.0,
        "Net Income": -720913.0,
        "Net Income Including Noncontrolling Interests": -720913.0,
        "Net Income Continuous Operations": -720913.0,
        "Tax Provision": 70000.0,
        "Pretax Income": -650913.0,
        "Other Income Expense": 50000.0,
        "Other Non Operating Income Expenses": 50000.0,
        "Net Non Operating Interest Income Expense": 511696.0,
        "Interest Expense Non Operating": 393.0,
        "Interest Income Non Operating": 512089.0,
        "Operating Income": -1212609.0,
        "Operating Expense": 5407257.0,
        "Depreciation Amortization Depletion Income Statement": 518573.0,
        "Depreciation And Amortization In Income Statement": 518573.0,
        "Selling General And Administration": 4888684.0,
        "Selling And Marketing Expense": 4293869.0,
        "General And Administrative Expense": 594815.0,
        "Other Gand A": NaN,
        "Salaries And Wages": 594815.0,
        "Gross Profit": 4194648.0,
        "Cost Of Revenue": 16325793.0,
        "Total Revenue": 20520441.0,
        "Operating Revenue": 20520441.0
    },
    "2023-12-31": {
        "Tax Effect Of Unusual Items": 0.0,
        "Tax Rate For Calcs": 0.21,
        "Normalized EBITDA": 621481.0,
        "Net Income From Continuing Operation Net Minority Interest": 25935.0,
        "Reconciled Depreciation": 521932.0,
        "Reconciled Cost Of Revenue": 14871207.0,
        "EBITDA": 621481.0,
        "EBIT": 99549.0,
        "Net Interest Income": 867647.0,
        "Interest Expense": 3614.0,
        "Interest Income": 871261.0,
        "Normalized Income": 25935.0,
        "Net Income From Continuing And Discontinued Operation": 25935.0,
        "Total Expenses": 20134430.0,
        "Total Operating Income As Reported": -771712.0,
        "Diluted Average Shares": NaN,
        "Basic Average Shares": NaN,
        "Diluted EPS": NaN,
        "Basic EPS": NaN,
        "Diluted NI Availto Com Stockholders": 25935.0,
        "Net Income Common Stockholders": 25935.0,
        "Net Income": 25935.0,
        "Net Income Including Noncontrolling Interests": 25935.0,
        "Net Income Continuous Operations": 25935.0,
        "Tax Provision": 70000.0,
        "Pretax Income": 95935.0,
        "Other Income Expense": 0.0,
        "Other Non Operating Income Expenses": 0.0,
        "Net Non Operating Interest Income Expense": 867647.0,
        "Interest Expense Non Operating": 3614.0,
        "Interest Income Non Operating": 871261.0,
        "Operating Income": -771712.0,
        "Operating Expense": 5263223.0,
        "Depreciation Amortization Depletion Income Statement": 521932.0,
        "Depreciation And Amortization In Income Statement": 521932.0,
        "Selling General And Administration": 4741291.0,
        "Selling And Marketing Expense": NaN,
        "General And Administrative Expense": 16762401.0,
        "Other Gand A": NaN,
        "Salaries And Wages": 545711.0,
        "Gross Profit": 4491511.0,
        "Cost Of Revenue": 14871207.0,
        "Total Revenue": 19362718.0,
        "Operating Revenue": 19362718.0
    }
}