{
    "2024-03-31": {
        "Tax Effect Of Unusual Items": 0.0,
        "Tax Rate For Calcs": 0.0,
        "Normalized EBITDA": 2639000.0,
        "Total Unusual Items": 50000.0,
        "Total Unusual Items Excluding Goodwill": 50000.0,
        "Net Income From Continuing Operation Net Minority Interest": 3639000.0,
        "Reconciled Depreciation": 668000.0,
        "Reconciled Cost Of Revenue": 11052000.0,
        "EBITDA": 2689000.0,
        "EBIT": 2021000.0,
        "Net Interest Income": 1567000.0,
        "Interest Income": 1567000.0,
        "Normalized Income": 3589000.0,
        "Net Income From Continuing And Discontinued Operation": 3639000.0,
        "Total Expenses": 23405000.0,
        "Total Operating Income As Reported": 2021000.0,
        "Diluted Average Shares": 164632777.0,
        "Basic Average Shares": 163414293.0,
        "Diluted EPS": 0.02,
        "Basic EPS": 0.02,
        "Diluted NI Availto Com Stockholders": 3639000.0,
        "Net Income Common Stockholders": 3639000.0,
        "Net Income": 3639000.0,
        "Minority Interests": 1000.0,
        "Net Income Including Noncontrolling Interests": 3638000.0,
        "Net Income Continuous Operations": 3638000.0,
        "Pretax Income": 3638000.0,
        "Other Income Expense": 50000.0,
        "Other Non Operating Income Expenses": NaN,
        "Special Income Charges": 0.0,
        "Gain On Sale Of Ppe": 0.0,
        "Restructuring And Mergern Acquisition": NaN,
        "Gain On Sale Of Security": 50000.0,
        "Net Non Operating Interest Income Expense": 1567000.0,
        "Interest Income Non Operating": 1567000.0,
        "Operating Income": 2021000.0,
        "Operating Expense": 12353000.0,
        "Other Operating Expenses": 4414000.0,
        "Selling General And Administration": 7939000.0,
        "General And Administrative Expense": 7939000.0,
        "Other Gand A": 6594000.0,
        "Salaries And Wages": 1345000.0,
        "Gross Profit": 14374000.0,
        "Cost Of Revenue": 11052000.0,
        "Total Revenue": 25426000.0,
        "Operating Revenue": 25426000.0
    },
    "2023-12-31": {
        "Tax Effect Of Unusual Items": 0.0,
        "Tax Rate For Calcs": 0.0,
        "Normalized EBITDA": -12830000.0,
        "Total Unusual Items": -799000.0,
        "Total Unusual Items Excluding Goodwill": -799000.0,
        "Net Income From Continuing Operation Net Minority Interest": -20106000.0,
        "Reconciled Depreciation": 727000.0,
        "Reconciled Cost Of Revenue": 0.0,
        "EBITDA": -13629000.0,
        "EBIT": -14356000.0,
        "Net Interest Income": 2491000.0,
        "Interest Income": 2491000.0,
        "Normalized Income": -19307000.0,
        "Net Income From Continuing And Discontinued Operation": -20106000.0,
        "Total Expenses": 14821000.0,
        "Total Operating Income As Reported": -14356000.0,
        "Diluted Average Shares": NaN,
        "Basic Average Shares": NaN,
        "Diluted EPS": NaN,
        "Basic EPS": NaN,
        "Diluted NI Availto Com Stockholders": -20106000.0,
        "Net Income Common Stockholders": -20106000.0,
        "Net Income": -20106000.0,
        "Minority Interests": -13000.0,
        "Net Income Including Noncontrolling Interests": -20093000.0,
        "Net Income Continuous Operations": -20093000.0,
        "Pretax Income": -19817000.0,
        "Other Income Expense": -7952000.0,
        "Other Non Operating Income Expenses": NaN,
        "Special Income Charges": 0.0,
        "Gain On Sale Of Ppe": 0.0,
        "Restructuring And Mergern Acquisition": NaN,
        "Gain On Sale Of Security": -799000.0,
        "Net Non Operating Interest Income Expense": 2491000.0,
        "Interest Income Non Operating": 2491000.0,
        "Operating Income": -14356000.0,
        "Operating Expense": 14821000.0,
        "Other Operating Expenses": 7690000.0,
        "Selling General And Administration": 7131000.0,
        "General And Administrative Expense": NaN,
        "Other Gand A": NaN,
        "Salaries And Wages": NaN,
        "Gross Profit": 465000.0,
        "Cost Of Revenue": 0.0,
        "Total Revenue": 465000.0,
        "Operating Revenue": 465000.0
    },
    "2023-09-30": {
        "Tax Effect Of Unusual Items": 2046660.0,
        "Tax Rate For Calcs": 0.21,
        "Normalized EBITDA": -15985000.0,
        "Total Unusual Items": 9746000.0,
        "Total Unusual Items Excluding Goodwill": 9746000.0,
        "Net Income From Continuing Operation Net Minority Interest": 10563000.0,
        "Reconciled Depreciation": 705000.0,
        "Reconciled Cost Of Revenue": 5548000.0,
        "EBITDA": -6239000.0,
        "EBIT": -6944000.0,
        "Net Interest Income": 444000.0,
        "Interest Income": 444000.0,
        "Normalized Income": 2863660.0,
        "Net Income From Continuing And Discontinued Operation": 10563000.0,
        "Total Expenses": 17931000.0,
        "Total Operating Income As Reported": -6944000.0,
        "Diluted Average Shares": 159784715.0,
        "Basic Average Shares": 158616883.0,
        "Diluted EPS": 0.07,
        "Basic EPS": 0.07,
        "Diluted NI Availto Com Stockholders": 10563000.0,
        "Net Income Common Stockholders": 10563000.0,
        "Net Income": 10563000.0,
        "Minority Interests": 94000.0,
        "Net Income Including Noncontrolling Interests": 10469000.0,
        "Net Income Continuous Operations": 10469000.0,
        "Pretax Income": 10469000.0,
        "Other Income Expense": 16969000.0,
        "Other Non Operating Income Expenses": 7223000.0,
        "Special Income Charges": 0.0,
        "Gain On Sale Of Ppe": 0.0,
        "Restructuring And Mergern Acquisition": 0.0,
        "Gain On Sale Of Security": 9746000.0,
        "Net Non Operating Interest Income Expense": 444000.0,
        "Interest Income Non Operating": 444000.0,
        "Operating Income": -6944000.0,
        "Operating Expense": 12383000.0,
        "Other Operating Expenses": 5079000.0,
        "Selling General And Administration": 7304000.0,
        "General And Administrative Expense": 7304000.0,
        "Other Gand A": 6011000.0,
        "Salaries And Wages": 1293000.0,
        "Gross Profit": 5439000.0,
        "Cost Of Revenue": 5548000.0,
        "Total Revenue": 10987000.0,
        "Operating Revenue": 10987000.0
    },
    "2023-06-30": {
        "Tax Effect Of Unusual Items": NaN,
        "Tax Rate For Calcs": NaN,
        "Normalized EBITDA": NaN,
        "Total Unusual Items": NaN,
        "Total Unusual Items Excluding Goodwill": NaN,
        "Net Income From Continuing Operation Net Minority Interest": NaN,
        "Reconciled Depreciation": NaN,
        "Reconciled Cost Of Revenue": NaN,
        "EBITDA": NaN,
        "EBIT": NaN,
        "Net Interest Income": NaN,
        "Interest Income": NaN,
        "Normalized Income": NaN,
        "Net Income From Continuing And Discontinued Operation": NaN,
        "Total Expenses": NaN,
        "Total Operating Income As Reported": NaN,
        "Diluted Average Shares": 158137420.0,
        "Basic Average Shares": 158137420.0,
        "Diluted EPS": -0.03,
        "Basic EPS": -0.03,
        "Diluted NI Availto Com Stockholders": NaN,
        "Net Income Common Stockholders": NaN,
        "Net Income": NaN,
        "Minority Interests": NaN,
        "Net Income Including Noncontrolling Interests": NaN,
        "Net Income Continuous Operations": NaN,
        "Pretax Income": NaN,
        "Other Income Expense": NaN,
        "Other Non Operating Income Expenses": NaN,
        "Special Income Charges": NaN,
        "Gain On Sale Of Ppe": NaN,
        "Restructuring And Mergern Acquisition": 0.0,
        "Gain On Sale Of Security": NaN,
        "Net Non Operating Interest Income Expense": NaN,
        "Interest Income Non Operating": NaN,
        "Operating Income": NaN,
        "Operating Expense": NaN,
        "Other Operating Expenses": NaN,
        "Selling General And Administration": NaN,
        "General And Administrative Expense": NaN,
        "Other Gand A": NaN,
        "Salaries And Wages": NaN,
        "Gross Profit": NaN,
        "Cost Of Revenue": NaN,
        "Total Revenue": NaN,
        "Operating Revenue": NaN
    },
    "2023-03-31": {
        "Tax Effect Of Unusual Items": NaN,
        "Tax Rate For Calcs": NaN,
        "Normalized EBITDA": NaN,
        "Total Unusual Items": NaN,
        "Total Unusual Items Excluding Goodwill": NaN,
        "Net Income From Continuing Operation Net Minority Interest": NaN,
        "Reconciled Depreciation": NaN,
        "Reconciled Cost Of Revenue": NaN,
        "EBITDA": NaN,
        "EBIT": NaN,
        "Net Interest Income": NaN,
        "Interest Income": NaN,
        "Normalized Income": NaN,
        "Net Income From Continuing And Discontinued Operation": NaN,
        "Total Expenses": NaN,
        "Total Operating Income As Reported": NaN,
        "Diluted Average Shares": NaN,
        "Basic Average Shares": NaN,
        "Diluted EPS": NaN,
        "Basic EPS": NaN,
        "Diluted NI Availto Com Stockholders": NaN,
        "Net Income Common Stockholders": NaN,
        "Net Income": NaN,
        "Minority Interests": NaN,
        "Net Income Including Noncontrolling Interests": NaN,
        "Net Income Continuous Operations": NaN,
        "Pretax Income": NaN,
        "Other Income Expense": NaN,
        "Other Non Operating Income Expenses": 325000.0,
        "Special Income Charges": NaN,
        "Gain On Sale Of Ppe": NaN,
        "Restructuring And Mergern Acquisition": NaN,
        "Gain On Sale Of Security": NaN,
        "Net Non Operating Interest Income Expense": NaN,
        "Interest Income Non Operating": NaN,
        "Operating Income": NaN,
        "Operating Expense": NaN,
        "Other Operating Expenses": NaN,
        "Selling General And Administration": NaN,
        "General And Administrative Expense": 6023000.0,
        "Other Gand A": 4837000.0,
        "Salaries And Wages": 1186000.0,
        "Gross Profit": NaN,
        "Cost Of Revenue": NaN,
        "Total Revenue": NaN,
        "Operating Revenue": NaN
    },
    "2022-12-31": {
        "Tax Effect Of Unusual Items": NaN,
        "Tax Rate For Calcs": NaN,
        "Normalized EBITDA": NaN,
        "Total Unusual Items": NaN,
        "Total Unusual Items Excluding Goodwill": NaN,
        "Net Income From Continuing Operation Net Minority Interest": NaN,
        "Reconciled Depreciation": NaN,
        "Reconciled Cost Of Revenue": NaN,
        "EBITDA": NaN,
        "EBIT": NaN,
        "Net Interest Income": NaN,
        "Interest Income": NaN,
        "Normalized Income": NaN,
        "Net Income From Continuing And Discontinued Operation": NaN,
        "Total Expenses": NaN,
        "Total Operating Income As Reported": NaN,
        "Diluted Average Shares": NaN,
        "Basic Average Shares": NaN,
        "Diluted EPS": NaN,
        "Basic EPS": NaN,
        "Diluted NI Availto Com Stockholders": NaN,
        "Net Income Common Stockholders": NaN,
        "Net Income": NaN,
        "Minority Interests": NaN,
        "Net Income Including Noncontrolling Interests": NaN,
        "Net Income Continuous Operations": NaN,
        "Pretax Income": NaN,
        "Other Income Expense": NaN,
        "Other Non Operating Income Expenses": -425000.0,
        "Special Income Charges": NaN,
        "Gain On Sale Of Ppe": NaN,
        "Restructuring And Mergern Acquisition": NaN,
        "Gain On Sale Of Security": NaN,
        "Net Non Operating Interest Income Expense": NaN,
        "Interest Income Non Operating": NaN,
        "Operating Income": NaN,
        "Operating Expense": NaN,
        "Other Operating Expenses": NaN,
        "Selling General And Administration": NaN,
        "General And Administrative Expense": NaN,
        "Other Gand A": NaN,
        "Salaries And Wages": NaN,
        "Gross Profit": NaN,
        "Cost Of Revenue": NaN,
        "Total Revenue": NaN,
        "Operating Revenue": NaN
    },
    "2022-09-30": {
        "Tax Effect Of Unusual Items": NaN,
        "Tax Rate For Calcs": NaN,
        "Normalized EBITDA": NaN,
        "Total Unusual Items": NaN,
        "Total Unusual Items Excluding Goodwill": NaN,
        "Net Income From Continuing Operation Net Minority Interest": NaN,
        "Reconciled Depreciation": NaN,
        "Reconciled Cost Of Revenue": NaN,
        "EBITDA": NaN,
        "EBIT": NaN,
        "Net Interest Income": NaN,
        "Interest Income": NaN,
        "Normalized Income": NaN,
        "Net Income From Continuing And Discontinued Operation": NaN,
        "Total Expenses": NaN,
        "Total Operating Income As Reported": NaN,
        "Diluted Average Shares": 157590318.0,
        "Basic Average Shares": 157590318.0,
        "Diluted EPS": -0.06,
        "Basic EPS": -0.06,
        "Diluted NI Availto Com Stockholders": NaN,
        "Net Income Common Stockholders": NaN,
        "Net Income": NaN,
        "Minority Interests": NaN,
        "Net Income Including Noncontrolling Interests": NaN,
        "Net Income Continuous Operations": NaN,
        "Pretax Income": NaN,
        "Other Income Expense": NaN,
        "Other Non Operating Income Expenses": 60000.0,
        "Special Income Charges": NaN,
        "Gain On Sale Of Ppe": NaN,
        "Gain On Sale Of Security": NaN,
        "Net Non Operating Interest Income Expense": NaN,
        "Interest Income Non Operating": NaN,
        "Operating Income": NaN,
        "Operating Expense": NaN,
        "Other Operating Expenses": NaN,
        "Selling General And Administration": NaN,
        "General And Administrative Expense": 7075000.0,
        "Other Gand A": 5793000.0,
        "Salaries And Wages": 1282000.0,
        "Gross Profit": NaN,
        "Cost Of Revenue": NaN,
        "Total Revenue": NaN,
        "Operating Revenue": NaN
    },
    "2024-06-30": {
        "Tax Effect Of Unusual Items": 0.0,
        "Tax Rate For Calcs": 0.0,
        "Normalized EBITDA": -4227000.0,
        "Total Unusual Items": -1091000.0,
        "Total Unusual Items Excluding Goodwill": -1091000.0,
        "Net Income From Continuing Operation Net Minority Interest": -6418000.0,
        "Reconciled Depreciation": 1190000.0,
        "Reconciled Cost Of Revenue": 3681000.0,
        "EBITDA": -5318000.0,
        "EBIT": -6508000.0,
        "Net Interest Income": 1180000.0,
        "Interest Income": 1180000.0,
        "Normalized Income": -5327000.0,
        "Net Income From Continuing And Discontinued Operation": -6418000.0,
        "Total Expenses": 15227000.0,
        "Total Operating Income As Reported": -9044000.0,
        "Diluted Average Shares": 163655888.0,
        "Basic Average Shares": 163655888.0,
        "Diluted EPS": -0.04,
        "Basic EPS": -0.04,
        "Diluted NI Availto Com Stockholders": -6418000.0,
        "Net Income Common Stockholders": -6418000.0,
        "Net Income": -6418000.0,
        "Minority Interests": 1000.0,
        "Net Income Including Noncontrolling Interests": -6419000.0,
        "Net Income Continuous Operations": -6419000.0,
        "Pretax Income": -6419000.0,
        "Other Income Expense": -1091000.0,
        "Other Non Operating Income Expenses": NaN,
        "Special Income Charges": -2534000.0,
        "Gain On Sale Of Ppe": 2000.0,
        "Restructuring And Mergern Acquisition": 2536000.0,
        "Gain On Sale Of Security": 1443000.0,
        "Net Non Operating Interest Income Expense": 1180000.0,
        "Interest Income Non Operating": 1180000.0,
        "Operating Income": -6508000.0,
        "Operating Expense": 11546000.0,
        "Other Operating Expenses": 4463000.0,
        "Selling General And Administration": 7083000.0,
        "General And Administrative Expense": NaN,
        "Other Gand A": NaN,
        "Salaries And Wages": NaN,
        "Gross Profit": 5038000.0,
        "Cost Of Revenue": 3681000.0,
        "Total Revenue": 8719000.0,
        "Operating Revenue": 8719000.0
    },
    "2024-09-30": {
        "Tax Effect Of Unusual Items": 0.0,
        "Tax Rate For Calcs": 0.0,
        "Normalized EBITDA": -7391000.0,
        "Total Unusual Items": -2919000.0,
        "Total Unusual Items Excluding Goodwill": -2919000.0,
        "Net Income From Continuing Operation Net Minority Interest": -12060000.0,
        "Reconciled Depreciation": 141000.0,
        "Reconciled Cost Of Revenue": 1847000.0,
        "EBITDA": -10310000.0,
        "EBIT": -10451000.0,
        "Net Interest Income": 1291000.0,
        "Interest Income": 1291000.0,
        "Normalized Income": -9141000.0,
        "Net Income From Continuing And Discontinued Operation": -12060000.0,
        "Total Expenses": 14498000.0,
        "Total Operating Income As Reported": -11913000.0,
        "Diluted Average Shares": 163882537.0,
        "Basic Average Shares": 163882537.0,
        "Diluted EPS": -0.07,
        "Basic EPS": -0.07,
        "Diluted NI Availto Com Stockholders": -12060000.0,
        "Net Income Common Stockholders": -12060000.0,
        "Net Income": -12060000.0,
        "Minority Interests": 19000.0,
        "Net Income Including Noncontrolling Interests": -12079000.0,
        "Net Income Continuous Operations": -12079000.0,
        "Pretax Income": -12079000.0,
        "Other Income Expense": -2919000.0,
        "Other Non Operating Income Expenses": NaN,
        "Special Income Charges": -1454000.0,
        "Gain On Sale Of Ppe": 8000.0,
        "Restructuring And Mergern Acquisition": 1462000.0,
        "Gain On Sale Of Security": -1465000.0,
        "Net Non Operating Interest Income Expense": 1291000.0,
        "Interest Income Non Operating": 1291000.0,
        "Operating Income": -10451000.0,
        "Operating Expense": 12651000.0,
        "Other Operating Expenses": 5591000.0,
        "Selling General And Administration": 7060000.0,
        "General And Administrative Expense": NaN,
        "Other Gand A": NaN,
        "Salaries And Wages": NaN,
        "Gross Profit": 2200000.0,
        "Cost Of Revenue": 1847000.0,
        "Total Revenue": 4047000.0,
        "Operating Revenue": 4047000.0
    }
}