{
    "2023-06-30": {
        "Tax Effect Of Unusual Items": NaN,
        "Tax Rate For Calcs": NaN,
        "Total Unusual Items": NaN,
        "Total Unusual Items Excluding Goodwill": NaN,
        "Net Income From Continuing Operation Net Minority Interest": NaN,
        "Reconciled Depreciation": NaN,
        "Net Interest Income": NaN,
        "Interest Expense": NaN,
        "Interest Income": NaN,
        "Normalized Income": NaN,
        "Net Income From Continuing And Discontinued Operation": NaN,
        "Diluted Average Shares": NaN,
        "Basic Average Shares": NaN,
        "Diluted EPS": NaN,
        "Basic EPS": NaN,
        "Diluted NI Availto Com Stockholders": NaN,
        "Average Dilution Earnings": NaN,
        "Net Income Common Stockholders": NaN,
        "Net Income": NaN,
        "Net Income Including Noncontrolling Interests": NaN,
        "Net Income Continuous Operations": NaN,
        "Tax Provision": NaN,
        "Pretax Income": NaN,
        "Special Income Charges": 0.0,
        "Gain On Sale Of Security": NaN,
        "Depreciation Amortization Depletion Income Statement": NaN,
        "Depreciation And Amortization In Income Statement": NaN,
        "Amortization": NaN,
        "Amortization Of Intangibles Income Statement": NaN,
        "Selling General And Administration": NaN,
        "Selling And Marketing Expense": NaN,
        "General And Administrative Expense": NaN,
        "Insurance And Claims": NaN,
        "Salaries And Wages": NaN,
        "Total Revenue": NaN,
        "Operating Revenue": NaN,
        "Occupancy And Equipment": NaN,
        "Professional Expense And Contract Services Expense": NaN,
        "Other Non Interest Expense": NaN
    },
    "2023-03-31": {
        "Tax Effect Of Unusual Items": NaN,
        "Tax Rate For Calcs": NaN,
        "Total Unusual Items": NaN,
        "Total Unusual Items Excluding Goodwill": NaN,
        "Net Income From Continuing Operation Net Minority Interest": NaN,
        "Reconciled Depreciation": NaN,
        "Net Interest Income": NaN,
        "Interest Expense": NaN,
        "Interest Income": NaN,
        "Normalized Income": NaN,
        "Net Income From Continuing And Discontinued Operation": NaN,
        "Diluted Average Shares": NaN,
        "Basic Average Shares": NaN,
        "Diluted EPS": NaN,
        "Basic EPS": NaN,
        "Diluted NI Availto Com Stockholders": NaN,
        "Net Income Common Stockholders": NaN,
        "Net Income": NaN,
        "Net Income Including Noncontrolling Interests": NaN,
        "Net Income Continuous Operations": NaN,
        "Tax Provision": NaN,
        "Pretax Income": NaN,
        "Special Income Charges": 0.0,
        "Gain On Sale Of Security": NaN,
        "Depreciation Amortization Depletion Income Statement": NaN,
        "Depreciation And Amortization In Income Statement": NaN,
        "Amortization": NaN,
        "Amortization Of Intangibles Income Statement": NaN,
        "Selling General And Administration": NaN,
        "Selling And Marketing Expense": NaN,
        "General And Administrative Expense": NaN,
        "Insurance And Claims": NaN,
        "Salaries And Wages": NaN,
        "Total Revenue": NaN,
        "Operating Revenue": NaN,
        "Occupancy And Equipment": NaN,
        "Professional Expense And Contract Services Expense": NaN,
        "Other Non Interest Expense": NaN
    },
    "2022-12-31": {
        "Tax Effect Of Unusual Items": NaN,
        "Tax Rate For Calcs": NaN,
        "Total Unusual Items": NaN,
        "Total Unusual Items Excluding Goodwill": NaN,
        "Net Income From Continuing Operation Net Minority Interest": NaN,
        "Reconciled Depreciation": NaN,
        "Net Interest Income": NaN,
        "Interest Expense": NaN,
        "Interest Income": NaN,
        "Normalized Income": NaN,
        "Net Income From Continuing And Discontinued Operation": NaN,
        "Diluted Average Shares": NaN,
        "Basic Average Shares": NaN,
        "Diluted EPS": NaN,
        "Basic EPS": NaN,
        "Diluted NI Availto Com Stockholders": NaN,
        "Net Income Common Stockholders": NaN,
        "Net Income": NaN,
        "Net Income Including Noncontrolling Interests": NaN,
        "Net Income Continuous Operations": NaN,
        "Tax Provision": NaN,
        "Pretax Income": NaN,
        "Special Income Charges": NaN,
        "Other Special Charges": 0.0,
        "Restructuring And Mergern Acquisition": 0.0,
        "Gain On Sale Of Security": NaN,
        "Depreciation Amortization Depletion Income Statement": NaN,
        "Depreciation And Amortization In Income Statement": NaN,
        "Amortization": NaN,
        "Amortization Of Intangibles Income Statement": NaN,
        "Selling General And Administration": NaN,
        "Selling And Marketing Expense": NaN,
        "General And Administrative Expense": NaN,
        "Insurance And Claims": NaN,
        "Salaries And Wages": NaN,
        "Total Revenue": NaN,
        "Operating Revenue": NaN,
        "Occupancy And Equipment": NaN,
        "Professional Expense And Contract Services Expense": NaN,
        "Other Non Interest Expense": NaN
    },
    "2022-09-30": {
        "Tax Effect Of Unusual Items": NaN,
        "Tax Rate For Calcs": NaN,
        "Total Unusual Items": NaN,
        "Total Unusual Items Excluding Goodwill": NaN,
        "Net Income From Continuing Operation Net Minority Interest": NaN,
        "Reconciled Depreciation": NaN,
        "Net Interest Income": NaN,
        "Interest Expense": NaN,
        "Interest Income": NaN,
        "Normalized Income": NaN,
        "Net Income From Continuing And Discontinued Operation": NaN,
        "Diluted Average Shares": NaN,
        "Basic Average Shares": NaN,
        "Diluted EPS": NaN,
        "Basic EPS": NaN,
        "Diluted NI Availto Com Stockholders": NaN,
        "Net Income Common Stockholders": NaN,
        "Net Income": NaN,
        "Net Income Including Noncontrolling Interests": NaN,
        "Net Income Continuous Operations": NaN,
        "Tax Provision": NaN,
        "Pretax Income": NaN,
        "Special Income Charges": NaN,
        "Other Special Charges": NaN,
        "Restructuring And Mergern Acquisition": 0.0,
        "Gain On Sale Of Security": NaN,
        "Depreciation Amortization Depletion Income Statement": NaN,
        "Depreciation And Amortization In Income Statement": NaN,
        "Amortization": NaN,
        "Amortization Of Intangibles Income Statement": NaN,
        "Selling General And Administration": NaN,
        "Selling And Marketing Expense": NaN,
        "General And Administrative Expense": NaN,
        "Other Gand A": 712000.0,
        "Insurance And Claims": NaN,
        "Salaries And Wages": NaN,
        "Total Revenue": NaN,
        "Operating Revenue": NaN
    },
    "2022-06-30": {
        "Tax Effect Of Unusual Items": 193662.0,
        "Tax Rate For Calcs": 0.174,
        "Total Unusual Items": 1113000.0,
        "Total Unusual Items Excluding Goodwill": 1113000.0,
        "Net Income From Continuing Operation Net Minority Interest": 5685000.0,
        "Reconciled Depreciation": 427000.0,
        "Net Interest Income": 12397000.0,
        "Interest Expense": 704000.0,
        "Interest Income": 13101000.0,
        "Normalized Income": 4765662.0,
        "Net Income From Continuing And Discontinued Operation": 5685000.0,
        "Diluted Average Shares": 5347008.0,
        "Basic Average Shares": 5326271.0,
        "Diluted EPS": 1.06,
        "Basic EPS": 1.07,
        "Diluted NI Availto Com Stockholders": 5685000.0,
        "Net Income Common Stockholders": 5685000.0,
        "Net Income": 5685000.0,
        "Net Income Including Noncontrolling Interests": 5685000.0,
        "Net Income Continuous Operations": 5685000.0,
        "Tax Provision": 1197000.0,
        "Pretax Income": 6882000.0,
        "Special Income Charges": 0.0,
        "Gain On Sale Of Business": NaN,
        "Other Special Charges": NaN,
        "Write Off": NaN,
        "Restructuring And Mergern Acquisition": 0.0,
        "Gain On Sale Of Security": 0.0,
        "Depreciation Amortization Depletion Income Statement": 427000.0,
        "Depreciation And Amortization In Income Statement": 427000.0,
        "Amortization": 427000.0,
        "Amortization Of Intangibles Income Statement": 427000.0,
        "Selling General And Administration": 4470000.0,
        "Selling And Marketing Expense": 259000.0,
        "General And Administrative Expense": 4211000.0,
        "Other Gand A": 699000.0,
        "Insurance And Claims": 125000.0,
        "Salaries And Wages": 4086000.0,
        "Total Revenue": 16107000.0,
        "Operating Revenue": 16107000.0
    },
    "2022-03-31": {
        "Diluted EPS": 0.92,
        "Total Revenue": 17,
        "Gross Profit": 16,
        "Operating Income": 6,
        "EBIT": NaN,
        "Net Income": 5
    },
    "2021-12-31": {
        "Diluted EPS": 0.97,
        "Total Revenue": 16,
        "Gross Profit": 15,
        "Operating Income": 5,
        "EBIT": NaN,
        "Net Income": 5
    },
    "2021-09-30": {
        "Diluted EPS": 0.59,
        "Total Revenue": 18,
        "Gross Profit": 17,
        "Operating Income": 6,
        "EBIT": NaN,
        "Net Income": 3
    },
    "2021-06-30": {
        "Diluted EPS": 0.03,
        "Total Revenue": 17,
        "Gross Profit": 16,
        "Operating Income": 6,
        "EBIT": NaN,
        "Net Income": 0
    },
    "2021-03-31": {
        "Diluted EPS": 0.55,
        "Total Revenue": 8,
        "Gross Profit": 7,
        "Operating Income": 2,
        "EBIT": NaN,
        "Net Income": 2
    },
    "2020-12-31": {
        "Diluted EPS": 0.97,
        "Total Revenue": 9,
        "Gross Profit": 9,
        "Operating Income": 4,
        "EBIT": NaN,
        "Net Income": 3
    },
    "2020-09-30": {
        "Diluted EPS": 0.69,
        "Total Revenue": 8,
        "Gross Profit": 7,
        "Operating Income": 3,
        "EBIT": NaN,
        "Net Income": 2
    },
    "2020-06-30": {
        "Diluted EPS": 0.77,
        "Total Revenue": 8,
        "Gross Profit": 7,
        "Operating Income": 3,
        "EBIT": NaN,
        "Net Income": 2
    },
    "2020-03-31": {
        "Diluted EPS": 0.52,
        "Total Revenue": 8,
        "Gross Profit": 7,
        "Operating Income": 2,
        "EBIT": NaN,
        "Net Income": 1
    },
    "2019-12-31": {
        "Diluted EPS": 0.53,
        "Total Revenue": 8,
        "Gross Profit": 7,
        "Operating Income": 2,
        "EBIT": NaN,
        "Net Income": 1
    },
    "2019-09-30": {
        "Diluted EPS": 0.71,
        "Total Revenue": 8,
        "Gross Profit": 7,
        "Operating Income": 2,
        "EBIT": NaN,
        "Net Income": 2
    },
    "2019-06-30": {
        "Diluted EPS": 0.79,
        "Total Revenue": 8,
        "Gross Profit": 7,
        "Operating Income": 3,
        "EBIT": NaN,
        "Net Income": 2
    },
    "2019-03-31": {
        "Diluted EPS": 0.46,
        "Total Revenue": 8,
        "Gross Profit": 7,
        "Operating Income": 2,
        "EBIT": NaN,
        "Net Income": 1
    },
    "2018-12-31": {
        "Diluted EPS": 0.58,
        "Total Revenue": 8,
        "Gross Profit": 7,
        "Operating Income": 2,
        "EBIT": NaN,
        "Net Income": 2
    },
    "2018-09-30": {
        "Diluted EPS": 0.8,
        "Total Revenue": 8,
        "Gross Profit": 7,
        "Operating Income": 3,
        "EBIT": NaN,
        "Net Income": 2
    },
    "2018-06-30": {
        "Diluted EPS": 0.68,
        "Total Revenue": 8,
        "Gross Profit": 7,
        "Operating Income": 2,
        "EBIT": NaN,
        "Net Income": 2
    },
    "2018-03-31": {
        "Diluted EPS": 1.09,
        "Total Revenue": 8,
        "Gross Profit": 7,
        "Operating Income": 3,
        "EBIT": NaN,
        "Net Income": 3
    },
    "2017-12-31": {
        "Diluted EPS": 0.45,
        "Total Revenue": 8,
        "Gross Profit": 8,
        "Operating Income": 3,
        "EBIT": NaN,
        "Net Income": 1
    },
    "2017-09-30": {
        "Diluted EPS": 0.68,
        "Total Revenue": 7,
        "Gross Profit": 7,
        "Operating Income": 3,
        "EBIT": NaN,
        "Net Income": 2
    },
    "2017-06-30": {
        "Diluted EPS": 0.76,
        "Total Revenue": 7,
        "Gross Profit": 7,
        "Operating Income": 3,
        "EBIT": NaN,
        "Net Income": 2
    },
    "2017-03-31": {
        "Diluted EPS": 0.69,
        "Total Revenue": 7,
        "Gross Profit": 6,
        "Operating Income": 3,
        "EBIT": NaN,
        "Net Income": 2
    },
    "2016-12-31": {
        "Diluted EPS": 0.62,
        "Total Revenue": 7,
        "Gross Profit": 6,
        "Operating Income": 2,
        "EBIT": NaN,
        "Net Income": 1
    },
    "2016-09-30": {
        "Diluted EPS": 0.59,
        "Total Revenue": 6,
        "Gross Profit": 6,
        "Operating Income": 2,
        "EBIT": NaN,
        "Net Income": 1
    },
    "2016-06-30": {
        "Diluted EPS": 0.63,
        "Total Revenue": 6,
        "Gross Profit": 6,
        "Operating Income": 2,
        "EBIT": NaN,
        "Net Income": 2
    },
    "2016-03-31": {
        "Diluted EPS": 0.57,
        "Total Revenue": 6,
        "Gross Profit": 6,
        "Operating Income": 2,
        "EBIT": NaN,
        "Net Income": 1
    },
    "2015-12-31": {
        "Diluted EPS": 0.44,
        "Total Revenue": 6,
        "Gross Profit": 6,
        "Operating Income": 2,
        "EBIT": NaN,
        "Net Income": 1
    },
    "2015-09-30": {
        "Diluted EPS": 0.34,
        "Total Revenue": 6,
        "Gross Profit": 5,
        "Operating Income": 1,
        "EBIT": NaN,
        "Net Income": 1
    },
    "2015-06-30": {
        "Diluted EPS": 0.3,
        "Total Revenue": 5,
        "Gross Profit": 5,
        "Operating Income": 1,
        "EBIT": NaN,
        "Net Income": 1
    },
    "2015-03-31": {
        "Diluted EPS": 0.15,
        "Total Revenue": 5,
        "Gross Profit": 5,
        "Operating Income": 1,
        "EBIT": NaN,
        "Net Income": 0
    },
    "2014-12-31": {
        "Diluted EPS": 0.21,
        "Total Revenue": 6,
        "Gross Profit": 6,
        "Operating Income": 1,
        "EBIT": NaN,
        "Net Income": 1
    },
    "2014-09-30": {
        "Diluted EPS": 0.14,
        "Total Revenue": 5,
        "Gross Profit": 5,
        "Operating Income": 0,
        "EBIT": NaN,
        "Net Income": 0
    },
    "2014-06-30": {
        "Diluted EPS": 0.16,
        "Total Revenue": 5,
        "Gross Profit": 5,
        "Operating Income": 1,
        "EBIT": NaN,
        "Net Income": 0
    },
    "2014-03-31": {
        "Diluted EPS": 0.19,
        "Total Revenue": 5,
        "Gross Profit": 5,
        "Operating Income": 1,
        "EBIT": NaN,
        "Net Income": 1
    },
    "2013-12-31": {
        "Diluted EPS": 1.71,
        "Total Revenue": 18,
        "Gross Profit": 17,
        "Operating Income": 7,
        "EBIT": NaN,
        "Net Income": 5
    },
    "2013-09-30": {
        "Diluted EPS": 0.35,
        "Total Revenue": 5,
        "Gross Profit": 5,
        "Operating Income": 1,
        "EBIT": NaN,
        "Net Income": 1
    },
    "2013-06-30": {
        "Diluted EPS": 0.3,
        "Total Revenue": 5,
        "Gross Profit": 5,
        "Operating Income": 1,
        "EBIT": NaN,
        "Net Income": 1
    },
    "2013-03-31": {
        "Diluted EPS": 0.2,
        "Total Revenue": 5,
        "Gross Profit": 5,
        "Operating Income": 1,
        "EBIT": NaN,
        "Net Income": 1
    },
    "2012-12-31": {
        "Diluted EPS": 0.0,
        "Total Revenue": NaN,
        "Gross Profit": NaN,
        "Operating Income": NaN,
        "EBIT": NaN,
        "Net Income": NaN
    },
    "2023-09-30": {
        "Tax Effect Of Unusual Items": 19800.0,
        "Tax Rate For Calcs": 0.15,
        "Total Unusual Items": 132000.0,
        "Total Unusual Items Excluding Goodwill": 132000.0,
        "Net Income From Continuing Operation Net Minority Interest": 4653000.0,
        "Reconciled Depreciation": 1241000.0,
        "Net Interest Income": 11006000.0,
        "Interest Expense": 6114000.0,
        "Interest Income": 17120000.0,
        "Normalized Income": 4540800.0,
        "Net Income From Continuing And Discontinued Operation": 4653000.0,
        "Diluted Average Shares": 5395483.0,
        "Basic Average Shares": 5365982.0,
        "Diluted EPS": 0.86,
        "Basic EPS": 0.87,
        "Diluted NI Availto Com Stockholders": 4653000.0,
        "Average Dilution Earnings": 0.0,
        "Net Income Common Stockholders": 4653000.0,
        "Net Income": 4653000.0,
        "Net Income Including Noncontrolling Interests": 4653000.0,
        "Net Income Continuous Operations": 4653000.0,
        "Tax Provision": 824000.0,
        "Pretax Income": 5477000.0,
        "Special Income Charges": 0.0,
        "Gain On Sale Of Security": 0.0,
        "Depreciation Amortization Depletion Income Statement": 368000.0,
        "Depreciation And Amortization In Income Statement": 368000.0,
        "Amortization": 368000.0,
        "Amortization Of Intangibles Income Statement": 368000.0,
        "Selling General And Administration": 4418000.0,
        "Selling And Marketing Expense": 262000.0,
        "General And Administrative Expense": 4156000.0,
        "Insurance And Claims": 220000.0,
        "Salaries And Wages": 3936000.0,
        "Total Revenue": 13744000.0,
        "Operating Revenue": 13744000.0,
        "Occupancy And Equipment": 1186000.0,
        "Professional Expense And Contract Services Expense": 202000.0,
        "Other Non Interest Expense": 2166000.0
    },
    "2023-12-31": {
        "Tax Effect Of Unusual Items": -3313.141954,
        "Tax Rate For Calcs": 0.165657,
        "Total Unusual Items": -20000.0,
        "Total Unusual Items Excluding Goodwill": -20000.0,
        "Net Income From Continuing Operation Net Minority Interest": 3168000.0,
        "Reconciled Depreciation": 1104000.0,
        "Net Interest Income": 10651000.0,
        "Interest Expense": 7321000.0,
        "Interest Income": 17972000.0,
        "Normalized Income": 3184686.858046,
        "Net Income From Continuing And Discontinued Operation": 3168000.0,
        "Diluted Average Shares": 5394713.0,
        "Basic Average Shares": 5365982.0,
        "Diluted EPS": 0.59,
        "Basic EPS": 0.59,
        "Diluted NI Availto Com Stockholders": 3168000.0,
        "Average Dilution Earnings": NaN,
        "Net Income Common Stockholders": 3168000.0,
        "Net Income": 3168000.0,
        "Net Income Including Noncontrolling Interests": 3168000.0,
        "Net Income Continuous Operations": 3168000.0,
        "Tax Provision": 629000.0,
        "Pretax Income": 3797000.0,
        "Special Income Charges": NaN,
        "Gain On Sale Of Security": 0.0,
        "Depreciation Amortization Depletion Income Statement": 355000.0,
        "Depreciation And Amortization In Income Statement": 355000.0,
        "Amortization": 355000.0,
        "Amortization Of Intangibles Income Statement": 355000.0,
        "Selling General And Administration": 4207000.0,
        "Selling And Marketing Expense": 186000.0,
        "General And Administrative Expense": 4021000.0,
        "Insurance And Claims": 170000.0,
        "Salaries And Wages": 3851000.0,
        "Total Revenue": 12889000.0,
        "Operating Revenue": 12889000.0,
        "Occupancy And Equipment": 1091000.0,
        "Professional Expense And Contract Services Expense": 82000.0,
        "Other Non Interest Expense": 2563000.0
    },
    "2024-03-31": {
        "Tax Effect Of Unusual Items": 64790.0,
        "Tax Rate For Calcs": 0.155,
        "Total Unusual Items": 418000.0,
        "Total Unusual Items Excluding Goodwill": 418000.0,
        "Net Income From Continuing Operation Net Minority Interest": 3646000.0,
        "Reconciled Depreciation": 1081000.0,
        "Net Interest Income": 10818000.0,
        "Interest Expense": 7624000.0,
        "Interest Income": 18442000.0,
        "Normalized Income": 3292790.0,
        "Net Income From Continuing And Discontinued Operation": 3646000.0,
        "Diluted Average Shares": 5380081.0,
        "Basic Average Shares": 5366890.0,
        "Diluted EPS": 0.68,
        "Basic EPS": 0.68,
        "Diluted NI Availto Com Stockholders": 3646000.0,
        "Average Dilution Earnings": NaN,
        "Net Income Common Stockholders": 3646000.0,
        "Net Income": 3646000.0,
        "Net Income Including Noncontrolling Interests": 3646000.0,
        "Net Income Continuous Operations": 3646000.0,
        "Tax Provision": 671000.0,
        "Pretax Income": 4317000.0,
        "Special Income Charges": 379000.0,
        "Gain On Sale Of Security": -4000.0,
        "Depreciation Amortization Depletion Income Statement": 343000.0,
        "Depreciation And Amortization In Income Statement": 343000.0,
        "Amortization": 343000.0,
        "Amortization Of Intangibles Income Statement": 343000.0,
        "Selling General And Administration": 4595000.0,
        "Selling And Marketing Expense": 248000.0,
        "General And Administrative Expense": 4347000.0,
        "Insurance And Claims": 195000.0,
        "Salaries And Wages": 4152000.0,
        "Total Revenue": 12735000.0,
        "Operating Revenue": 12735000.0,
        "Occupancy And Equipment": 1143000.0,
        "Professional Expense And Contract Services Expense": 252000.0,
        "Other Non Interest Expense": 2486000.0
    },
    "2024-06-30": {
        "Tax Effect Of Unusual Items": -549.0,
        "Tax Rate For Calcs": 0.183,
        "Total Unusual Items": -3000.0,
        "Total Unusual Items Excluding Goodwill": -3000.0,
        "Net Income From Continuing Operation Net Minority Interest": 4159000.0,
        "Reconciled Depreciation": 1073000.0,
        "Net Interest Income": 11081000.0,
        "Interest Expense": 7482000.0,
        "Interest Income": 18563000.0,
        "Normalized Income": 4161451.0,
        "Net Income From Continuing And Discontinued Operation": 4159000.0,
        "Diluted Average Shares": 5385770.0,
        "Basic Average Shares": 5377055.0,
        "Diluted EPS": 0.77,
        "Basic EPS": 0.77,
        "Diluted NI Availto Com Stockholders": 4159000.0,
        "Average Dilution Earnings": NaN,
        "Net Income Common Stockholders": 4159000.0,
        "Net Income": 4159000.0,
        "Net Income Including Noncontrolling Interests": 4159000.0,
        "Net Income Continuous Operations": 4159000.0,
        "Tax Provision": 929000.0,
        "Pretax Income": 5088000.0,
        "Special Income Charges": 0.0,
        "Gain On Sale Of Security": 0.0,
        "Depreciation Amortization Depletion Income Statement": 332000.0,
        "Depreciation And Amortization In Income Statement": 332000.0,
        "Amortization": 332000.0,
        "Amortization Of Intangibles Income Statement": 332000.0,
        "Selling General And Administration": 4187000.0,
        "Selling And Marketing Expense": 157000.0,
        "General And Administrative Expense": 4030000.0,
        "Insurance And Claims": 180000.0,
        "Salaries And Wages": 3850000.0,
        "Total Revenue": 12872000.0,
        "Operating Revenue": 12872000.0,
        "Occupancy And Equipment": 1032000.0,
        "Professional Expense And Contract Services Expense": 190000.0,
        "Other Non Interest Expense": 2381000.0
    },
    "2024-09-30": {
        "Tax Effect Of Unusual Items": 0.0,
        "Tax Rate For Calcs": 0.185,
        "Total Unusual Items": 0.0,
        "Total Unusual Items Excluding Goodwill": 0.0,
        "Net Income From Continuing Operation Net Minority Interest": 4600000.0,
        "Reconciled Depreciation": 1063000.0,
        "Net Interest Income": 11922000.0,
        "Interest Expense": 7382000.0,
        "Interest Income": 19304000.0,
        "Normalized Income": 4600000.0,
        "Net Income From Continuing And Discontinued Operation": 4600000.0,
        "Diluted Average Shares": 5396936.0,
        "Basic Average Shares": 5370912.0,
        "Diluted EPS": 0.85,
        "Basic EPS": 0.86,
        "Diluted NI Availto Com Stockholders": 4600000.0,
        "Average Dilution Earnings": 0.0,
        "Net Income Common Stockholders": 4600000.0,
        "Net Income": 4600000.0,
        "Net Income Including Noncontrolling Interests": 4600000.0,
        "Net Income Continuous Operations": 4600000.0,
        "Tax Provision": 1047000.0,
        "Pretax Income": 5647000.0,
        "Special Income Charges": 0.0,
        "Gain On Sale Of Security": 0.0,
        "Depreciation Amortization Depletion Income Statement": 319000.0,
        "Depreciation And Amortization In Income Statement": 319000.0,
        "Amortization": 319000.0,
        "Amortization Of Intangibles Income Statement": 319000.0,
        "Selling General And Administration": 4060000.0,
        "Selling And Marketing Expense": 166000.0,
        "General And Administrative Expense": 3894000.0,
        "Insurance And Claims": 125000.0,
        "Salaries And Wages": 3769000.0,
        "Total Revenue": 13476000.0,
        "Operating Revenue": 13476000.0,
        "Occupancy And Equipment": 1095000.0,
        "Professional Expense And Contract Services Expense": 189000.0,
        "Other Non Interest Expense": 2280000.0
    }
}