{
    "2023-06-30": {
        "Tax Effect Of Unusual Items": NaN,
        "Tax Rate For Calcs": NaN,
        "Normalized EBITDA": NaN,
        "Total Unusual Items": NaN,
        "Total Unusual Items Excluding Goodwill": NaN,
        "Net Income From Continuing Operation Net Minority Interest": NaN,
        "Reconciled Depreciation": NaN,
        "Reconciled Cost Of Revenue": NaN,
        "EBITDA": NaN,
        "EBIT": NaN,
        "Net Interest Income": NaN,
        "Interest Expense": NaN,
        "Interest Income": NaN,
        "Normalized Income": NaN,
        "Net Income From Continuing And Discontinued Operation": NaN,
        "Total Expenses": NaN,
        "Total Operating Income As Reported": NaN,
        "Diluted Average Shares": NaN,
        "Basic Average Shares": NaN,
        "Diluted EPS": NaN,
        "Basic EPS": NaN,
        "Diluted NI Availto Com Stockholders": NaN,
        "Net Income Common Stockholders": NaN,
        "Net Income": NaN,
        "Minority Interests": NaN,
        "Net Income Including Noncontrolling Interests": NaN,
        "Net Income Discontinuous Operations": 0.0,
        "Net Income Continuous Operations": NaN,
        "Tax Provision": NaN,
        "Pretax Income": NaN,
        "Other Income Expense": NaN,
        "Special Income Charges": NaN,
        "Gain On Sale Of Business": NaN,
        "Other Special Charges": NaN,
        "Impairment Of Capital Assets": NaN,
        "Earnings From Equity Interest": NaN,
        "Gain On Sale Of Security": NaN,
        "Net Non Operating Interest Income Expense": NaN,
        "Total Other Finance Cost": NaN,
        "Interest Expense Non Operating": NaN,
        "Interest Income Non Operating": NaN,
        "Operating Income": NaN,
        "Operating Expense": NaN,
        "Other Operating Expenses": NaN,
        "Depreciation Amortization Depletion Income Statement": NaN,
        "Depreciation And Amortization In Income Statement": NaN,
        "Research And Development": NaN,
        "Selling General And Administration": NaN,
        "Selling And Marketing Expense": 21000000.0,
        "General And Administrative Expense": NaN,
        "Other Gand A": NaN,
        "Salaries And Wages": NaN,
        "Gross Profit": NaN,
        "Cost Of Revenue": NaN,
        "Total Revenue": NaN,
        "Operating Revenue": NaN
    },
    "2023-03-31": {
        "Tax Effect Of Unusual Items": NaN,
        "Tax Rate For Calcs": NaN,
        "Normalized EBITDA": NaN,
        "Total Unusual Items": NaN,
        "Total Unusual Items Excluding Goodwill": NaN,
        "Net Income From Continuing Operation Net Minority Interest": NaN,
        "Reconciled Depreciation": NaN,
        "Reconciled Cost Of Revenue": NaN,
        "EBITDA": NaN,
        "EBIT": NaN,
        "Net Interest Income": NaN,
        "Interest Expense": NaN,
        "Interest Income": NaN,
        "Normalized Income": NaN,
        "Net Income From Continuing And Discontinued Operation": NaN,
        "Total Expenses": NaN,
        "Total Operating Income As Reported": NaN,
        "Diluted Average Shares": NaN,
        "Basic Average Shares": NaN,
        "Diluted EPS": NaN,
        "Basic EPS": NaN,
        "Diluted NI Availto Com Stockholders": NaN,
        "Net Income Common Stockholders": NaN,
        "Net Income": NaN,
        "Minority Interests": NaN,
        "Net Income Including Noncontrolling Interests": NaN,
        "Net Income Discontinuous Operations": 0.0,
        "Net Income Continuous Operations": NaN,
        "Tax Provision": NaN,
        "Pretax Income": NaN,
        "Other Income Expense": NaN,
        "Special Income Charges": NaN,
        "Gain On Sale Of Business": NaN,
        "Other Special Charges": NaN,
        "Impairment Of Capital Assets": NaN,
        "Earnings From Equity Interest": NaN,
        "Gain On Sale Of Security": NaN,
        "Net Non Operating Interest Income Expense": NaN,
        "Total Other Finance Cost": NaN,
        "Interest Expense Non Operating": NaN,
        "Interest Income Non Operating": NaN,
        "Operating Income": NaN,
        "Operating Expense": NaN,
        "Other Operating Expenses": NaN,
        "Depreciation Amortization Depletion Income Statement": NaN,
        "Depreciation And Amortization In Income Statement": NaN,
        "Research And Development": NaN,
        "Selling General And Administration": NaN,
        "Selling And Marketing Expense": 18000000.0,
        "General And Administrative Expense": NaN,
        "Other Gand A": NaN,
        "Salaries And Wages": NaN,
        "Gross Profit": NaN,
        "Cost Of Revenue": NaN,
        "Total Revenue": NaN,
        "Operating Revenue": NaN
    },
    "2022-12-31": {
        "Tax Effect Of Unusual Items": NaN,
        "Tax Rate For Calcs": NaN,
        "Normalized EBITDA": NaN,
        "Total Unusual Items": NaN,
        "Total Unusual Items Excluding Goodwill": NaN,
        "Net Income From Continuing Operation Net Minority Interest": NaN,
        "Reconciled Depreciation": NaN,
        "Reconciled Cost Of Revenue": NaN,
        "EBITDA": NaN,
        "EBIT": NaN,
        "Net Interest Income": NaN,
        "Interest Expense": NaN,
        "Interest Income": NaN,
        "Normalized Income": NaN,
        "Net Income From Continuing And Discontinued Operation": NaN,
        "Total Expenses": NaN,
        "Total Operating Income As Reported": NaN,
        "Diluted Average Shares": NaN,
        "Basic Average Shares": NaN,
        "Diluted EPS": NaN,
        "Basic EPS": NaN,
        "Diluted NI Availto Com Stockholders": NaN,
        "Net Income Common Stockholders": NaN,
        "Net Income": NaN,
        "Minority Interests": NaN,
        "Net Income Including Noncontrolling Interests": NaN,
        "Net Income Discontinuous Operations": 0.0,
        "Net Income Continuous Operations": NaN,
        "Tax Provision": NaN,
        "Pretax Income": NaN,
        "Other Income Expense": NaN,
        "Special Income Charges": NaN,
        "Gain On Sale Of Business": NaN,
        "Other Special Charges": NaN,
        "Impairment Of Capital Assets": NaN,
        "Earnings From Equity Interest": NaN,
        "Gain On Sale Of Security": NaN,
        "Net Non Operating Interest Income Expense": NaN,
        "Total Other Finance Cost": NaN,
        "Interest Expense Non Operating": NaN,
        "Interest Income Non Operating": NaN,
        "Operating Income": NaN,
        "Operating Expense": NaN,
        "Other Operating Expenses": NaN,
        "Depreciation Amortization Depletion Income Statement": NaN,
        "Depreciation And Amortization In Income Statement": NaN,
        "Research And Development": NaN,
        "Selling General And Administration": NaN,
        "Selling And Marketing Expense": 49000000.0,
        "General And Administrative Expense": NaN,
        "Other Gand A": NaN,
        "Salaries And Wages": NaN,
        "Gross Profit": NaN,
        "Cost Of Revenue": NaN,
        "Total Revenue": NaN,
        "Operating Revenue": NaN
    },
    "2022-09-30": {
        "Tax Effect Of Unusual Items": NaN,
        "Tax Rate For Calcs": NaN,
        "Normalized EBITDA": NaN,
        "Total Unusual Items": NaN,
        "Total Unusual Items Excluding Goodwill": NaN,
        "Net Income From Continuing Operation Net Minority Interest": NaN,
        "Reconciled Depreciation": NaN,
        "Reconciled Cost Of Revenue": NaN,
        "EBITDA": NaN,
        "EBIT": NaN,
        "Net Interest Income": NaN,
        "Interest Expense": NaN,
        "Interest Income": 470000000.0,
        "Normalized Income": NaN,
        "Net Income From Continuing And Discontinued Operation": NaN,
        "Total Expenses": NaN,
        "Total Operating Income As Reported": NaN,
        "Diluted Average Shares": NaN,
        "Basic Average Shares": NaN,
        "Diluted EPS": NaN,
        "Basic EPS": NaN,
        "Diluted NI Availto Com Stockholders": NaN,
        "Net Income Common Stockholders": NaN,
        "Net Income": NaN,
        "Minority Interests": NaN,
        "Net Income Including Noncontrolling Interests": NaN,
        "Net Income Discontinuous Operations": NaN,
        "Net Income Continuous Operations": NaN,
        "Tax Provision": NaN,
        "Pretax Income": NaN,
        "Other Income Expense": NaN,
        "Special Income Charges": NaN,
        "Other Special Charges": NaN,
        "Impairment Of Capital Assets": NaN,
        "Earnings From Equity Interest": NaN,
        "Gain On Sale Of Security": NaN,
        "Net Non Operating Interest Income Expense": NaN,
        "Total Other Finance Cost": NaN,
        "Interest Expense Non Operating": NaN,
        "Interest Income Non Operating": 470000000.0,
        "Operating Income": NaN,
        "Operating Expense": NaN,
        "Other Operating Expenses": NaN,
        "Depreciation Amortization Depletion Income Statement": NaN,
        "Depreciation And Amortization In Income Statement": NaN,
        "Research And Development": NaN,
        "Selling General And Administration": NaN,
        "Selling And Marketing Expense": NaN,
        "General And Administrative Expense": NaN,
        "Other Gand A": NaN,
        "Salaries And Wages": NaN,
        "Gross Profit": NaN,
        "Cost Of Revenue": NaN,
        "Total Revenue": NaN,
        "Operating Revenue": NaN
    },
    "2022-06-30": {
        "Tax Effect Of Unusual Items": -17117286.392405,
        "Tax Rate For Calcs": 0.180182,
        "Normalized EBITDA": 6274000000.0,
        "Total Unusual Items": -95000000.0,
        "Total Unusual Items Excluding Goodwill": -95000000.0,
        "Net Income From Continuing Operation Net Minority Interest": 4093000000.0,
        "Reconciled Depreciation": 810000000.0,
        "Reconciled Cost Of Revenue": 5152000000.0,
        "EBITDA": 6179000000.0,
        "EBIT": 5369000000.0,
        "Net Interest Income": 506000000.0,
        "Interest Expense": 313000000.0,
        "Interest Income": 537000000.0,
        "Normalized Income": 4170882713.607595,
        "Net Income From Continuing And Discontinued Operation": 6151000000.0,
        "Total Expenses": 6456000000.0,
        "Total Operating Income As Reported": 4291000000.0,
        "Diluted Average Shares": 4737806000.0,
        "Basic Average Shares": 4396778000.0,
        "Diluted EPS": 1.32,
        "Basic EPS": 1.32,
        "Diluted NI Availto Com Stockholders": 6151000000.0,
        "Net Income Common Stockholders": 6151000000.0,
        "Net Income": 6151000000.0,
        "Minority Interests": -52000000.0,
        "Net Income Including Noncontrolling Interests": 6203000000.0,
        "Net Income Discontinuous Operations": 2058000000.0,
        "Net Income Continuous Operations": 4145000000.0,
        "Tax Provision": 911000000.0,
        "Pretax Income": 5056000000.0,
        "Other Income Expense": -151000000.0,
        "Special Income Charges": -410000000.0,
        "Other Special Charges": 328000000.0,
        "Write Off": 82000000.0,
        "Impairment Of Capital Assets": 82000000.0,
        "Earnings From Equity Interest": -56000000.0,
        "Gain On Sale Of Security": 315000000.0,
        "Net Non Operating Interest Income Expense": 506000000.0,
        "Total Other Finance Cost": -282000000.0,
        "Interest Expense Non Operating": 313000000.0,
        "Interest Income Non Operating": 537000000.0,
        "Operating Income": 4701000000.0,
        "Operating Expense": 506000000.0,
        "Other Operating Expenses": 228000000.0,
        "Depreciation Amortization Depletion Income Statement": 12000000.0,
        "Depreciation And Amortization In Income Statement": 12000000.0,
        "Research And Development": 151000000.0,
        "Selling General And Administration": 115000000.0,
        "Selling And Marketing Expense": 24000000.0,
        "General And Administrative Expense": 91000000.0,
        "Other Gand A": 47000000.0,
        "Salaries And Wages": 44000000.0,
        "Gross Profit": 5207000000.0,
        "Cost Of Revenue": 5950000000.0,
        "Total Revenue": 11157000000.0,
        "Operating Revenue": 10900000000.0
    },
    "2022-03-31": {
        "Diluted EPS": 0.93,
        "Total Revenue": NaN,
        "Gross Profit": NaN,
        "Operating Income": NaN,
        "EBIT": NaN,
        "Net Income": NaN
    },
    "2021-12-31": {
        "Diluted EPS": 1.14,
        "Total Revenue": NaN,
        "Gross Profit": NaN,
        "Operating Income": NaN,
        "EBIT": NaN,
        "Net Income": NaN
    },
    "2021-09-30": {
        "Diluted EPS": 0.76,
        "Total Revenue": NaN,
        "Gross Profit": NaN,
        "Operating Income": NaN,
        "EBIT": NaN,
        "Net Income": NaN
    },
    "2021-06-30": {
        "Diluted EPS": 1.49,
        "Total Revenue": NaN,
        "Gross Profit": NaN,
        "Operating Income": NaN,
        "EBIT": NaN,
        "Net Income": NaN
    },
    "2021-03-31": {
        "Diluted EPS": 1.08,
        "Total Revenue": NaN,
        "Gross Profit": NaN,
        "Operating Income": NaN,
        "EBIT": NaN,
        "Net Income": NaN
    },
    "2020-12-31": {
        "Diluted EPS": 0.14,
        "Total Revenue": NaN,
        "Gross Profit": NaN,
        "Operating Income": NaN,
        "EBIT": NaN,
        "Net Income": 739
    },
    "2020-09-30": {
        "Diluted EPS": 0.57,
        "Total Revenue": NaN,
        "Gross Profit": NaN,
        "Operating Income": NaN,
        "EBIT": NaN,
        "Net Income": NaN
    },
    "2020-06-30": {
        "Diluted EPS": 0.19,
        "Total Revenue": NaN,
        "Gross Profit": NaN,
        "Operating Income": NaN,
        "Net Income": 995
    },
    "2020-03-31": {
        "Diluted EPS": 0.05,
        "Total Revenue": NaN,
        "Gross Profit": NaN,
        "Operating Income": NaN,
        "EBIT": NaN,
        "Net Income": 239
    },
    "2019-12-31": {
        "Diluted EPS": -0.31,
        "Total Revenue": NaN,
        "Gross Profit": NaN,
        "Operating Income": NaN,
        "EBIT": NaN,
        "Net Income": NaN
    },
    "2019-09-30": {
        "Diluted EPS": 0.32,
        "Total Revenue": NaN,
        "Gross Profit": NaN,
        "Operating Income": NaN,
        "EBIT": NaN,
        "Net Income": NaN
    },
    "2019-06-30": {
        "Diluted EPS": -0.02,
        "Total Revenue": NaN,
        "Gross Profit": NaN,
        "Operating Income": NaN,
        "EBIT": NaN,
        "Net Income": -98
    },
    "2019-03-31": {
        "Diluted EPS": -0.32,
        "Total Revenue": NaN,
        "Gross Profit": NaN,
        "Operating Income": NaN,
        "EBIT": -884,
        "Net Income": NaN
    },
    "2018-12-31": {
        "Diluted EPS": 0.74,
        "Total Revenue": NaN,
        "Gross Profit": NaN,
        "Operating Income": NaN,
        "EBIT": NaN,
        "Net Income": NaN
    },
    "2018-09-30": {
        "Diluted EPS": 0.27,
        "Total Revenue": NaN,
        "Gross Profit": NaN,
        "Operating Income": NaN,
        "EBIT": NaN,
        "Net Income": NaN
    },
    "2018-06-30": {
        "Diluted EPS": 0.01,
        "Total Revenue": NaN,
        "Gross Profit": NaN,
        "Operating Income": NaN,
        "EBIT": NaN,
        "Net Income": 76
    },
    "2018-03-31": {
        "Diluted EPS": 0.3,
        "Total Revenue": NaN,
        "Gross Profit": NaN,
        "Operating Income": NaN,
        "EBIT": NaN,
        "Net Income": NaN
    },
    "2017-12-31": {
        "Diluted EPS": 0.14,
        "Total Revenue": NaN,
        "Gross Profit": NaN,
        "Operating Income": NaN,
        "EBIT": NaN,
        "Net Income": 771
    },
    "2017-09-30": {
        "Diluted EPS": 0.43,
        "Total Revenue": NaN,
        "Gross Profit": NaN,
        "Operating Income": NaN,
        "EBIT": NaN,
        "Net Income": NaN
    },
    "2017-06-30": {
        "Diluted EPS": 0.0,
        "Total Revenue": NaN,
        "Gross Profit": NaN,
        "Operating Income": NaN,
        "EBIT": NaN,
        "Net Income": 16
    },
    "2017-03-31": {
        "Diluted EPS": 0.48,
        "Total Revenue": NaN,
        "Gross Profit": NaN,
        "Operating Income": NaN,
        "EBIT": NaN,
        "Net Income": NaN
    },
    "2016-12-31": {
        "Diluted EPS": 0.11,
        "Total Revenue": NaN,
        "Gross Profit": NaN,
        "Operating Income": NaN,
        "EBIT": NaN,
        "Net Income": 525
    },
    "2016-09-30": {
        "Diluted EPS": 0.11,
        "Total Revenue": NaN,
        "Gross Profit": NaN,
        "Operating Income": NaN,
        "EBIT": NaN,
        "Net Income": 575
    },
    "2016-06-30": {
        "Diluted EPS": 0.21,
        "Total Revenue": NaN,
        "Gross Profit": NaN,
        "Operating Income": NaN,
        "EBIT": NaN,
        "Net Income": NaN
    },
    "2016-03-31": {
        "Diluted EPS": 0.34,
        "Total Revenue": NaN,
        "Gross Profit": NaN,
        "Operating Income": NaN,
        "EBIT": NaN,
        "Net Income": NaN
    },
    "2015-12-31": {
        "Diluted EPS": -1.66,
        "Total Revenue": NaN,
        "Gross Profit": 317,
        "Operating Income": NaN,
        "EBIT": NaN,
        "Net Income": NaN
    },
    "2015-09-30": {
        "Diluted EPS": -0.41,
        "Total Revenue": NaN,
        "Gross Profit": NaN,
        "Operating Income": 786,
        "EBIT": NaN,
        "Net Income": NaN
    },
    "2015-06-30": {
        "Diluted EPS": 0.33,
        "Total Revenue": NaN,
        "Gross Profit": NaN,
        "Operating Income": 985,
        "EBIT": NaN,
        "Net Income": NaN
    },
    "2015-03-31": {
        "Diluted EPS": -0.61,
        "Total Revenue": NaN,
        "Gross Profit": NaN,
        "Operating Income": 733,
        "EBIT": NaN,
        "Net Income": NaN
    },
    "2014-12-31": {
        "Diluted EPS": -0.36,
        "Total Revenue": NaN,
        "Gross Profit": NaN,
        "Operating Income": NaN,
        "EBIT": NaN,
        "Net Income": NaN
    },
    "2014-09-30": {
        "Diluted EPS": -0.28,
        "Total Revenue": NaN,
        "Gross Profit": NaN,
        "Operating Income": NaN,
        "EBIT": NaN,
        "Net Income": NaN
    },
    "2014-06-30": {
        "Diluted EPS": 0.28,
        "Total Revenue": NaN,
        "Gross Profit": NaN,
        "Operating Income": NaN,
        "EBIT": NaN,
        "Net Income": NaN
    },
    "2014-03-31": {
        "Diluted EPS": 0.49,
        "Total Revenue": NaN,
        "Gross Profit": NaN,
        "Operating Income": NaN,
        "EBIT": NaN,
        "Net Income": NaN
    },
    "2013-12-31": {
        "Diluted EPS": -1.26,
        "Total Revenue": NaN,
        "Gross Profit": NaN,
        "Operating Income": NaN,
        "EBIT": NaN,
        "Net Income": NaN
    },
    "2013-09-30": {
        "Diluted EPS": 0.68,
        "Total Revenue": NaN,
        "Gross Profit": NaN,
        "Operating Income": NaN,
        "EBIT": NaN,
        "Net Income": NaN
    },
    "2013-06-30": {
        "Diluted EPS": 0.09,
        "Total Revenue": NaN,
        "Gross Profit": NaN,
        "Operating Income": NaN,
        "EBIT": NaN,
        "Net Income": 424
    },
    "2013-03-31": {
        "Diluted EPS": 0.6,
        "Total Revenue": NaN,
        "Gross Profit": NaN,
        "Operating Income": NaN,
        "EBIT": NaN,
        "Net Income": NaN
    },
    "2012-12-31": {
        "Diluted EPS": -0.51,
        "Total Revenue": NaN,
        "Gross Profit": NaN,
        "Operating Income": -555,
        "EBIT": 753,
        "Net Income": NaN
    },
    "2012-09-30": {
        "Diluted EPS": 0.32,
        "Total Revenue": NaN,
        "Gross Profit": NaN,
        "Operating Income": NaN,
        "EBIT": NaN,
        "Net Income": NaN
    },
    "2012-06-30": {
        "Diluted EPS": 0.51,
        "Total Revenue": NaN,
        "Gross Profit": NaN,
        "Operating Income": NaN,
        "EBIT": NaN,
        "Net Income": NaN
    },
    "2012-03-31": {
        "Diluted EPS": 0.74,
        "Total Revenue": NaN,
        "Gross Profit": NaN,
        "Operating Income": NaN,
        "EBIT": NaN,
        "Net Income": NaN
    },
    "2011-12-31": {
        "Diluted EPS": 0.9,
        "Total Revenue": NaN,
        "Gross Profit": NaN,
        "Operating Income": NaN,
        "EBIT": NaN,
        "Net Income": NaN
    },
    "2011-09-30": {
        "Diluted EPS": 0.93,
        "Total Revenue": NaN,
        "Gross Profit": NaN,
        "Operating Income": NaN,
        "EBIT": NaN,
        "Net Income": NaN
    },
    "2011-06-30": {
        "Diluted EPS": 1.22,
        "Total Revenue": NaN,
        "Gross Profit": NaN,
        "Operating Income": NaN,
        "EBIT": NaN,
        "Net Income": NaN
    },
    "2011-03-31": {
        "Diluted EPS": 1.29,
        "Total Revenue": NaN,
        "Gross Profit": NaN,
        "Operating Income": NaN,
        "EBIT": NaN,
        "Net Income": NaN
    },
    "2010-12-31": {
        "Diluted EPS": 1.12,
        "Total Revenue": NaN,
        "Gross Profit": NaN,
        "Operating Income": NaN,
        "EBIT": NaN,
        "Net Income": NaN
    },
    "2010-09-30": {
        "Diluted EPS": 1.13,
        "Total Revenue": NaN,
        "Gross Profit": NaN,
        "Operating Income": NaN,
        "EBIT": NaN,
        "Net Income": NaN
    },
    "2010-06-30": {
        "Diluted EPS": 0.7,
        "Total Revenue": NaN,
        "Gross Profit": NaN,
        "Operating Income": NaN,
        "EBIT": NaN,
        "Net Income": NaN
    },
    "2010-03-31": {
        "Diluted EPS": 0.3,
        "Total Revenue": NaN,
        "Gross Profit": NaN,
        "Operating Income": NaN,
        "EBIT": NaN,
        "Net Income": NaN
    },
    "2009-12-31": {
        "Diluted EPS": 0.28,
        "Total Revenue": NaN,
        "Gross Profit": NaN,
        "Operating Income": NaN,
        "EBIT": NaN,
        "Net Income": NaN
    },
    "2009-09-30": {
        "Diluted EPS": 0.31,
        "Total Revenue": NaN,
        "Gross Profit": NaN,
        "Operating Income": NaN,
        "EBIT": NaN,
        "Net Income": NaN
    },
    "2009-06-30": {
        "Diluted EPS": 0.15,
        "Total Revenue": NaN,
        "Gross Profit": NaN,
        "Operating Income": NaN,
        "EBIT": NaN,
        "Net Income": 790
    },
    "2009-03-31": {
        "Diluted EPS": 0.26,
        "Total Revenue": NaN,
        "Gross Profit": NaN,
        "Operating Income": NaN,
        "EBIT": NaN,
        "Net Income": NaN
    },
    "2023-09-30": {
        "Tax Effect Of Unusual Items": -22812332.439678,
        "Tax Rate For Calcs": 0.04256,
        "Normalized EBITDA": 4597000000.0,
        "Total Unusual Items": -536000000.0,
        "Total Unusual Items Excluding Goodwill": -536000000.0,
        "Net Income From Continuing Operation Net Minority Interest": 2836000000.0,
        "Reconciled Depreciation": 780000000.0,
        "Reconciled Cost Of Revenue": 5541000000.0,
        "EBITDA": 4061000000.0,
        "EBIT": 3281000000.0,
        "Net Interest Income": -307000000.0,
        "Interest Expense": 297000000.0,
        "Interest Income": 25000000.0,
        "Normalized Income": 3349187667.560322,
        "Net Income From Continuing And Discontinued Operation": 2836000000.0,
        "Total Expenses": 6890000000.0,
        "Total Operating Income As Reported": 3275000000.0,
        "Diluted Average Shares": 4318388000.0,
        "Basic Average Shares": 4314556000.0,
        "Diluted EPS": 0.66,
        "Basic EPS": 0.66,
        "Diluted NI Availto Com Stockholders": 2836000000.0,
        "Net Income Common Stockholders": 2836000000.0,
        "Net Income": 2836000000.0,
        "Minority Interests": -21000000.0,
        "Net Income Including Noncontrolling Interests": 2857000000.0,
        "Net Income Discontinuous Operations": 0.0,
        "Net Income Continuous Operations": 2857000000.0,
        "Tax Provision": 127000000.0,
        "Pretax Income": 2984000000.0,
        "Other Income Expense": -442000000.0,
        "Special Income Charges": -458000000.0,
        "Gain On Sale Of Business": NaN,
        "Other Special Charges": 383000000.0,
        "Impairment Of Capital Assets": 75000000.0,
        "Earnings From Equity Interest": 94000000.0,
        "Gain On Sale Of Security": -78000000.0,
        "Net Non Operating Interest Income Expense": -307000000.0,
        "Total Other Finance Cost": 35000000.0,
        "Interest Expense Non Operating": 297000000.0,
        "Interest Income Non Operating": 25000000.0,
        "Operating Income": 3733000000.0,
        "Operating Expense": 581000000.0,
        "Other Operating Expenses": 243000000.0,
        "Depreciation Amortization Depletion Income Statement": 12000000.0,
        "Depreciation And Amortization In Income Statement": 12000000.0,
        "Research And Development": 188000000.0,
        "Selling General And Administration": 138000000.0,
        "Selling And Marketing Expense": 26000000.0,
        "General And Administrative Expense": 138000000.0,
        "Other Gand A": 73000000.0,
        "Salaries And Wages": 65000000.0,
        "Gross Profit": 4314000000.0,
        "Cost Of Revenue": 6309000000.0,
        "Total Revenue": 10623000000.0,
        "Operating Revenue": 10581000000.0
    },
    "2023-12-31": {
        "Tax Effect Of Unusual Items": -159980641.066328,
        "Tax Rate For Calcs": 0.225008,
        "Normalized EBITDA": 5356000000.0,
        "Total Unusual Items": -711000000.0,
        "Total Unusual Items Excluding Goodwill": -711000000.0,
        "Net Income From Continuing Operation Net Minority Interest": 2418000000.0,
        "Reconciled Depreciation": 855000000.0,
        "Reconciled Cost Of Revenue": 6046000000.0,
        "EBITDA": 4645000000.0,
        "EBIT": 3790000000.0,
        "Net Interest Income": -822000000.0,
        "Interest Expense": 639000000.0,
        "Interest Income": -181000000.0,
        "Normalized Income": 2969019358.933672,
        "Net Income From Continuing And Discontinued Operation": 2418000000.0,
        "Total Expenses": 7218000000.0,
        "Total Operating Income As Reported": 5177000000.0,
        "Diluted Average Shares": 4317857143.0,
        "Basic Average Shares": 4317857143.0,
        "Diluted EPS": 0.56,
        "Basic EPS": 0.56,
        "Diluted NI Availto Com Stockholders": 2418000000.0,
        "Net Income Common Stockholders": 2418000000.0,
        "Net Income": 2418000000.0,
        "Minority Interests": -24000000.0,
        "Net Income Including Noncontrolling Interests": 2442000000.0,
        "Net Income Discontinuous Operations": 0.0,
        "Net Income Continuous Operations": 2442000000.0,
        "Tax Provision": 709000000.0,
        "Pretax Income": 3151000000.0,
        "Other Income Expense": -1863000000.0,
        "Special Income Charges": -659000000.0,
        "Gain On Sale Of Business": NaN,
        "Other Special Charges": 464000000.0,
        "Impairment Of Capital Assets": 121000000.0,
        "Earnings From Equity Interest": -1152000000.0,
        "Gain On Sale Of Security": -52000000.0,
        "Net Non Operating Interest Income Expense": -822000000.0,
        "Total Other Finance Cost": 2000000.0,
        "Interest Expense Non Operating": 639000000.0,
        "Interest Income Non Operating": -181000000.0,
        "Operating Income": 5836000000.0,
        "Operating Expense": 327000000.0,
        "Other Operating Expenses": -50000000.0,
        "Depreciation Amortization Depletion Income Statement": 10000000.0,
        "Depreciation And Amortization In Income Statement": 10000000.0,
        "Research And Development": 231000000.0,
        "Selling General And Administration": 136000000.0,
        "Selling And Marketing Expense": -39000000.0,
        "General And Administrative Expense": 175000000.0,
        "Other Gand A": 82000000.0,
        "Salaries And Wages": 93000000.0,
        "Gross Profit": 6163000000.0,
        "Cost Of Revenue": 6891000000.0,
        "Total Revenue": 13054000000.0,
        "Operating Revenue": 13011000000.0
    },
    "2024-03-31": {
        "Tax Effect Of Unusual Items": 0.0,
        "Tax Rate For Calcs": 0.209836,
        "Normalized EBITDA": 2474000000.0,
        "Total Unusual Items": -448000000.0,
        "Total Unusual Items Excluding Goodwill": -448000000.0,
        "Net Income From Continuing Operation Net Minority Interest": 1679000000.0,
        "Reconciled Depreciation": 714000000.0,
        "Reconciled Cost Of Revenue": 5367000000.0,
        "EBITDA": 2474000000.0,
        "EBIT": 2474000000.0,
        "Net Interest Income": -437000000.0,
        "Interest Expense": 339000000.0,
        "Interest Income": 109000000.0,
        "Normalized Income": 1679000000.0,
        "Net Income From Continuing And Discontinued Operation": 1679000000.0,
        "Total Expenses": 6011000000.0,
        "Total Operating Income As Reported": 2448000000.0,
        "Diluted Average Shares": 4280331182.0,
        "Basic Average Shares": 4280331182.0,
        "Diluted EPS": 0.392259,
        "Basic EPS": 0.392259,
        "Diluted NI Availto Com Stockholders": 1679000000.0,
        "Net Income Common Stockholders": 1679000000.0,
        "Net Income": 1679000000.0,
        "Minority Interests": -8000000.0,
        "Net Income Including Noncontrolling Interests": 1687000000.0,
        "Net Income Discontinuous Operations": NaN,
        "Net Income Continuous Operations": 1687000000.0,
        "Tax Provision": 448000000.0,
        "Pretax Income": 2135000000.0,
        "Other Income Expense": 124000000.0,
        "Special Income Charges": -158000000.0,
        "Gain On Sale Of Business": NaN,
        "Other Special Charges": 152000000.0,
        "Impairment Of Capital Assets": 6000000.0,
        "Earnings From Equity Interest": 124000000.0,
        "Gain On Sale Of Security": -290000000.0,
        "Net Non Operating Interest Income Expense": -437000000.0,
        "Total Other Finance Cost": 207000000.0,
        "Interest Expense Non Operating": 339000000.0,
        "Interest Income Non Operating": 109000000.0,
        "Operating Income": 2448000000.0,
        "Operating Expense": 644000000.0,
        "Other Operating Expenses": 348000000.0,
        "Depreciation Amortization Depletion Income Statement": 10000000.0,
        "Depreciation And Amortization In Income Statement": 10000000.0,
        "Research And Development": 156000000.0,
        "Selling General And Administration": 140000000.0,
        "Selling And Marketing Expense": NaN,
        "General And Administrative Expense": 130000000.0,
        "Other Gand A": 63000000.0,
        "Salaries And Wages": 67000000.0,
        "Gross Profit": 3092000000.0,
        "Cost Of Revenue": 5367000000.0,
        "Total Revenue": 8459000000.0,
        "Operating Revenue": 8459000000.0
    },
    "2024-06-30": {
        "Tax Effect Of Unusual Items": 80920000.0,
        "Tax Rate For Calcs": 0.34,
        "Normalized EBITDA": 3031000000.0,
        "Total Unusual Items": 238000000.0,
        "Total Unusual Items Excluding Goodwill": 238000000.0,
        "Net Income From Continuing Operation Net Minority Interest": 2769000000.0,
        "Reconciled Depreciation": 9000000.0,
        "Reconciled Cost Of Revenue": 6349000000.0,
        "EBITDA": 3269000000.0,
        "EBIT": 3260000000.0,
        "Net Interest Income": -603000000.0,
        "Interest Expense": 525000000.0,
        "Interest Income": 3000000.0,
        "Normalized Income": 2611920000.0,
        "Net Income From Continuing And Discontinued Operation": 2769000000.0,
        "Total Expenses": 6932000000.0,
        "Total Operating Income As Reported": 3875000000.0,
        "Diluted Average Shares": 4279782000.0,
        "Basic Average Shares": 4274769000.0,
        "Diluted EPS": 0.65,
        "Basic EPS": 0.65,
        "Diluted NI Availto Com Stockholders": 2769000000.0,
        "Net Income Common Stockholders": 2769000000.0,
        "Net Income": 2769000000.0,
        "Minority Interests": 0.0,
        "Net Income Including Noncontrolling Interests": 2769000000.0,
        "Net Income Discontinuous Operations": NaN,
        "Net Income Continuous Operations": 2769000000.0,
        "Tax Provision": -34000000.0,
        "Pretax Income": 2735000000.0,
        "Other Income Expense": 350000000.0,
        "Special Income Charges": 887000000.0,
        "Gain On Sale Of Business": 1059000000.0,
        "Other Special Charges": 123000000.0,
        "Impairment Of Capital Assets": 49000000.0,
        "Earnings From Equity Interest": 112000000.0,
        "Gain On Sale Of Security": -649000000.0,
        "Net Non Operating Interest Income Expense": -603000000.0,
        "Total Other Finance Cost": 81000000.0,
        "Interest Expense Non Operating": 525000000.0,
        "Interest Income Non Operating": 3000000.0,
        "Operating Income": 2988000000.0,
        "Operating Expense": 583000000.0,
        "Other Operating Expenses": 257000000.0,
        "Depreciation Amortization Depletion Income Statement": 9000000.0,
        "Depreciation And Amortization In Income Statement": 9000000.0,
        "Research And Development": 189000000.0,
        "Selling General And Administration": 128000000.0,
        "Selling And Marketing Expense": NaN,
        "General And Administrative Expense": 128000000.0,
        "Other Gand A": 76000000.0,
        "Salaries And Wages": 52000000.0,
        "Gross Profit": 3571000000.0,
        "Cost Of Revenue": 6349000000.0,
        "Total Revenue": 9920000000.0,
        "Operating Revenue": 9873000000.0
    },
    "2024-09-30": {
        "Tax Effect Of Unusual Items": 103744774.477448,
        "Tax Rate For Calcs": 0.123212,
        "Normalized EBITDA": 2955000000.0,
        "Total Unusual Items": 842000000.0,
        "Total Unusual Items Excluding Goodwill": 842000000.0,
        "Net Income From Continuing Operation Net Minority Interest": 2412000000.0,
        "Reconciled Depreciation": 748000000.0,
        "Reconciled Cost Of Revenue": 5547000000.0,
        "EBITDA": 3797000000.0,
        "EBIT": 3049000000.0,
        "Net Interest Income": -238000000.0,
        "Interest Expense": 322000000.0,
        "Interest Income": 43000000.0,
        "Normalized Income": 1673744774.477448,
        "Net Income From Continuing And Discontinued Operation": 2412000000.0,
        "Total Expenses": 6856000000.0,
        "Total Operating Income As Reported": 3675000000.0,
        "Diluted Average Shares": 4274508000.0,
        "Basic Average Shares": 4269495000.0,
        "Diluted EPS": 0.56,
        "Basic EPS": 0.56,
        "Diluted NI Availto Com Stockholders": 2412000000.0,
        "Net Income Common Stockholders": 2412000000.0,
        "Net Income": 2412000000.0,
        "Minority Interests": 21000000.0,
        "Net Income Including Noncontrolling Interests": 2391000000.0,
        "Net Income Discontinuous Operations": NaN,
        "Net Income Continuous Operations": 2391000000.0,
        "Tax Provision": 336000000.0,
        "Pretax Income": 2727000000.0,
        "Other Income Expense": 268000000.0,
        "Special Income Charges": 978000000.0,
        "Gain On Sale Of Business": NaN,
        "Other Special Charges": 166000000.0,
        "Impairment Of Capital Assets": -1144000000.0,
        "Earnings From Equity Interest": -574000000.0,
        "Gain On Sale Of Security": -136000000.0,
        "Net Non Operating Interest Income Expense": -238000000.0,
        "Total Other Finance Cost": -41000000.0,
        "Interest Expense Non Operating": 322000000.0,
        "Interest Income Non Operating": 43000000.0,
        "Operating Income": 2697000000.0,
        "Operating Expense": 575000000.0,
        "Other Operating Expenses": 244000000.0,
        "Depreciation Amortization Depletion Income Statement": 14000000.0,
        "Depreciation And Amortization In Income Statement": 14000000.0,
        "Research And Development": 192000000.0,
        "Selling General And Administration": 125000000.0,
        "Selling And Marketing Expense": NaN,
        "General And Administrative Expense": 125000000.0,
        "Other Gand A": 74000000.0,
        "Salaries And Wages": 51000000.0,
        "Gross Profit": 3272000000.0,
        "Cost Of Revenue": 6281000000.0,
        "Total Revenue": 9553000000.0,
        "Operating Revenue": 9542000000.0
    }
}