{
    "2023-03-31": {
        "Tax Effect Of Unusual Items": 0.0,
        "Tax Rate For Calcs": 0.0,
        "Normalized EBITDA": -6601000.0,
        "Total Unusual Items": NaN,
        "Total Unusual Items Excluding Goodwill": NaN,
        "Net Income From Continuing Operation Net Minority Interest": -6318000.0,
        "Reconciled Depreciation": 108000.0,
        "Reconciled Cost Of Revenue": NaN,
        "EBIT": -6601000.0,
        "Normalized Income": -6318000.0,
        "Net Income From Continuing And Discontinued Operation": -6318000.0,
        "Total Expenses": 6601000.0,
        "Total Operating Income As Reported": -6601000.0,
        "Diluted Average Shares": 50755000.0,
        "Basic Average Shares": 50755000.0,
        "Diluted EPS": -0.12,
        "Basic EPS": -0.12,
        "Diluted NI Availto Com Stockholders": -6318000.0,
        "Net Income Common Stockholders": -6318000.0,
        "Net Income": -6318000.0,
        "Net Income Including Noncontrolling Interests": -6318000.0,
        "Net Income Continuous Operations": -6318000.0,
        "Pretax Income": -6318000.0,
        "Other Income Expense": 283000.0,
        "Other Non Operating Income Expenses": 283000.0,
        "Special Income Charges": NaN,
        "Operating Income": -6601000.0,
        "Operating Expense": 6601000.0,
        "Other Operating Expenses": NaN,
        "Research And Development": 3955000.0,
        "Selling General And Administration": 2646000.0,
        "General And Administrative Expense": 2646000.0,
        "Other Gand A": 2646000.0,
        "Salaries And Wages": NaN,
        "Gross Profit": NaN,
        "Cost Of Revenue": NaN,
        "Total Revenue": 0.0,
        "Operating Revenue": 0.0
    },
    "2022-12-31": {
        "Tax Effect Of Unusual Items": 0.0,
        "Tax Rate For Calcs": 0.0,
        "Normalized EBITDA": -7680000.0,
        "Total Unusual Items": NaN,
        "Total Unusual Items Excluding Goodwill": NaN,
        "Net Income From Continuing Operation Net Minority Interest": -7284000.0,
        "Reconciled Depreciation": 110000.0,
        "Reconciled Cost Of Revenue": NaN,
        "EBIT": -7790000.0,
        "Normalized Income": -7284000.0,
        "Net Income From Continuing And Discontinued Operation": -7284000.0,
        "Total Expenses": 7790000.0,
        "Total Operating Income As Reported": -7790000.0,
        "Diluted Average Shares": 39828000.0,
        "Basic Average Shares": 39828000.0,
        "Diluted EPS": -0.18,
        "Basic EPS": -0.18,
        "Diluted NI Availto Com Stockholders": -7284000.0,
        "Net Income Common Stockholders": -7284000.0,
        "Net Income": -7284000.0,
        "Net Income Including Noncontrolling Interests": -7284000.0,
        "Net Income Continuous Operations": -7284000.0,
        "Pretax Income": -7284000.0,
        "Other Income Expense": 506000.0,
        "Other Non Operating Income Expenses": -6371000.0,
        "Special Income Charges": NaN,
        "Operating Income": -7790000.0,
        "Operating Expense": 7790000.0,
        "Other Operating Expenses": NaN,
        "Research And Development": 4431000.0,
        "Selling General And Administration": 3363000.0,
        "General And Administrative Expense": 3363000.0,
        "Other Gand A": 3363000.0,
        "Salaries And Wages": NaN,
        "Gross Profit": NaN,
        "Cost Of Revenue": NaN,
        "Total Revenue": 0.0,
        "Operating Revenue": 0.0
    },
    "2022-09-30": {
        "Tax Effect Of Unusual Items": 0.0,
        "Tax Rate For Calcs": 0.4,
        "Normalized EBITDA": -5444000.0,
        "Total Unusual Items": NaN,
        "Total Unusual Items Excluding Goodwill": NaN,
        "Net Income From Continuing Operation Net Minority Interest": 1423000.0,
        "Reconciled Depreciation": 101000.0,
        "Reconciled Cost Of Revenue": 0.0,
        "EBIT": -5444000.0,
        "Normalized Income": 1423000.0,
        "Net Income From Continuing And Discontinued Operation": 1423000.0,
        "Total Expenses": 5444000.0,
        "Total Operating Income As Reported": -5444000.0,
        "Diluted Average Shares": 38477000.0,
        "Basic Average Shares": 37965000.0,
        "Diluted EPS": 0.04,
        "Basic EPS": 0.04,
        "Diluted NI Availto Com Stockholders": 1423000.0,
        "Net Income Common Stockholders": 1423000.0,
        "Net Income": 1423000.0,
        "Net Income Including Noncontrolling Interests": 1423000.0,
        "Net Income Continuous Operations": 1423000.0,
        "Pretax Income": 1423000.0,
        "Other Income Expense": 6867000.0,
        "Other Non Operating Income Expenses": 6867000.0,
        "Special Income Charges": NaN,
        "Operating Income": -5444000.0,
        "Operating Expense": 5444000.0,
        "Other Operating Expenses": 4000.0,
        "Research And Development": 3855000.0,
        "Selling General And Administration": 1585000.0,
        "General And Administrative Expense": 1585000.0,
        "Other Gand A": 1585000.0,
        "Salaries And Wages": NaN,
        "Gross Profit": 0.0,
        "Cost Of Revenue": 0.0,
        "Total Revenue": 0.0,
        "Operating Revenue": 0.0
    },
    "2022-06-30": {
        "Tax Effect Of Unusual Items": 0.0,
        "Tax Rate For Calcs": 0.0,
        "Normalized EBITDA": -4087000.0,
        "Total Unusual Items": 0.0,
        "Total Unusual Items Excluding Goodwill": 0.0,
        "Net Income From Continuing Operation Net Minority Interest": -4103000.0,
        "Reconciled Depreciation": 87000.0,
        "Reconciled Cost Of Revenue": NaN,
        "EBIT": -4087000.0,
        "Normalized Income": -4103000.0,
        "Net Income From Continuing And Discontinued Operation": -4103000.0,
        "Total Expenses": 4087000.0,
        "Total Operating Income As Reported": -4087000.0,
        "Diluted Average Shares": 50726329.0,
        "Basic Average Shares": 50726329.0,
        "Diluted EPS": -0.080885,
        "Basic EPS": -0.080885,
        "Diluted NI Availto Com Stockholders": -4103000.0,
        "Net Income Common Stockholders": -4103000.0,
        "Net Income": -4103000.0,
        "Net Income Including Noncontrolling Interests": -4103000.0,
        "Net Income Continuous Operations": -4103000.0,
        "Pretax Income": -4103000.0,
        "Other Income Expense": -16000.0,
        "Other Non Operating Income Expenses": -16000.0,
        "Special Income Charges": 0.0,
        "Operating Income": -4087000.0,
        "Operating Expense": 4087000.0,
        "Other Operating Expenses": NaN,
        "Research And Development": 3203000.0,
        "Selling General And Administration": 884000.0,
        "General And Administrative Expense": 884000.0,
        "Other Gand A": 884000.0,
        "Salaries And Wages": 70000.0,
        "Gross Profit": NaN,
        "Cost Of Revenue": NaN,
        "Total Revenue": 0.0,
        "Operating Revenue": 0.0
    },
    "2022-03-31": {
        "Diluted EPS": -0.11,
        "Total Revenue": NaN,
        "Gross Profit": NaN,
        "Operating Income": -4,
        "EBIT": -4,
        "Net Income": -4
    },
    "2021-12-31": {
        "Diluted EPS": 0.31,
        "Total Revenue": NaN,
        "Gross Profit": NaN,
        "Operating Income": -5,
        "EBIT": -5,
        "Net Income": -4
    },
    "2021-09-30": {
        "Diluted EPS": -0.1,
        "Total Revenue": NaN,
        "Gross Profit": NaN,
        "Operating Income": -3,
        "EBIT": -3,
        "Net Income": -3
    },
    "2021-06-30": {
        "Diluted EPS": -0.24,
        "Total Revenue": NaN,
        "Gross Profit": NaN,
        "Operating Income": -2,
        "EBIT": -2,
        "Net Income": -2
    },
    "2021-03-31": {
        "Diluted EPS": -0.36,
        "Total Revenue": NaN,
        "Gross Profit": NaN,
        "Operating Income": -3,
        "EBIT": -3,
        "Net Income": -3
    },
    "2020-12-31": {
        "Diluted EPS": 0.21,
        "Total Revenue": NaN,
        "Gross Profit": NaN,
        "Operating Income": -1,
        "EBIT": -1,
        "Net Income": -1
    },
    "2020-09-30": {
        "Diluted EPS": -0.21,
        "Total Revenue": NaN,
        "Gross Profit": NaN,
        "Operating Income": -2,
        "EBIT": -2,
        "Net Income": -2
    },
    "2020-06-30": {
        "Diluted EPS": -0.45,
        "Total Revenue": NaN,
        "Gross Profit": NaN,
        "Operating Income": -3,
        "EBIT": -3,
        "Net Income": -3
    },
    "2020-03-31": {
        "Diluted EPS": -1.71,
        "Total Revenue": NaN,
        "Gross Profit": NaN,
        "Operating Income": -9,
        "EBIT": -9,
        "Net Income": -9
    },
    "2019-12-31": {
        "Diluted EPS": -1.29,
        "Total Revenue": 0,
        "Gross Profit": 0,
        "Operating Income": -8,
        "EBIT": -8,
        "Net Income": -8
    },
    "2019-09-30": {
        "Diluted EPS": -1.47,
        "Total Revenue": 0,
        "Gross Profit": 0,
        "Operating Income": -8,
        "EBIT": -8,
        "Net Income": -8
    },
    "2019-06-30": {
        "Diluted EPS": -1.68,
        "Total Revenue": 1,
        "Gross Profit": 0,
        "Operating Income": -8,
        "EBIT": -8,
        "Net Income": -8
    },
    "2019-03-31": {
        "Diluted EPS": -2.4,
        "Total Revenue": 1,
        "Gross Profit": 0,
        "Operating Income": -10,
        "EBIT": -10,
        "Net Income": -10
    },
    "2018-12-31": {
        "Diluted EPS": -2.85,
        "Total Revenue": 2,
        "Gross Profit": 0,
        "Operating Income": -9,
        "EBIT": -9,
        "Net Income": -9
    },
    "2018-09-30": {
        "Diluted EPS": -2.88,
        "Total Revenue": 2,
        "Gross Profit": 0,
        "Operating Income": -9,
        "EBIT": -8,
        "Net Income": -9
    },
    "2018-06-30": {
        "Diluted EPS": -2.88,
        "Total Revenue": 2,
        "Gross Profit": 1,
        "Operating Income": -8,
        "EBIT": -8,
        "Net Income": -8
    },
    "2018-03-31": {
        "Diluted EPS": -4.08,
        "Total Revenue": 1,
        "Gross Profit": 0,
        "Operating Income": -10,
        "EBIT": -10,
        "Net Income": -10
    },
    "2017-12-31": {
        "Diluted EPS": -3.12,
        "Total Revenue": 3,
        "Gross Profit": 1,
        "Operating Income": -7,
        "EBIT": -7,
        "Net Income": -7
    },
    "2017-09-30": {
        "Diluted EPS": -2.88,
        "Total Revenue": 2,
        "Gross Profit": 1,
        "Operating Income": -7,
        "EBIT": -7,
        "Net Income": -7
    },
    "2017-06-30": {
        "Diluted EPS": -2.88,
        "Total Revenue": 2,
        "Gross Profit": 1,
        "Operating Income": -7,
        "EBIT": -7,
        "Net Income": -7
    },
    "2017-03-31": {
        "Diluted EPS": -3.84,
        "Total Revenue": 1,
        "Gross Profit": 0,
        "Operating Income": -8,
        "EBIT": -7,
        "Net Income": -8
    },
    "2016-12-31": {
        "Diluted EPS": -6.0,
        "Total Revenue": 1,
        "Gross Profit": -3,
        "Operating Income": -10,
        "EBIT": -10,
        "Net Income": -10
    },
    "2016-09-30": {
        "Diluted EPS": -4.8,
        "Total Revenue": 1,
        "Gross Profit": -1,
        "Operating Income": -8,
        "EBIT": -8,
        "Net Income": -8
    },
    "2016-06-30": {
        "Diluted EPS": -5.52,
        "Total Revenue": 1,
        "Gross Profit": -2,
        "Operating Income": -9,
        "EBIT": -8,
        "Net Income": -9
    },
    "2016-03-31": {
        "Diluted EPS": -3.84,
        "Total Revenue": 1,
        "Gross Profit": 0,
        "Operating Income": -6,
        "EBIT": -6,
        "Net Income": -6
    },
    "2015-12-31": {
        "Diluted EPS": -3.6,
        "Total Revenue": 2,
        "Gross Profit": 1,
        "Operating Income": -5,
        "EBIT": -5,
        "Net Income": -5
    },
    "2015-09-30": {
        "Diluted EPS": -3.12,
        "Total Revenue": 2,
        "Gross Profit": 1,
        "Operating Income": -5,
        "EBIT": -5,
        "Net Income": -5
    },
    "2015-06-30": {
        "Diluted EPS": -3.36,
        "Total Revenue": 3,
        "Gross Profit": 1,
        "Operating Income": -5,
        "EBIT": -5,
        "Net Income": -5
    },
    "2015-03-31": {
        "Diluted EPS": -3.36,
        "Total Revenue": 2,
        "Gross Profit": 0,
        "Operating Income": -5,
        "EBIT": -5,
        "Net Income": -5
    },
    "2014-12-31": {
        "Diluted EPS": -11.04,
        "Total Revenue": 2,
        "Gross Profit": 0,
        "Operating Income": -6,
        "EBIT": -5,
        "Net Income": -14
    },
    "2014-09-30": {
        "Diluted EPS": -7.44,
        "Total Revenue": 1,
        "Gross Profit": 0,
        "Operating Income": -6,
        "EBIT": -4,
        "Net Income": -8
    },
    "2014-06-30": {
        "Diluted EPS": -7.68,
        "Total Revenue": 1,
        "Gross Profit": 0,
        "Operating Income": -6,
        "EBIT": -4,
        "Net Income": -8
    },
    "2014-03-31": {
        "Diluted EPS": -6.72,
        "Total Revenue": 1,
        "Gross Profit": 0,
        "Operating Income": -4,
        "EBIT": -3,
        "Net Income": -6
    },
    "2013-12-31": {
        "Diluted EPS": 0.0,
        "Total Revenue": NaN,
        "Gross Profit": NaN,
        "Operating Income": NaN,
        "EBIT": NaN,
        "Net Income": NaN
    },
    "2012-12-31": {
        "Diluted EPS": 0.0,
        "Total Revenue": NaN,
        "Gross Profit": NaN,
        "Operating Income": NaN,
        "EBIT": NaN,
        "Net Income": NaN
    },
    "2023-06-30": {
        "Tax Effect Of Unusual Items": 0.0,
        "Tax Rate For Calcs": 0.0,
        "Normalized EBITDA": -6923000.0,
        "Total Unusual Items": NaN,
        "Total Unusual Items Excluding Goodwill": NaN,
        "Net Income From Continuing Operation Net Minority Interest": -6526000.0,
        "Reconciled Depreciation": 80000.0,
        "Reconciled Cost Of Revenue": NaN,
        "EBIT": -7003000.0,
        "Normalized Income": -6526000.0,
        "Net Income From Continuing And Discontinued Operation": -6526000.0,
        "Total Expenses": 7003000.0,
        "Total Operating Income As Reported": -7003000.0,
        "Diluted Average Shares": 50795000.0,
        "Basic Average Shares": 50795000.0,
        "Diluted EPS": -0.13,
        "Basic EPS": -0.13,
        "Diluted NI Availto Com Stockholders": -6526000.0,
        "Net Income Common Stockholders": -6526000.0,
        "Net Income": -6526000.0,
        "Net Income Including Noncontrolling Interests": -6526000.0,
        "Net Income Continuous Operations": -6526000.0,
        "Pretax Income": -6526000.0,
        "Other Income Expense": 477000.0,
        "Other Non Operating Income Expenses": 477000.0,
        "Special Income Charges": NaN,
        "Operating Income": -7003000.0,
        "Operating Expense": 7003000.0,
        "Other Operating Expenses": NaN,
        "Research And Development": 3864000.0,
        "Selling General And Administration": 3139000.0,
        "General And Administrative Expense": 3139000.0,
        "Other Gand A": 2899000.0,
        "Salaries And Wages": 240000.0,
        "Gross Profit": NaN,
        "Cost Of Revenue": NaN,
        "Total Revenue": 0.0,
        "Operating Revenue": 0.0
    }
}