{
    "2023-03-31": {
        "Tax Effect Of Unusual Items": 0.0,
        "Tax Rate For Calcs": 0.0,
        "Normalized EBITDA": -18499000.0,
        "Total Unusual Items": -6813000.0,
        "Total Unusual Items Excluding Goodwill": -6813000.0,
        "Net Income From Continuing Operation Net Minority Interest": -27751000.0,
        "Reconciled Depreciation": 508000.0,
        "Reconciled Cost Of Revenue": 3559000.0,
        "EBITDA": -25312000.0,
        "EBIT": -25820000.0,
        "Net Interest Income": -1429000.0,
        "Interest Expense": 1931000.0,
        "Interest Income": 502000.0,
        "Normalized Income": -20938000.0,
        "Net Income From Continuing And Discontinued Operation": -27751000.0,
        "Total Expenses": 19994000.0,
        "Total Operating Income As Reported": -19509000.0,
        "Diluted Average Shares": 8608539.0,
        "Basic Average Shares": 8608539.0,
        "Diluted EPS": -3.22,
        "Basic EPS": -3.22,
        "Diluted NI Availto Com Stockholders": -27751000.0,
        "Net Income Common Stockholders": -27751000.0,
        "Otherunder Preferred Stock Dividend": NaN,
        "Net Income": -27751000.0,
        "Net Income Including Noncontrolling Interests": -27751000.0,
        "Net Income Continuous Operations": -27751000.0,
        "Tax Provision": 0.0,
        "Pretax Income": -27751000.0,
        "Other Income Expense": -6813000.0,
        "Special Income Charges": NaN,
        "Other Special Charges": NaN,
        "Impairment Of Capital Assets": NaN,
        "Gain On Sale Of Security": -6813000.0,
        "Net Non Operating Interest Income Expense": -1429000.0,
        "Interest Expense Non Operating": 1931000.0,
        "Interest Income Non Operating": 502000.0,
        "Operating Income": -19509000.0,
        "Operating Expense": 16435000.0,
        "Research And Development": 3151000.0,
        "Selling General And Administration": 13284000.0,
        "General And Administrative Expense": NaN,
        "Other Gand A": NaN,
        "Gross Profit": -3074000.0,
        "Cost Of Revenue": 3559000.0,
        "Total Revenue": 485000.0,
        "Operating Revenue": 485000.0
    },
    "2022-12-31": {
        "Tax Effect Of Unusual Items": NaN,
        "Tax Rate For Calcs": NaN,
        "Normalized EBITDA": NaN,
        "Total Unusual Items": NaN,
        "Total Unusual Items Excluding Goodwill": NaN,
        "Net Income From Continuing Operation Net Minority Interest": NaN,
        "Reconciled Depreciation": NaN,
        "Reconciled Cost Of Revenue": NaN,
        "EBITDA": NaN,
        "EBIT": NaN,
        "Net Interest Income": NaN,
        "Interest Expense": NaN,
        "Interest Income": NaN,
        "Normalized Income": NaN,
        "Net Income From Continuing And Discontinued Operation": NaN,
        "Total Expenses": NaN,
        "Total Operating Income As Reported": NaN,
        "Diluted Average Shares": NaN,
        "Basic Average Shares": NaN,
        "Diluted EPS": NaN,
        "Basic EPS": NaN,
        "Diluted NI Availto Com Stockholders": NaN,
        "Net Income Common Stockholders": NaN,
        "Otherunder Preferred Stock Dividend": NaN,
        "Net Income": NaN,
        "Net Income Including Noncontrolling Interests": NaN,
        "Net Income Continuous Operations": NaN,
        "Tax Provision": NaN,
        "Pretax Income": NaN,
        "Other Income Expense": NaN,
        "Special Income Charges": 0.0,
        "Other Special Charges": 0.0,
        "Impairment Of Capital Assets": NaN,
        "Gain On Sale Of Security": NaN,
        "Net Non Operating Interest Income Expense": NaN,
        "Interest Expense Non Operating": NaN,
        "Interest Income Non Operating": NaN,
        "Operating Income": NaN,
        "Operating Expense": NaN,
        "Research And Development": NaN,
        "Selling General And Administration": NaN,
        "General And Administrative Expense": 15886000.0,
        "Other Gand A": 15886000.0,
        "Gross Profit": NaN,
        "Cost Of Revenue": NaN,
        "Total Revenue": NaN,
        "Operating Revenue": NaN
    },
    "2022-09-30": {
        "Tax Effect Of Unusual Items": NaN,
        "Tax Rate For Calcs": NaN,
        "Normalized EBITDA": NaN,
        "Total Unusual Items": NaN,
        "Total Unusual Items Excluding Goodwill": NaN,
        "Net Income From Continuing Operation Net Minority Interest": NaN,
        "Reconciled Depreciation": NaN,
        "Reconciled Cost Of Revenue": NaN,
        "EBITDA": NaN,
        "EBIT": NaN,
        "Net Interest Income": NaN,
        "Interest Expense": NaN,
        "Interest Income": NaN,
        "Normalized Income": NaN,
        "Net Income From Continuing And Discontinued Operation": NaN,
        "Total Expenses": NaN,
        "Total Operating Income As Reported": NaN,
        "Diluted Average Shares": 8608539.0,
        "Basic Average Shares": 8608539.0,
        "Diluted EPS": -2.93,
        "Basic EPS": -2.93,
        "Diluted NI Availto Com Stockholders": NaN,
        "Net Income Common Stockholders": NaN,
        "Otherunder Preferred Stock Dividend": 0.0,
        "Net Income": NaN,
        "Net Income Including Noncontrolling Interests": NaN,
        "Net Income Continuous Operations": NaN,
        "Tax Provision": NaN,
        "Pretax Income": NaN,
        "Other Income Expense": NaN,
        "Special Income Charges": -172000.0,
        "Other Special Charges": 172000.0,
        "Impairment Of Capital Assets": 0.0,
        "Gain On Sale Of Security": NaN,
        "Net Non Operating Interest Income Expense": NaN,
        "Interest Expense Non Operating": NaN,
        "Interest Income Non Operating": NaN,
        "Operating Income": NaN,
        "Operating Expense": NaN,
        "Research And Development": NaN,
        "Selling General And Administration": NaN,
        "General And Administrative Expense": 14220000.0,
        "Other Gand A": 14220000.0,
        "Gross Profit": NaN,
        "Cost Of Revenue": NaN,
        "Total Revenue": NaN,
        "Operating Revenue": NaN
    },
    "2022-06-30": {
        "Tax Effect Of Unusual Items": 0.0,
        "Tax Rate For Calcs": 0.0,
        "Normalized EBITDA": -22182000.0,
        "Total Unusual Items": -21895000.0,
        "Total Unusual Items Excluding Goodwill": -21895000.0,
        "Net Income From Continuing Operation Net Minority Interest": -45699000.0,
        "Reconciled Depreciation": 542000.0,
        "Reconciled Cost Of Revenue": 2522000.0,
        "EBITDA": -44077000.0,
        "EBIT": -44619000.0,
        "Net Interest Income": -901000.0,
        "Interest Expense": 1080000.0,
        "Interest Income": 179000.0,
        "Normalized Income": -23804000.0,
        "Net Income From Continuing And Discontinued Operation": -45699000.0,
        "Total Expenses": 23249000.0,
        "Total Operating Income As Reported": -22903000.0,
        "Diluted Average Shares": 8608539.0,
        "Basic Average Shares": 8608539.0,
        "Diluted EPS": -5.31,
        "Basic EPS": -5.31,
        "Diluted NI Availto Com Stockholders": -45699000.0,
        "Net Income Common Stockholders": -45699000.0,
        "Net Income": -45699000.0,
        "Net Income Including Noncontrolling Interests": -45699000.0,
        "Net Income Continuous Operations": -45699000.0,
        "Tax Provision": 0.0,
        "Pretax Income": -45699000.0,
        "Other Income Expense": -21895000.0,
        "Special Income Charges": NaN,
        "Other Special Charges": NaN,
        "Impairment Of Capital Assets": NaN,
        "Gain On Sale Of Security": -21895000.0,
        "Net Non Operating Interest Income Expense": -901000.0,
        "Interest Expense Non Operating": 1080000.0,
        "Interest Income Non Operating": 179000.0,
        "Operating Income": -22903000.0,
        "Operating Expense": 20727000.0,
        "Research And Development": 5643000.0,
        "Selling General And Administration": 15084000.0,
        "General And Administrative Expense": 15084000.0,
        "Other Gand A": 15084000.0,
        "Gross Profit": -2176000.0,
        "Cost Of Revenue": 2522000.0,
        "Total Revenue": 346000.0,
        "Operating Revenue": 346000.0
    },
    "2022-03-31": {
        "Diluted EPS": -2.47,
        "Total Revenue": 0,
        "Gross Profit": -3,
        "Operating Income": -16,
        "EBIT": -15,
        "Net Income": -21
    },
    "2021-12-31": {
        "Diluted EPS": -2.1,
        "Total Revenue": 0,
        "Gross Profit": -3,
        "Operating Income": -21,
        "EBIT": -20,
        "Net Income": -19
    },
    "2021-09-30": {
        "Diluted EPS": -1.8,
        "Total Revenue": 0,
        "Gross Profit": -2,
        "Operating Income": -15,
        "EBIT": -14,
        "Net Income": -16
    },
    "2021-06-30": {
        "Diluted EPS": -2.1,
        "Total Revenue": 0,
        "Gross Profit": -2,
        "Operating Income": -16,
        "EBIT": -16,
        "Net Income": -17
    },
    "2021-03-31": {
        "Diluted EPS": -2.1,
        "Total Revenue": 0,
        "Gross Profit": -2,
        "Operating Income": -16,
        "EBIT": -14,
        "Net Income": -18
    },
    "2020-12-31": {
        "Diluted EPS": -1.8,
        "Total Revenue": 0,
        "Gross Profit": -2,
        "Operating Income": -14,
        "EBIT": -13,
        "Net Income": -15
    },
    "2020-09-30": {
        "Diluted EPS": -1.8,
        "Total Revenue": 0,
        "Gross Profit": -2,
        "Operating Income": -12,
        "EBIT": -11,
        "Net Income": -13
    },
    "2020-06-30": {
        "Diluted EPS": -1.2,
        "Total Revenue": 0,
        "Gross Profit": -2,
        "Operating Income": -8,
        "EBIT": -7,
        "Net Income": -10
    },
    "2020-03-31": {
        "Diluted EPS": -1.5,
        "Total Revenue": 0,
        "Gross Profit": -2,
        "Operating Income": -9,
        "EBIT": -9,
        "Net Income": -8
    },
    "2019-12-31": {
        "Diluted EPS": -0.9,
        "Total Revenue": 1,
        "Gross Profit": -2,
        "Operating Income": -10,
        "EBIT": -16,
        "Net Income": -11
    },
    "2019-09-30": {
        "Diluted EPS": -4.51,
        "Total Revenue": 1,
        "Gross Profit": -1,
        "Operating Income": -16,
        "EBIT": -9,
        "Net Income": -16
    },
    "2019-06-30": {
        "Diluted EPS": -3.9,
        "Total Revenue": 1,
        "Gross Profit": -2,
        "Operating Income": -12,
        "EBIT": -12,
        "Net Income": -13
    },
    "2019-03-31": {
        "Diluted EPS": -4.51,
        "Total Revenue": 0,
        "Gross Profit": -1,
        "Operating Income": -14,
        "EBIT": -13,
        "Net Income": -15
    },
    "2018-12-31": {
        "Diluted EPS": -8.41,
        "Total Revenue": 3,
        "Gross Profit": 1,
        "Operating Income": -19,
        "EBIT": -18,
        "Net Income": -19
    },
    "2018-09-30": {
        "Diluted EPS": -7.21,
        "Total Revenue": 0,
        "Gross Profit": -1,
        "Operating Income": -15,
        "EBIT": -14,
        "Net Income": -15
    },
    "2018-06-30": {
        "Diluted EPS": -7.81,
        "Total Revenue": 0,
        "Gross Profit": -1,
        "Operating Income": -16,
        "EBIT": -15,
        "Net Income": -17
    },
    "2018-03-31": {
        "Diluted EPS": -5.71,
        "Total Revenue": 0,
        "Gross Profit": -1,
        "Operating Income": -12,
        "EBIT": -11,
        "Net Income": -12
    },
    "2017-12-31": {
        "Diluted EPS": -6.01,
        "Total Revenue": 0,
        "Gross Profit": -1,
        "Operating Income": -11,
        "EBIT": -10,
        "Net Income": -12
    },
    "2017-09-30": {
        "Diluted EPS": -7.21,
        "Total Revenue": 0,
        "Gross Profit": -1,
        "Operating Income": -9,
        "EBIT": -8,
        "Net Income": -10
    },
    "2017-06-30": {
        "Diluted EPS": -6.61,
        "Total Revenue": 0,
        "Gross Profit": -1,
        "Operating Income": -8,
        "EBIT": -8,
        "Net Income": -9
    },
    "2017-03-31": {
        "Diluted EPS": -6.61,
        "Total Revenue": 0,
        "Gross Profit": -1,
        "Operating Income": -9,
        "EBIT": -8,
        "Net Income": -9
    },
    "2016-12-31": {
        "Diluted EPS": -8.41,
        "Total Revenue": 0,
        "Gross Profit": -1,
        "Operating Income": -9,
        "EBIT": -8,
        "Net Income": -8
    },
    "2016-09-30": {
        "Diluted EPS": -6.01,
        "Total Revenue": 0,
        "Gross Profit": -1,
        "Operating Income": -8,
        "EBIT": -8,
        "Net Income": -7
    },
    "2016-06-30": {
        "Diluted EPS": -6.91,
        "Total Revenue": 0,
        "Gross Profit": -1,
        "Operating Income": -6,
        "EBIT": -6,
        "Net Income": -6
    },
    "2016-03-31": {
        "Diluted EPS": -1.8,
        "Total Revenue": 0,
        "Gross Profit": 0,
        "Operating Income": -3,
        "EBIT": -2,
        "Net Income": -1
    },
    "2015-12-31": {
        "Diluted EPS": 0.0,
        "Total Revenue": NaN,
        "Gross Profit": NaN,
        "Operating Income": NaN,
        "EBIT": NaN,
        "Net Income": NaN
    },
    "2023-06-30": {
        "Tax Effect Of Unusual Items": 0.0,
        "Tax Rate For Calcs": 0.0,
        "Normalized EBITDA": -16162000.0,
        "Total Unusual Items": -25948000.0,
        "Total Unusual Items Excluding Goodwill": -25948000.0,
        "Net Income From Continuing Operation Net Minority Interest": -44628000.0,
        "Reconciled Depreciation": 510000.0,
        "Reconciled Cost Of Revenue": 3483000.0,
        "EBITDA": -42110000.0,
        "EBIT": -42620000.0,
        "Net Interest Income": -1708000.0,
        "Interest Expense": 2008000.0,
        "Interest Income": 300000.0,
        "Normalized Income": -18680000.0,
        "Net Income From Continuing And Discontinued Operation": -44628000.0,
        "Total Expenses": 17692000.0,
        "Total Operating Income As Reported": -36972000.0,
        "Diluted Average Shares": 8608539.0,
        "Basic Average Shares": 8608539.0,
        "Diluted EPS": -5.18,
        "Basic EPS": -5.18,
        "Diluted NI Availto Com Stockholders": -44628000.0,
        "Net Income Common Stockholders": -44628000.0,
        "Otherunder Preferred Stock Dividend": NaN,
        "Net Income": -44628000.0,
        "Net Income Including Noncontrolling Interests": -44628000.0,
        "Net Income Continuous Operations": -44628000.0,
        "Tax Provision": 0.0,
        "Pretax Income": -44628000.0,
        "Other Income Expense": -25948000.0,
        "Special Income Charges": -20000000.0,
        "Other Special Charges": NaN,
        "Impairment Of Capital Assets": 20000000.0,
        "Gain On Sale Of Security": -5948000.0,
        "Net Non Operating Interest Income Expense": -1708000.0,
        "Interest Expense Non Operating": 2008000.0,
        "Interest Income Non Operating": 300000.0,
        "Operating Income": -16972000.0,
        "Operating Expense": 14209000.0,
        "Research And Development": 3292000.0,
        "Selling General And Administration": 10917000.0,
        "General And Administrative Expense": 10917000.0,
        "Other Gand A": 10917000.0,
        "Gross Profit": -2763000.0,
        "Cost Of Revenue": 3483000.0,
        "Total Revenue": 720000.0,
        "Operating Revenue": 720000.0
    },
    "2023-09-30": {
        "Tax Effect Of Unusual Items": 0.0,
        "Tax Rate For Calcs": 0.0,
        "Normalized EBITDA": -5456000.0,
        "Total Unusual Items": -12432000.0,
        "Total Unusual Items Excluding Goodwill": -12432000.0,
        "Net Income From Continuing Operation Net Minority Interest": -20444000.0,
        "Reconciled Depreciation": 498000.0,
        "Reconciled Cost Of Revenue": 2525000.0,
        "EBITDA": -17888000.0,
        "EBIT": -18386000.0,
        "Net Interest Income": -1543000.0,
        "Interest Expense": 2058000.0,
        "Interest Income": 515000.0,
        "Normalized Income": -8012000.0,
        "Net Income From Continuing And Discontinued Operation": -20444000.0,
        "Total Expenses": 13093000.0,
        "Total Operating Income As Reported": -10069000.0,
        "Diluted Average Shares": 21166818.0,
        "Basic Average Shares": 21166818.0,
        "Diluted EPS": -1.01,
        "Basic EPS": -1.01,
        "Diluted NI Availto Com Stockholders": -21306000.0,
        "Net Income Common Stockholders": -21306000.0,
        "Otherunder Preferred Stock Dividend": 862000.0,
        "Net Income": -20444000.0,
        "Net Income Including Noncontrolling Interests": -20444000.0,
        "Net Income Continuous Operations": -20444000.0,
        "Tax Provision": 0.0,
        "Pretax Income": -20444000.0,
        "Other Income Expense": -12432000.0,
        "Special Income Charges": -3600000.0,
        "Other Special Charges": NaN,
        "Impairment Of Capital Assets": 3600000.0,
        "Gain On Sale Of Security": -8832000.0,
        "Net Non Operating Interest Income Expense": -1543000.0,
        "Interest Expense Non Operating": 2058000.0,
        "Interest Income Non Operating": 515000.0,
        "Operating Income": -6469000.0,
        "Operating Expense": 10568000.0,
        "Research And Development": 1532000.0,
        "Selling General And Administration": 9036000.0,
        "General And Administrative Expense": NaN,
        "Other Gand A": NaN,
        "Gross Profit": 4099000.0,
        "Cost Of Revenue": 2525000.0,
        "Total Revenue": 6624000.0,
        "Operating Revenue": 6624000.0
    },
    "2023-12-31": {
        "Tax Effect Of Unusual Items": 0.0,
        "Tax Rate For Calcs": 0.0,
        "Normalized EBITDA": -11544000.0,
        "Total Unusual Items": 14072000.0,
        "Total Unusual Items Excluding Goodwill": 14072000.0,
        "Net Income From Continuing Operation Net Minority Interest": -13000.0,
        "Reconciled Depreciation": 474000.0,
        "Reconciled Cost Of Revenue": 2943000.0,
        "EBITDA": 2528000.0,
        "EBIT": 2054000.0,
        "Net Interest Income": -1721000.0,
        "Interest Expense": 2067000.0,
        "Interest Income": 346000.0,
        "Normalized Income": -14085000.0,
        "Net Income From Continuing And Discontinued Operation": -13000.0,
        "Total Expenses": 13217000.0,
        "Total Operating Income As Reported": -13364000.0,
        "Diluted Average Shares": NaN,
        "Basic Average Shares": NaN,
        "Diluted EPS": NaN,
        "Basic EPS": NaN,
        "Diluted NI Availto Com Stockholders": -156000.0,
        "Net Income Common Stockholders": -156000.0,
        "Otherunder Preferred Stock Dividend": 143000.0,
        "Net Income": -13000.0,
        "Net Income Including Noncontrolling Interests": -13000.0,
        "Net Income Continuous Operations": -13000.0,
        "Tax Provision": 0.0,
        "Pretax Income": -13000.0,
        "Other Income Expense": 14072000.0,
        "Special Income Charges": -1000000.0,
        "Other Special Charges": NaN,
        "Impairment Of Capital Assets": 1000000.0,
        "Gain On Sale Of Security": 15072000.0,
        "Net Non Operating Interest Income Expense": -1721000.0,
        "Interest Expense Non Operating": 2067000.0,
        "Interest Income Non Operating": 346000.0,
        "Operating Income": -12364000.0,
        "Operating Expense": 10274000.0,
        "Research And Development": 1368000.0,
        "Selling General And Administration": 8906000.0,
        "General And Administrative Expense": NaN,
        "Other Gand A": NaN,
        "Gross Profit": -2090000.0,
        "Cost Of Revenue": 2943000.0,
        "Total Revenue": 853000.0,
        "Operating Revenue": 853000.0
    },
    "2024-03-31": {
        "Tax Effect Of Unusual Items": 0.0,
        "Tax Rate For Calcs": 0.0,
        "Normalized EBITDA": -11063000.0,
        "Total Unusual Items": -4330000.0,
        "Total Unusual Items Excluding Goodwill": -4330000.0,
        "Net Income From Continuing Operation Net Minority Interest": -17900000.0,
        "Reconciled Depreciation": 493000.0,
        "Reconciled Cost Of Revenue": 2724000.0,
        "EBITDA": -15393000.0,
        "EBIT": -15886000.0,
        "Net Interest Income": -1818000.0,
        "Interest Expense": 2014000.0,
        "Interest Income": 196000.0,
        "Normalized Income": -13570000.0,
        "Net Income From Continuing And Discontinued Operation": -17900000.0,
        "Total Expenses": 12966000.0,
        "Total Operating Income As Reported": -11752000.0,
        "Diluted Average Shares": 24584798.0,
        "Basic Average Shares": 24584798.0,
        "Diluted EPS": -0.73,
        "Basic EPS": -0.73,
        "Diluted NI Availto Com Stockholders": -17900000.0,
        "Net Income Common Stockholders": -17900000.0,
        "Otherunder Preferred Stock Dividend": NaN,
        "Net Income": -17900000.0,
        "Net Income Including Noncontrolling Interests": -17900000.0,
        "Net Income Continuous Operations": -17900000.0,
        "Tax Provision": 0.0,
        "Pretax Income": -17900000.0,
        "Other Income Expense": -4330000.0,
        "Special Income Charges": NaN,
        "Other Special Charges": NaN,
        "Impairment Of Capital Assets": NaN,
        "Gain On Sale Of Security": -4330000.0,
        "Net Non Operating Interest Income Expense": -1818000.0,
        "Interest Expense Non Operating": 2014000.0,
        "Interest Income Non Operating": 196000.0,
        "Operating Income": -11752000.0,
        "Operating Expense": 10242000.0,
        "Research And Development": 2571000.0,
        "Selling General And Administration": 7671000.0,
        "General And Administrative Expense": NaN,
        "Other Gand A": NaN,
        "Gross Profit": -1510000.0,
        "Cost Of Revenue": 2724000.0,
        "Total Revenue": 1214000.0,
        "Operating Revenue": 1214000.0
    }
}