{
    "2023-03-31": {
        "Tax Effect Of Unusual Items": 0.0,
        "Tax Rate For Calcs": 0.0,
        "Normalized EBITDA": -3230000.0,
        "Total Unusual Items": 610000.0,
        "Total Unusual Items Excluding Goodwill": 610000.0,
        "Net Income From Continuing Operation Net Minority Interest": -2639000.0,
        "Reconciled Depreciation": 0.0,
        "Reconciled Cost Of Revenue": 2000.0,
        "EBITDA": -2620000.0,
        "EBIT": -2620000.0,
        "Net Interest Income": 48000.0,
        "Interest Expense": 19000.0,
        "Interest Income": 67000.0,
        "Normalized Income": -3249000.0,
        "Net Income From Continuing And Discontinued Operation": -2639000.0,
        "Total Expenses": 3297000.0,
        "Total Operating Income As Reported": 2687000.0,
        "Diluted Average Shares": 77800117.0,
        "Basic Average Shares": 77800117.0,
        "Diluted EPS": -0.03,
        "Basic EPS": -0.03,
        "Diluted NI Availto Com Stockholders": -2639000.0,
        "Net Income Common Stockholders": -2639000.0,
        "Net Income": -2639000.0,
        "Net Income Including Noncontrolling Interests": -2639000.0,
        "Net Income Continuous Operations": -2639000.0,
        "Pretax Income": -2639000.0,
        "Other Income Expense": 610000.0,
        "Special Income Charges": 610000.0,
        "Gain On Sale Of Ppe": 610000.0,
        "Impairment Of Capital Assets": NaN,
        "Net Non Operating Interest Income Expense": 48000.0,
        "Interest Expense Non Operating": 19000.0,
        "Interest Income Non Operating": 67000.0,
        "Operating Income": -3297000.0,
        "Operating Expense": 3295000.0,
        "Research And Development": 56000.0,
        "Selling General And Administration": 3239000.0,
        "General And Administrative Expense": 3239000.0,
        "Other Gand A": 3239000.0,
        "Gross Profit": -2000.0,
        "Cost Of Revenue": 2000.0,
        "Total Revenue": 0.0,
        "Operating Revenue": 0.0
    },
    "2022-12-31": {
        "Tax Effect Of Unusual Items": 0.0,
        "Tax Rate For Calcs": 0.0,
        "Normalized EBITDA": -3257000.0,
        "Total Unusual Items": NaN,
        "Total Unusual Items Excluding Goodwill": NaN,
        "Net Income From Continuing Operation Net Minority Interest": -3272000.0,
        "Reconciled Depreciation": -3000.0,
        "Reconciled Cost Of Revenue": -48000.0,
        "EBITDA": -3257000.0,
        "EBIT": -3257000.0,
        "Net Interest Income": 128000.0,
        "Interest Expense": 15000.0,
        "Interest Income": 143000.0,
        "Normalized Income": -3272000.0,
        "Net Income From Continuing And Discontinued Operation": -3272000.0,
        "Total Expenses": 3400000.0,
        "Total Operating Income As Reported": -62306000.0,
        "Diluted Average Shares": 77802813.0,
        "Basic Average Shares": 77802813.0,
        "Diluted EPS": -0.05,
        "Basic EPS": -0.05,
        "Diluted NI Availto Com Stockholders": -3272000.0,
        "Net Income Common Stockholders": -3272000.0,
        "Net Income": -3272000.0,
        "Net Income Including Noncontrolling Interests": -3272000.0,
        "Net Income Continuous Operations": -3272000.0,
        "Pretax Income": -3272000.0,
        "Other Income Expense": NaN,
        "Special Income Charges": NaN,
        "Gain On Sale Of Ppe": NaN,
        "Impairment Of Capital Assets": NaN,
        "Net Non Operating Interest Income Expense": 128000.0,
        "Interest Expense Non Operating": 15000.0,
        "Interest Income Non Operating": 143000.0,
        "Operating Income": -3400000.0,
        "Operating Expense": 3448000.0,
        "Research And Development": 1525000.0,
        "Selling General And Administration": 1923000.0,
        "General And Administrative Expense": 1923000.0,
        "Other Gand A": 1923000.0,
        "Gross Profit": 48000.0,
        "Cost Of Revenue": -48000.0,
        "Total Revenue": 0.0,
        "Operating Revenue": 0.0
    },
    "2022-09-30": {
        "Tax Effect Of Unusual Items": 0.0,
        "Tax Rate For Calcs": 0.0,
        "Normalized EBITDA": -8775000.0,
        "Total Unusual Items": NaN,
        "Total Unusual Items Excluding Goodwill": NaN,
        "Net Income From Continuing Operation Net Minority Interest": -9170000.0,
        "Reconciled Depreciation": 360000.0,
        "Reconciled Cost Of Revenue": 63000.0,
        "EBITDA": -8775000.0,
        "EBIT": -9135000.0,
        "Net Interest Income": 105000.0,
        "Interest Expense": 35000.0,
        "Interest Income": 140000.0,
        "Normalized Income": -9170000.0,
        "Net Income From Continuing And Discontinued Operation": -9170000.0,
        "Total Expenses": 9756000.0,
        "Total Operating Income As Reported": 9275000.0,
        "Diluted Average Shares": 77630238.0,
        "Basic Average Shares": 77630238.0,
        "Diluted EPS": -0.12,
        "Basic EPS": -0.12,
        "Diluted NI Availto Com Stockholders": -9170000.0,
        "Net Income Common Stockholders": -9170000.0,
        "Net Income": -9170000.0,
        "Net Income Including Noncontrolling Interests": -9170000.0,
        "Net Income Continuous Operations": -9170000.0,
        "Pretax Income": -9170000.0,
        "Other Income Expense": NaN,
        "Special Income Charges": NaN,
        "Gain On Sale Of Ppe": NaN,
        "Impairment Of Capital Assets": NaN,
        "Net Non Operating Interest Income Expense": 105000.0,
        "Interest Expense Non Operating": 35000.0,
        "Interest Income Non Operating": 140000.0,
        "Operating Income": -9275000.0,
        "Operating Expense": 9693000.0,
        "Research And Development": 5947000.0,
        "Selling General And Administration": 3746000.0,
        "General And Administrative Expense": 3746000.0,
        "Other Gand A": 3746000.0,
        "Gross Profit": 418000.0,
        "Cost Of Revenue": 63000.0,
        "Total Revenue": 481000.0,
        "Operating Revenue": 481000.0
    },
    "2022-06-30": {
        "Tax Effect Of Unusual Items": 0.0,
        "Tax Rate For Calcs": 0.0,
        "Normalized EBITDA": -9046000.0,
        "Total Unusual Items": NaN,
        "Total Unusual Items Excluding Goodwill": NaN,
        "Net Income From Continuing Operation Net Minority Interest": -9434000.0,
        "Reconciled Depreciation": 363000.0,
        "Reconciled Cost Of Revenue": 34000.0,
        "EBITDA": -9046000.0,
        "EBIT": -9409000.0,
        "Net Interest Income": 180000.0,
        "Interest Expense": 25000.0,
        "Interest Income": 205000.0,
        "Normalized Income": -9434000.0,
        "Net Income From Continuing And Discontinued Operation": -9434000.0,
        "Total Expenses": 9678000.0,
        "Total Operating Income As Reported": 9614000.0,
        "Diluted Average Shares": 77398939.0,
        "Basic Average Shares": 77398939.0,
        "Diluted EPS": -0.12,
        "Basic EPS": -0.12,
        "Diluted NI Availto Com Stockholders": -9434000.0,
        "Net Income Common Stockholders": -9434000.0,
        "Net Income": -9434000.0,
        "Net Income Including Noncontrolling Interests": -9434000.0,
        "Net Income Continuous Operations": -9434000.0,
        "Pretax Income": -9434000.0,
        "Other Income Expense": NaN,
        "Special Income Charges": NaN,
        "Gain On Sale Of Ppe": NaN,
        "Impairment Of Capital Assets": NaN,
        "Net Non Operating Interest Income Expense": 180000.0,
        "Interest Expense Non Operating": 25000.0,
        "Interest Income Non Operating": 205000.0,
        "Operating Income": -9614000.0,
        "Operating Expense": 9644000.0,
        "Research And Development": 6721000.0,
        "Selling General And Administration": 2923000.0,
        "General And Administrative Expense": 2923000.0,
        "Other Gand A": 2923000.0,
        "Gross Profit": 30000.0,
        "Cost Of Revenue": 34000.0,
        "Total Revenue": 64000.0,
        "Operating Revenue": 64000.0
    },
    "2022-03-31": {
        "Diluted EPS": -0.13,
        "Total Revenue": 0,
        "Gross Profit": 0,
        "Operating Income": -11,
        "EBIT": -10,
        "Net Income": -10
    },
    "2021-12-31": {
        "Diluted EPS": -0.12,
        "Total Revenue": 0,
        "Gross Profit": 0,
        "Operating Income": -9,
        "EBIT": -9,
        "Net Income": -9
    },
    "2021-09-30": {
        "Diluted EPS": -0.09,
        "Total Revenue": 0,
        "Gross Profit": 0,
        "Operating Income": -7,
        "EBIT": -6,
        "Net Income": -7
    },
    "2021-06-30": {
        "Diluted EPS": -0.12,
        "Total Revenue": 0,
        "Gross Profit": 0,
        "Operating Income": -8,
        "EBIT": -8,
        "Net Income": -8
    },
    "2021-03-31": {
        "Diluted EPS": -0.12,
        "Total Revenue": 0,
        "Gross Profit": 0,
        "Operating Income": -6,
        "EBIT": -6,
        "Net Income": -6
    },
    "2020-12-31": {
        "Diluted EPS": -0.14,
        "Total Revenue": 0,
        "Gross Profit": 0,
        "Operating Income": -7,
        "EBIT": -7,
        "Net Income": -7
    },
    "2020-09-30": {
        "Diluted EPS": -0.12,
        "Total Revenue": 0,
        "Gross Profit": 0,
        "Operating Income": -6,
        "EBIT": -6,
        "Net Income": -6
    },
    "2020-06-30": {
        "Diluted EPS": -0.14,
        "Total Revenue": 0,
        "Gross Profit": 0,
        "Operating Income": -6,
        "EBIT": -6,
        "Net Income": -6
    },
    "2020-03-31": {
        "Diluted EPS": -0.15,
        "Total Revenue": 0,
        "Gross Profit": 0,
        "Operating Income": -6,
        "EBIT": -5,
        "Net Income": -5
    },
    "2019-12-31": {
        "Diluted EPS": -0.15,
        "Total Revenue": 0,
        "Gross Profit": 0,
        "Operating Income": -6,
        "EBIT": -6,
        "Net Income": -6
    },
    "2019-09-30": {
        "Diluted EPS": -0.14,
        "Total Revenue": 0,
        "Gross Profit": 0,
        "Operating Income": -5,
        "EBIT": -5,
        "Net Income": -5
    },
    "2019-06-30": {
        "Diluted EPS": -0.13,
        "Total Revenue": 0,
        "Gross Profit": 0,
        "Operating Income": -5,
        "EBIT": -4,
        "Net Income": -5
    },
    "2019-03-31": {
        "Diluted EPS": -0.12,
        "Total Revenue": 0,
        "Gross Profit": 0,
        "Operating Income": -4,
        "EBIT": -4,
        "Net Income": -4
    },
    "2018-12-31": {
        "Diluted EPS": -0.1,
        "Total Revenue": 0,
        "Gross Profit": 0,
        "Operating Income": -4,
        "EBIT": -4,
        "Net Income": -4
    },
    "2018-09-30": {
        "Diluted EPS": -0.15,
        "Total Revenue": 0,
        "Gross Profit": 0,
        "Operating Income": -6,
        "EBIT": -5,
        "Net Income": -5
    },
    "2018-06-30": {
        "Diluted EPS": -0.13,
        "Total Revenue": 0,
        "Gross Profit": 0,
        "Operating Income": -4,
        "EBIT": -4,
        "Net Income": -4
    },
    "2018-03-31": {
        "Diluted EPS": -0.24,
        "Total Revenue": 0,
        "Gross Profit": 0,
        "Operating Income": -7,
        "EBIT": -7,
        "Net Income": -7
    },
    "2017-12-31": {
        "Diluted EPS": 0.24,
        "Total Revenue": NaN,
        "Gross Profit": NaN,
        "Operating Income": -8,
        "EBIT": -8,
        "Net Income": 6
    },
    "2017-09-30": {
        "Diluted EPS": -0.24,
        "Total Revenue": NaN,
        "Gross Profit": NaN,
        "Operating Income": -6,
        "EBIT": -6,
        "Net Income": -7
    },
    "2017-06-30": {
        "Diluted EPS": -0.18,
        "Total Revenue": NaN,
        "Gross Profit": NaN,
        "Operating Income": -5,
        "EBIT": -5,
        "Net Income": -5
    },
    "2017-03-31": {
        "Diluted EPS": -0.19,
        "Total Revenue": NaN,
        "Gross Profit": NaN,
        "Operating Income": -5,
        "EBIT": -5,
        "Net Income": -5
    },
    "2016-12-31": {
        "Diluted EPS": -0.17,
        "Total Revenue": NaN,
        "Gross Profit": NaN,
        "Operating Income": -5,
        "EBIT": -5,
        "Net Income": -5
    },
    "2016-09-30": {
        "Diluted EPS": -0.12,
        "Total Revenue": NaN,
        "Gross Profit": NaN,
        "Operating Income": -3,
        "EBIT": -3,
        "Net Income": -3
    },
    "2016-06-30": {
        "Diluted EPS": -0.14,
        "Total Revenue": NaN,
        "Gross Profit": NaN,
        "Operating Income": -3,
        "EBIT": -3,
        "Net Income": -3
    },
    "2016-03-31": {
        "Diluted EPS": -0.21,
        "Total Revenue": NaN,
        "Gross Profit": NaN,
        "Operating Income": -5,
        "EBIT": -5,
        "Net Income": -5
    },
    "2015-12-31": {
        "Diluted EPS": -0.14,
        "Total Revenue": NaN,
        "Gross Profit": NaN,
        "Operating Income": -3,
        "EBIT": -3,
        "Net Income": -3
    },
    "2015-09-30": {
        "Diluted EPS": -0.29,
        "Total Revenue": NaN,
        "Gross Profit": NaN,
        "Operating Income": -6,
        "EBIT": -6,
        "Net Income": -6
    },
    "2015-06-30": {
        "Diluted EPS": -0.15,
        "Total Revenue": NaN,
        "Gross Profit": NaN,
        "Operating Income": -3,
        "EBIT": -3,
        "Net Income": -3
    },
    "2015-03-31": {
        "Diluted EPS": -0.15,
        "Total Revenue": NaN,
        "Gross Profit": NaN,
        "Operating Income": -3,
        "EBIT": -3,
        "Net Income": -3
    },
    "2014-12-31": {
        "Diluted EPS": 7.18,
        "Total Revenue": NaN,
        "Gross Profit": NaN,
        "Operating Income": -5,
        "EBIT": -5,
        "Net Income": -5
    },
    "2014-09-30": {
        "Diluted EPS": -2.45,
        "Total Revenue": NaN,
        "Gross Profit": NaN,
        "Operating Income": -3,
        "EBIT": -3,
        "Net Income": -4
    },
    "2014-06-30": {
        "Diluted EPS": -3.23,
        "Total Revenue": NaN,
        "Gross Profit": NaN,
        "Operating Income": -3,
        "EBIT": -3,
        "Net Income": -4
    },
    "2014-03-31": {
        "Diluted EPS": -4.59,
        "Total Revenue": NaN,
        "Gross Profit": NaN,
        "Operating Income": -3,
        "EBIT": -3,
        "Net Income": -5
    },
    "2013-12-31": {
        "Diluted EPS": 0.0,
        "Total Revenue": NaN,
        "Gross Profit": NaN,
        "Operating Income": NaN,
        "EBIT": NaN,
        "Net Income": NaN
    },
    "2013-09-30": {
        "Diluted EPS": -4.16,
        "Total Revenue": NaN,
        "Gross Profit": NaN,
        "Operating Income": NaN,
        "EBIT": NaN,
        "Net Income": -5
    },
    "2012-12-31": {
        "Diluted EPS": 0.0,
        "Total Revenue": NaN,
        "Gross Profit": NaN,
        "Operating Income": NaN,
        "EBIT": NaN,
        "Net Income": NaN
    },
    "2023-06-30": {
        "Tax Effect Of Unusual Items": 0.0,
        "Tax Rate For Calcs": 0.0,
        "Normalized EBITDA": -327000.0,
        "Total Unusual Items": -536000.0,
        "Total Unusual Items Excluding Goodwill": -536000.0,
        "Net Income From Continuing Operation Net Minority Interest": -874000.0,
        "Reconciled Depreciation": 0.0,
        "Reconciled Cost Of Revenue": 0.0,
        "EBITDA": -863000.0,
        "EBIT": -863000.0,
        "Net Interest Income": -11000.0,
        "Interest Expense": 11000.0,
        "Interest Income": 0.0,
        "Normalized Income": -338000.0,
        "Net Income From Continuing And Discontinued Operation": -874000.0,
        "Total Expenses": 327000.0,
        "Total Operating Income As Reported": 863000.0,
        "Diluted Average Shares": 78393524.0,
        "Basic Average Shares": 78393524.0,
        "Diluted EPS": -0.01,
        "Basic EPS": -0.01,
        "Diluted NI Availto Com Stockholders": -874000.0,
        "Net Income Common Stockholders": -874000.0,
        "Net Income": -874000.0,
        "Net Income Including Noncontrolling Interests": -874000.0,
        "Net Income Continuous Operations": -874000.0,
        "Pretax Income": -874000.0,
        "Other Income Expense": -536000.0,
        "Special Income Charges": -536000.0,
        "Gain On Sale Of Ppe": -187000.0,
        "Impairment Of Capital Assets": 349000.0,
        "Net Non Operating Interest Income Expense": -11000.0,
        "Interest Expense Non Operating": 11000.0,
        "Interest Income Non Operating": 0.0,
        "Operating Income": -327000.0,
        "Operating Expense": 327000.0,
        "Research And Development": -1546000.0,
        "Selling General And Administration": 1873000.0,
        "General And Administrative Expense": 1873000.0,
        "Other Gand A": 1873000.0,
        "Gross Profit": 0.0,
        "Cost Of Revenue": 0.0,
        "Total Revenue": 0.0,
        "Operating Revenue": 0.0
    }
}