{
    "2023-03-31": {
        "Tax Effect Of Unusual Items": NaN,
        "Tax Rate For Calcs": NaN,
        "Normalized EBITDA": NaN,
        "Total Unusual Items": NaN,
        "Total Unusual Items Excluding Goodwill": NaN,
        "Net Income From Continuing Operation Net Minority Interest": NaN,
        "Reconciled Depreciation": NaN,
        "EBITDA": NaN,
        "EBIT": NaN,
        "Net Interest Income": NaN,
        "Interest Expense": NaN,
        "Interest Income": NaN,
        "Normalized Income": NaN,
        "Net Income From Continuing And Discontinued Operation": NaN,
        "Total Expenses": NaN,
        "Total Operating Income As Reported": NaN,
        "Diluted Average Shares": 37667566.0,
        "Basic Average Shares": 37667566.0,
        "Diluted EPS": -0.8,
        "Basic EPS": -0.8,
        "Diluted NI Availto Com Stockholders": NaN,
        "Net Income Common Stockholders": NaN,
        "Net Income": NaN,
        "Net Income Including Noncontrolling Interests": NaN,
        "Net Income Continuous Operations": NaN,
        "Pretax Income": NaN,
        "Other Income Expense": NaN,
        "Other Non Operating Income Expenses": NaN,
        "Gain On Sale Of Security": NaN,
        "Net Non Operating Interest Income Expense": NaN,
        "Interest Expense Non Operating": NaN,
        "Interest Income Non Operating": NaN,
        "Operating Income": NaN,
        "Operating Expense": NaN,
        "Research And Development": NaN,
        "Selling General And Administration": NaN,
        "General And Administrative Expense": NaN,
        "Other Gand A": NaN,
        "Total Revenue": NaN,
        "Operating Revenue": NaN
    },
    "2022-12-31": {
        "Tax Effect Of Unusual Items": NaN,
        "Tax Rate For Calcs": NaN,
        "Normalized EBITDA": NaN,
        "Total Unusual Items": NaN,
        "Total Unusual Items Excluding Goodwill": NaN,
        "Net Income From Continuing Operation Net Minority Interest": NaN,
        "Reconciled Depreciation": NaN,
        "EBITDA": NaN,
        "EBIT": NaN,
        "Net Interest Income": NaN,
        "Interest Expense": NaN,
        "Interest Income": NaN,
        "Normalized Income": NaN,
        "Net Income From Continuing And Discontinued Operation": NaN,
        "Total Expenses": NaN,
        "Total Operating Income As Reported": NaN,
        "Diluted Average Shares": NaN,
        "Basic Average Shares": NaN,
        "Diluted EPS": NaN,
        "Basic EPS": NaN,
        "Diluted NI Availto Com Stockholders": NaN,
        "Net Income Common Stockholders": NaN,
        "Net Income": NaN,
        "Net Income Including Noncontrolling Interests": NaN,
        "Net Income Continuous Operations": NaN,
        "Pretax Income": NaN,
        "Other Income Expense": NaN,
        "Other Non Operating Income Expenses": NaN,
        "Special Income Charges": 0.0,
        "Gain On Sale Of Business": 0.0,
        "Gain On Sale Of Security": NaN,
        "Net Non Operating Interest Income Expense": NaN,
        "Interest Expense Non Operating": NaN,
        "Interest Income Non Operating": NaN,
        "Operating Income": NaN,
        "Operating Expense": NaN,
        "Research And Development": NaN,
        "Selling General And Administration": NaN,
        "General And Administrative Expense": NaN,
        "Other Gand A": NaN,
        "Total Revenue": NaN,
        "Operating Revenue": NaN
    },
    "2022-09-30": {
        "Tax Effect Of Unusual Items": NaN,
        "Tax Rate For Calcs": NaN,
        "Normalized EBITDA": NaN,
        "Total Unusual Items": NaN,
        "Total Unusual Items Excluding Goodwill": NaN,
        "Net Income From Continuing Operation Net Minority Interest": NaN,
        "Reconciled Depreciation": NaN,
        "EBITDA": NaN,
        "EBIT": NaN,
        "Net Interest Income": NaN,
        "Interest Expense": NaN,
        "Interest Income": NaN,
        "Normalized Income": NaN,
        "Net Income From Continuing And Discontinued Operation": NaN,
        "Total Expenses": NaN,
        "Total Operating Income As Reported": NaN,
        "Diluted Average Shares": 27215874.0,
        "Basic Average Shares": 27215874.0,
        "Diluted EPS": -0.91,
        "Basic EPS": -0.91,
        "Diluted NI Availto Com Stockholders": NaN,
        "Net Income Common Stockholders": NaN,
        "Net Income": NaN,
        "Net Income Including Noncontrolling Interests": NaN,
        "Net Income Continuous Operations": NaN,
        "Pretax Income": NaN,
        "Other Income Expense": NaN,
        "Other Non Operating Income Expenses": NaN,
        "Special Income Charges": 0.0,
        "Gain On Sale Of Business": 0.0,
        "Gain On Sale Of Security": NaN,
        "Net Non Operating Interest Income Expense": NaN,
        "Interest Expense Non Operating": NaN,
        "Interest Income Non Operating": NaN,
        "Operating Income": NaN,
        "Operating Expense": NaN,
        "Research And Development": NaN,
        "Selling General And Administration": NaN,
        "General And Administrative Expense": NaN,
        "Other Gand A": NaN,
        "Total Revenue": NaN,
        "Operating Revenue": NaN
    },
    "2022-06-30": {
        "Tax Effect Of Unusual Items": 0.0,
        "Tax Rate For Calcs": 0.0,
        "Normalized EBITDA": -14469000.0,
        "Total Unusual Items": -256000.0,
        "Total Unusual Items Excluding Goodwill": -256000.0,
        "Net Income From Continuing Operation Net Minority Interest": -14853000.0,
        "Reconciled Depreciation": -106000.0,
        "EBITDA": -14725000.0,
        "EBIT": -14725000.0,
        "Net Interest Income": 135000.0,
        "Interest Expense": 128000.0,
        "Interest Income": 263000.0,
        "Normalized Income": -14597000.0,
        "Net Income From Continuing And Discontinued Operation": -14853000.0,
        "Total Expenses": 15057000.0,
        "Total Operating Income As Reported": -15057000.0,
        "Diluted Average Shares": 27078450.0,
        "Basic Average Shares": 27078450.0,
        "Diluted EPS": -0.55,
        "Basic EPS": -0.55,
        "Diluted NI Availto Com Stockholders": -14853000.0,
        "Net Income Common Stockholders": -14853000.0,
        "Net Income": -14853000.0,
        "Net Income Including Noncontrolling Interests": -14853000.0,
        "Net Income Continuous Operations": -14853000.0,
        "Pretax Income": -14853000.0,
        "Other Income Expense": 69000.0,
        "Other Non Operating Income Expenses": 325000.0,
        "Special Income Charges": 0.0,
        "Gain On Sale Of Business": 0.0,
        "Gain On Sale Of Security": -256000.0,
        "Net Non Operating Interest Income Expense": 135000.0,
        "Interest Expense Non Operating": 128000.0,
        "Interest Income Non Operating": 263000.0,
        "Operating Income": -15057000.0,
        "Operating Expense": 15057000.0,
        "Research And Development": 10112000.0,
        "Selling General And Administration": 4945000.0,
        "General And Administrative Expense": 4945000.0,
        "Other Gand A": 4945000.0,
        "Total Revenue": 0.0,
        "Operating Revenue": 0.0
    },
    "2022-03-31": {
        "Diluted EPS": -0.71,
        "Total Revenue": NaN,
        "Gross Profit": NaN,
        "Operating Income": -17,
        "EBIT": -17,
        "Net Income": -17
    },
    "2021-12-31": {
        "Diluted EPS": 10.49,
        "Total Revenue": NaN,
        "Gross Profit": NaN,
        "Operating Income": -17,
        "EBIT": -17,
        "Net Income": -17
    },
    "2021-09-30": {
        "Diluted EPS": -0.36,
        "Total Revenue": NaN,
        "Gross Profit": NaN,
        "Operating Income": -7,
        "EBIT": -7,
        "Net Income": -8
    },
    "2021-06-30": {
        "Diluted EPS": -0.33,
        "Total Revenue": NaN,
        "Gross Profit": NaN,
        "Operating Income": -6,
        "EBIT": -6,
        "Net Income": -3
    },
    "2021-03-31": {
        "Diluted EPS": -12.23,
        "Total Revenue": NaN,
        "Gross Profit": NaN,
        "Operating Income": -5,
        "EBIT": -5,
        "Net Income": -5
    },
    "2020-12-31": {
        "Diluted EPS": -134.36,
        "Total Revenue": NaN,
        "Gross Profit": NaN,
        "Operating Income": -43,
        "EBIT": -43,
        "Net Income": -43
    },
    "2020-09-30": {
        "Diluted EPS": -13.68,
        "Total Revenue": NaN,
        "Gross Profit": NaN,
        "Operating Income": -4,
        "EBIT": -3,
        "Net Income": -4
    },
    "2020-06-30": {
        "Diluted EPS": -11.1,
        "Total Revenue": NaN,
        "Gross Profit": NaN,
        "Operating Income": -3,
        "EBIT": -3,
        "Net Income": -4
    },
    "2020-03-31": {
        "Diluted EPS": -7.79,
        "Total Revenue": NaN,
        "Gross Profit": NaN,
        "Operating Income": -2,
        "EBIT": -2,
        "Net Income": -2
    },
    "2019-12-31": {
        "Diluted EPS": 0.0,
        "Total Revenue": NaN,
        "Gross Profit": NaN,
        "Operating Income": NaN,
        "EBIT": NaN,
        "Net Income": NaN
    },
    "2023-06-30": {
        "Tax Effect Of Unusual Items": 0.0,
        "Tax Rate For Calcs": 0.0,
        "Normalized EBITDA": -18703000.0,
        "Total Unusual Items": -28000.0,
        "Total Unusual Items Excluding Goodwill": -28000.0,
        "Net Income From Continuing Operation Net Minority Interest": -20162000.0,
        "Reconciled Depreciation": 517000.0,
        "EBITDA": -18731000.0,
        "EBIT": -19248000.0,
        "Net Interest Income": 1325000.0,
        "Interest Expense": 914000.0,
        "Interest Income": 2239000.0,
        "Normalized Income": -20134000.0,
        "Net Income From Continuing And Discontinued Operation": -20162000.0,
        "Total Expenses": 21970000.0,
        "Total Operating Income As Reported": -21970000.0,
        "Diluted Average Shares": 44269772.0,
        "Basic Average Shares": 44269772.0,
        "Diluted EPS": -0.46,
        "Basic EPS": -0.46,
        "Diluted NI Availto Com Stockholders": -20162000.0,
        "Net Income Common Stockholders": -20162000.0,
        "Net Income": -20162000.0,
        "Net Income Including Noncontrolling Interests": -20162000.0,
        "Net Income Continuous Operations": -20162000.0,
        "Pretax Income": -20162000.0,
        "Other Income Expense": 483000.0,
        "Other Non Operating Income Expenses": 511000.0,
        "Gain On Sale Of Security": -28000.0,
        "Net Non Operating Interest Income Expense": 1325000.0,
        "Interest Expense Non Operating": 914000.0,
        "Interest Income Non Operating": 2239000.0,
        "Operating Income": -21970000.0,
        "Operating Expense": 21970000.0,
        "Research And Development": 16231000.0,
        "Selling General And Administration": 5739000.0,
        "General And Administrative Expense": 5739000.0,
        "Other Gand A": 5739000.0,
        "Total Revenue": 0.0,
        "Operating Revenue": 0.0
    },
    "2023-09-30": {
        "Tax Effect Of Unusual Items": 0.0,
        "Tax Rate For Calcs": 0.0,
        "Normalized EBITDA": -19146000.0,
        "Total Unusual Items": -15000.0,
        "Total Unusual Items Excluding Goodwill": -15000.0,
        "Net Income From Continuing Operation Net Minority Interest": -20104000.0,
        "Reconciled Depreciation": -2930000.0,
        "EBITDA": -19161000.0,
        "EBIT": -19161000.0,
        "Net Interest Income": 1215000.0,
        "Interest Expense": 943000.0,
        "Interest Income": 2158000.0,
        "Normalized Income": -20089000.0,
        "Net Income From Continuing And Discontinued Operation": -20104000.0,
        "Total Expenses": 21756000.0,
        "Total Operating Income As Reported": -21756000.0,
        "Diluted Average Shares": 44363419.0,
        "Basic Average Shares": 44363419.0,
        "Diluted EPS": -0.45,
        "Basic EPS": -0.45,
        "Diluted NI Availto Com Stockholders": -20104000.0,
        "Net Income Common Stockholders": -20104000.0,
        "Net Income": -20104000.0,
        "Net Income Including Noncontrolling Interests": -20104000.0,
        "Net Income Continuous Operations": -20104000.0,
        "Pretax Income": -20104000.0,
        "Other Income Expense": 437000.0,
        "Other Non Operating Income Expenses": 452000.0,
        "Gain On Sale Of Security": -15000.0,
        "Net Non Operating Interest Income Expense": 1215000.0,
        "Interest Expense Non Operating": 943000.0,
        "Interest Income Non Operating": 2158000.0,
        "Operating Income": -21756000.0,
        "Operating Expense": 21756000.0,
        "Research And Development": 16100000.0,
        "Selling General And Administration": 5656000.0,
        "General And Administrative Expense": 5656000.0,
        "Other Gand A": 5656000.0,
        "Total Revenue": 0.0,
        "Operating Revenue": 0.0
    },
    "2023-12-31": {
        "Tax Effect Of Unusual Items": 0.0,
        "Tax Rate For Calcs": 0.0,
        "Normalized EBITDA": -24596000.0,
        "Total Unusual Items": -2000.0,
        "Total Unusual Items Excluding Goodwill": -2000.0,
        "Net Income From Continuing Operation Net Minority Interest": -25655000.0,
        "Reconciled Depreciation": -1167000.0,
        "EBITDA": -24598000.0,
        "EBIT": -24598000.0,
        "Net Interest Income": 904000.0,
        "Interest Expense": 1056000.0,
        "Interest Income": 1960000.0,
        "Normalized Income": -25653000.0,
        "Net Income From Continuing And Discontinued Operation": -25655000.0,
        "Total Expenses": 27028000.0,
        "Total Operating Income As Reported": -27028000.0,
        "Diluted Average Shares": NaN,
        "Basic Average Shares": NaN,
        "Diluted EPS": NaN,
        "Basic EPS": NaN,
        "Diluted NI Availto Com Stockholders": -25655000.0,
        "Net Income Common Stockholders": -25655000.0,
        "Net Income": -25655000.0,
        "Net Income Including Noncontrolling Interests": -25655000.0,
        "Net Income Continuous Operations": -25655000.0,
        "Pretax Income": -25654000.0,
        "Other Income Expense": 470000.0,
        "Other Non Operating Income Expenses": 472000.0,
        "Gain On Sale Of Security": -2000.0,
        "Net Non Operating Interest Income Expense": 904000.0,
        "Interest Expense Non Operating": 1056000.0,
        "Interest Income Non Operating": 1960000.0,
        "Operating Income": -27028000.0,
        "Operating Expense": 27028000.0,
        "Research And Development": 20785000.0,
        "Selling General And Administration": 6243000.0,
        "General And Administrative Expense": 6243000.0,
        "Other Gand A": 6243000.0,
        "Total Revenue": 0.0,
        "Operating Revenue": 0.0
    },
    "2024-03-31": {
        "Tax Effect Of Unusual Items": 0.0,
        "Tax Rate For Calcs": 0.0,
        "Normalized EBITDA": -26473000.0,
        "Total Unusual Items": -4000.0,
        "Total Unusual Items Excluding Goodwill": -4000.0,
        "Net Income From Continuing Operation Net Minority Interest": -28383000.0,
        "Reconciled Depreciation": -1469000.0,
        "EBITDA": -26477000.0,
        "EBIT": -26477000.0,
        "Net Interest Income": 2280000.0,
        "Interest Expense": 1906000.0,
        "Interest Income": 4186000.0,
        "Normalized Income": -28379000.0,
        "Net Income From Continuing And Discontinued Operation": -28383000.0,
        "Total Expenses": 31112000.0,
        "Total Operating Income As Reported": -31112000.0,
        "Diluted Average Shares": 50971933.0,
        "Basic Average Shares": 50971933.0,
        "Diluted EPS": -0.56,
        "Basic EPS": -0.56,
        "Diluted NI Availto Com Stockholders": -28383000.0,
        "Net Income Common Stockholders": -28383000.0,
        "Net Income": -28383000.0,
        "Net Income Including Noncontrolling Interests": -28383000.0,
        "Net Income Continuous Operations": -28383000.0,
        "Pretax Income": -28383000.0,
        "Other Income Expense": 449000.0,
        "Other Non Operating Income Expenses": 453000.0,
        "Gain On Sale Of Security": -4000.0,
        "Net Non Operating Interest Income Expense": 2280000.0,
        "Interest Expense Non Operating": 1906000.0,
        "Interest Income Non Operating": 4186000.0,
        "Operating Income": -31112000.0,
        "Operating Expense": 31112000.0,
        "Research And Development": 23200000.0,
        "Selling General And Administration": 7912000.0,
        "General And Administrative Expense": 7912000.0,
        "Other Gand A": 7912000.0,
        "Total Revenue": 0.0,
        "Operating Revenue": 0.0
    },
    "2024-06-30": {
        "Tax Effect Of Unusual Items": 0.0,
        "Tax Rate For Calcs": 0.0,
        "Normalized EBITDA": -30294000.0,
        "Total Unusual Items": -7000.0,
        "Total Unusual Items Excluding Goodwill": -7000.0,
        "Net Income From Continuing Operation Net Minority Interest": -33708000.0,
        "Reconciled Depreciation": 1495000.0,
        "EBITDA": -30301000.0,
        "EBIT": -31796000.0,
        "Net Interest Income": 3192000.0,
        "Interest Expense": 1912000.0,
        "Interest Income": 5104000.0,
        "Normalized Income": -33701000.0,
        "Net Income From Continuing And Discontinued Operation": -33708000.0,
        "Total Expenses": 37343000.0,
        "Total Operating Income As Reported": -37343000.0,
        "Diluted Average Shares": 54728552.0,
        "Basic Average Shares": 54728552.0,
        "Diluted EPS": -0.62,
        "Basic EPS": -0.62,
        "Diluted NI Availto Com Stockholders": -33708000.0,
        "Net Income Common Stockholders": -33708000.0,
        "Net Income": -33708000.0,
        "Net Income Including Noncontrolling Interests": -33708000.0,
        "Net Income Continuous Operations": -33708000.0,
        "Pretax Income": -33708000.0,
        "Other Income Expense": 443000.0,
        "Other Non Operating Income Expenses": 450000.0,
        "Gain On Sale Of Security": -7000.0,
        "Net Non Operating Interest Income Expense": 3192000.0,
        "Interest Expense Non Operating": 1912000.0,
        "Interest Income Non Operating": 5104000.0,
        "Operating Income": -37343000.0,
        "Operating Expense": 37343000.0,
        "Research And Development": 29311000.0,
        "Selling General And Administration": 8032000.0,
        "General And Administrative Expense": 8032000.0,
        "Other Gand A": 8032000.0,
        "Total Revenue": 0.0,
        "Operating Revenue": 0.0
    }
}