{
    "2023-03-31": {
        "Tax Effect Of Unusual Items": NaN,
        "Tax Rate For Calcs": NaN,
        "Normalized EBITDA": NaN,
        "Total Unusual Items": NaN,
        "Total Unusual Items Excluding Goodwill": NaN,
        "Net Income From Continuing Operation Net Minority Interest": NaN,
        "Reconciled Depreciation": NaN,
        "Reconciled Cost Of Revenue": NaN,
        "EBITDA": NaN,
        "EBIT": NaN,
        "Net Interest Income": NaN,
        "Interest Expense": NaN,
        "Interest Income": NaN,
        "Normalized Income": NaN,
        "Net Income From Continuing And Discontinued Operation": NaN,
        "Total Expenses": NaN,
        "Total Operating Income As Reported": NaN,
        "Diluted Average Shares": 3577792.0,
        "Basic Average Shares": 3577792.0,
        "Diluted EPS": -1.59,
        "Basic EPS": -1.59,
        "Diluted NI Availto Com Stockholders": NaN,
        "Net Income Common Stockholders": NaN,
        "Otherunder Preferred Stock Dividend": NaN,
        "Preferred Stock Dividends": NaN,
        "Net Income": NaN,
        "Net Income Including Noncontrolling Interests": NaN,
        "Net Income Discontinuous Operations": NaN,
        "Net Income Continuous Operations": NaN,
        "Pretax Income": NaN,
        "Other Income Expense": NaN,
        "Other Non Operating Income Expenses": NaN,
        "Special Income Charges": -144000.0,
        "Other Special Charges": 144000.0,
        "Gain On Sale Of Security": NaN,
        "Net Non Operating Interest Income Expense": NaN,
        "Total Other Finance Cost": NaN,
        "Interest Expense Non Operating": NaN,
        "Interest Income Non Operating": NaN,
        "Operating Income": NaN,
        "Operating Expense": NaN,
        "Depreciation Amortization Depletion Income Statement": NaN,
        "Depreciation And Amortization In Income Statement": NaN,
        "Research And Development": 648000.0,
        "Selling General And Administration": NaN,
        "General And Administrative Expense": NaN,
        "Other Gand A": NaN,
        "Gross Profit": NaN,
        "Cost Of Revenue": NaN,
        "Total Revenue": NaN,
        "Operating Revenue": NaN
    },
    "2022-12-31": {
        "Tax Effect Of Unusual Items": NaN,
        "Tax Rate For Calcs": NaN,
        "Normalized EBITDA": NaN,
        "Total Unusual Items": NaN,
        "Total Unusual Items Excluding Goodwill": NaN,
        "Net Income From Continuing Operation Net Minority Interest": NaN,
        "Reconciled Depreciation": NaN,
        "Reconciled Cost Of Revenue": NaN,
        "EBITDA": NaN,
        "EBIT": NaN,
        "Net Interest Income": NaN,
        "Interest Expense": NaN,
        "Interest Income": NaN,
        "Normalized Income": NaN,
        "Net Income From Continuing And Discontinued Operation": NaN,
        "Total Expenses": NaN,
        "Total Operating Income As Reported": NaN,
        "Diluted Average Shares": NaN,
        "Basic Average Shares": NaN,
        "Diluted EPS": NaN,
        "Basic EPS": NaN,
        "Diluted NI Availto Com Stockholders": NaN,
        "Net Income Common Stockholders": NaN,
        "Otherunder Preferred Stock Dividend": NaN,
        "Preferred Stock Dividends": NaN,
        "Net Income": NaN,
        "Net Income Including Noncontrolling Interests": NaN,
        "Net Income Discontinuous Operations": NaN,
        "Net Income Continuous Operations": NaN,
        "Pretax Income": NaN,
        "Other Income Expense": NaN,
        "Other Non Operating Income Expenses": NaN,
        "Special Income Charges": -11965000.0,
        "Other Special Charges": NaN,
        "Gain On Sale Of Security": NaN,
        "Net Non Operating Interest Income Expense": NaN,
        "Total Other Finance Cost": NaN,
        "Interest Expense Non Operating": NaN,
        "Interest Income Non Operating": NaN,
        "Operating Income": NaN,
        "Operating Expense": NaN,
        "Depreciation Amortization Depletion Income Statement": NaN,
        "Depreciation And Amortization In Income Statement": NaN,
        "Research And Development": 854000.0,
        "Selling General And Administration": NaN,
        "General And Administrative Expense": NaN,
        "Other Gand A": NaN,
        "Gross Profit": NaN,
        "Cost Of Revenue": NaN,
        "Total Revenue": NaN,
        "Operating Revenue": NaN
    },
    "2022-09-30": {
        "Tax Effect Of Unusual Items": NaN,
        "Tax Rate For Calcs": NaN,
        "Normalized EBITDA": NaN,
        "Total Unusual Items": NaN,
        "Total Unusual Items Excluding Goodwill": NaN,
        "Net Income From Continuing Operation Net Minority Interest": NaN,
        "Reconciled Depreciation": NaN,
        "Reconciled Cost Of Revenue": NaN,
        "EBITDA": NaN,
        "EBIT": NaN,
        "Net Interest Income": NaN,
        "Interest Expense": NaN,
        "Normalized Income": NaN,
        "Net Income From Continuing And Discontinued Operation": NaN,
        "Total Expenses": NaN,
        "Total Operating Income As Reported": NaN,
        "Diluted Average Shares": 2552755.0,
        "Basic Average Shares": 2552755.0,
        "Diluted EPS": -3.14,
        "Basic EPS": -3.14,
        "Diluted NI Availto Com Stockholders": NaN,
        "Net Income Common Stockholders": NaN,
        "Otherunder Preferred Stock Dividend": NaN,
        "Preferred Stock Dividends": NaN,
        "Net Income": NaN,
        "Net Income Including Noncontrolling Interests": NaN,
        "Net Income Discontinuous Operations": -2375000.0,
        "Net Income Continuous Operations": NaN,
        "Pretax Income": NaN,
        "Other Income Expense": NaN,
        "Other Non Operating Income Expenses": NaN,
        "Special Income Charges": 0.0,
        "Other Special Charges": NaN,
        "Gain On Sale Of Security": NaN,
        "Net Non Operating Interest Income Expense": NaN,
        "Total Other Finance Cost": NaN,
        "Interest Expense Non Operating": NaN,
        "Operating Income": NaN,
        "Operating Expense": NaN,
        "Depreciation Amortization Depletion Income Statement": NaN,
        "Depreciation And Amortization In Income Statement": NaN,
        "Research And Development": 1372000.0,
        "Selling General And Administration": NaN,
        "General And Administrative Expense": NaN,
        "Other Gand A": NaN,
        "Gross Profit": NaN,
        "Cost Of Revenue": NaN,
        "Total Revenue": NaN,
        "Operating Revenue": NaN
    },
    "2022-06-30": {
        "Tax Effect Of Unusual Items": 0.0,
        "Tax Rate For Calcs": 0.0,
        "Normalized EBITDA": -6361000.0,
        "Total Unusual Items": 1024000.0,
        "Total Unusual Items Excluding Goodwill": 1024000.0,
        "Net Income From Continuing Operation Net Minority Interest": -6374000.0,
        "Reconciled Depreciation": 395000.0,
        "Reconciled Cost Of Revenue": 835000.0,
        "EBITDA": -5337000.0,
        "EBIT": -5732000.0,
        "Net Interest Income": -642000.0,
        "Interest Expense": 642000.0,
        "Normalized Income": -7398000.0,
        "Net Income From Continuing And Discontinued Operation": -6374000.0,
        "Total Expenses": 9174000.0,
        "Total Operating Income As Reported": -6775000.0,
        "Diluted Average Shares": 2423831.0,
        "Basic Average Shares": 2423831.0,
        "Diluted EPS": -2.63,
        "Basic EPS": -2.63,
        "Diluted NI Availto Com Stockholders": -6374000.0,
        "Net Income Common Stockholders": -6374000.0,
        "Otherunder Preferred Stock Dividend": NaN,
        "Net Income": -6374000.0,
        "Net Income Including Noncontrolling Interests": -6374000.0,
        "Net Income Discontinuous Operations": NaN,
        "Net Income Continuous Operations": -6374000.0,
        "Pretax Income": -6374000.0,
        "Other Income Expense": 1043000.0,
        "Other Non Operating Income Expenses": 19000.0,
        "Special Income Charges": 0.0,
        "Other Special Charges": NaN,
        "Gain On Sale Of Security": 1024000.0,
        "Net Non Operating Interest Income Expense": -642000.0,
        "Total Other Finance Cost": NaN,
        "Interest Expense Non Operating": 642000.0,
        "Operating Income": -6775000.0,
        "Operating Expense": 8339000.0,
        "Depreciation Amortization Depletion Income Statement": 395000.0,
        "Depreciation And Amortization In Income Statement": 395000.0,
        "Research And Development": 1382000.0,
        "Selling General And Administration": 6562000.0,
        "General And Administrative Expense": 6562000.0,
        "Other Gand A": 6562000.0,
        "Gross Profit": 1564000.0,
        "Cost Of Revenue": 835000.0,
        "Total Revenue": 2399000.0,
        "Operating Revenue": 2399000.0
    },
    "2022-03-31": {
        "Diluted EPS": -3.66,
        "Total Revenue": 3,
        "Gross Profit": 2,
        "Operating Income": -7,
        "EBIT": -6,
        "Net Income": -7
    },
    "2021-12-31": {
        "Diluted EPS": -2.4,
        "Total Revenue": 3,
        "Gross Profit": 2,
        "Operating Income": -7,
        "EBIT": -6,
        "Net Income": -6
    },
    "2021-09-30": {
        "Diluted EPS": -5.6,
        "Total Revenue": 3,
        "Gross Profit": 2,
        "Operating Income": -8,
        "EBIT": -7,
        "Net Income": -9
    },
    "2021-06-30": {
        "Diluted EPS": -7.6,
        "Total Revenue": 2,
        "Gross Profit": 1,
        "Operating Income": -9,
        "EBIT": -8,
        "Net Income": -12
    },
    "2021-03-31": {
        "Diluted EPS": -6.4,
        "Total Revenue": 3,
        "Gross Profit": 1,
        "Operating Income": -9,
        "EBIT": -8,
        "Net Income": -8
    },
    "2020-12-31": {
        "Diluted EPS": -11.2,
        "Total Revenue": 2,
        "Gross Profit": 1,
        "Operating Income": -8,
        "EBIT": -8,
        "Net Income": -12
    },
    "2020-09-30": {
        "Diluted EPS": -7.2,
        "Total Revenue": 3,
        "Gross Profit": 2,
        "Operating Income": -8,
        "EBIT": -7,
        "Net Income": -7
    },
    "2020-06-30": {
        "Diluted EPS": -4.4,
        "Total Revenue": 3,
        "Gross Profit": 2,
        "Operating Income": -4,
        "EBIT": -4,
        "Net Income": -3
    },
    "2020-03-31": {
        "Diluted EPS": -9.2,
        "Total Revenue": 2,
        "Gross Profit": 1,
        "Operating Income": -4,
        "EBIT": -3,
        "Net Income": -6
    },
    "2019-12-31": {
        "Diluted EPS": -12.0,
        "Total Revenue": 2,
        "Gross Profit": 1,
        "Operating Income": -6,
        "EBIT": -6,
        "Net Income": -7
    },
    "2019-09-30": {
        "Diluted EPS": -5.2,
        "Total Revenue": 3,
        "Gross Profit": 1,
        "Operating Income": -4,
        "EBIT": -3,
        "Net Income": -3
    },
    "2019-06-30": {
        "Diluted EPS": -4.4,
        "Total Revenue": 4,
        "Gross Profit": 2,
        "Operating Income": -3,
        "EBIT": -2,
        "Net Income": -2
    },
    "2019-03-31": {
        "Diluted EPS": -10.0,
        "Total Revenue": 0,
        "Gross Profit": 0,
        "Operating Income": -3,
        "EBIT": -2,
        "Net Income": -3
    },
    "2018-12-31": {
        "Diluted EPS": -10.4,
        "Total Revenue": 0,
        "Gross Profit": 0,
        "Operating Income": -2,
        "EBIT": -1,
        "Net Income": -4
    },
    "2018-09-30": {
        "Diluted EPS": -5.6,
        "Total Revenue": 0,
        "Gross Profit": 0,
        "Operating Income": -1,
        "EBIT": -1,
        "Net Income": -1
    },
    "2018-06-30": {
        "Diluted EPS": 6.8,
        "Total Revenue": 0,
        "Gross Profit": 0,
        "Operating Income": 0,
        "EBIT": 0,
        "Net Income": 2
    },
    "2018-03-31": {
        "Diluted EPS": -40.0,
        "Total Revenue": 0,
        "Gross Profit": 0,
        "Operating Income": -5,
        "EBIT": -5,
        "Net Income": -8
    },
    "2017-12-31": {
        "Diluted EPS": -39.2,
        "Total Revenue": NaN,
        "Gross Profit": NaN,
        "Operating Income": -1,
        "EBIT": -1,
        "Net Income": -2
    },
    "2017-09-30": {
        "Diluted EPS": -0.8,
        "Total Revenue": NaN,
        "Gross Profit": NaN,
        "Operating Income": -1,
        "EBIT": -1,
        "Net Income": -2
    },
    "2017-06-30": {
        "Diluted EPS": -0.8,
        "Total Revenue": NaN,
        "Gross Profit": NaN,
        "Operating Income": -1,
        "EBIT": -1,
        "Net Income": -2
    },
    "2017-03-31": {
        "Diluted EPS": -0.4,
        "Total Revenue": NaN,
        "Gross Profit": NaN,
        "Operating Income": -1,
        "EBIT": -1,
        "Net Income": -1
    },
    "2016-12-31": {
        "Diluted EPS": -0.4,
        "Total Revenue": NaN,
        "Gross Profit": NaN,
        "Operating Income": -1,
        "EBIT": 0,
        "Net Income": -1
    },
    "2016-09-30": {
        "Diluted EPS": -0.4,
        "Total Revenue": NaN,
        "Gross Profit": NaN,
        "Operating Income": -1,
        "EBIT": -1,
        "Net Income": -1
    },
    "2016-06-30": {
        "Diluted EPS": -0.8,
        "Total Revenue": NaN,
        "Gross Profit": NaN,
        "Operating Income": -1,
        "EBIT": -1,
        "Net Income": -1
    },
    "2016-03-31": {
        "Diluted EPS": -0.4,
        "Total Revenue": NaN,
        "Gross Profit": NaN,
        "Operating Income": -1,
        "EBIT": 0,
        "Net Income": -1
    },
    "2015-12-31": {
        "Diluted EPS": -0.8,
        "Total Revenue": NaN,
        "Gross Profit": NaN,
        "Operating Income": -2,
        "EBIT": 0,
        "Net Income": -2
    },
    "2015-09-30": {
        "Diluted EPS": -1.6,
        "Total Revenue": NaN,
        "Gross Profit": NaN,
        "Operating Income": -3,
        "EBIT": -1,
        "Net Income": -3
    },
    "2015-06-30": {
        "Diluted EPS": -0.8,
        "Total Revenue": NaN,
        "Gross Profit": NaN,
        "Operating Income": -1,
        "EBIT": -1,
        "Net Income": -1
    },
    "2015-03-31": {
        "Diluted EPS": -1.2,
        "Total Revenue": NaN,
        "Gross Profit": NaN,
        "Operating Income": -2,
        "EBIT": -1,
        "Net Income": -2
    },
    "2014-12-31": {
        "Diluted EPS": -3.2,
        "Total Revenue": NaN,
        "Gross Profit": NaN,
        "Operating Income": -4,
        "EBIT": -4,
        "Net Income": -4
    },
    "2014-09-30": {
        "Diluted EPS": -3.6,
        "Total Revenue": NaN,
        "Gross Profit": NaN,
        "Operating Income": -1,
        "EBIT": -1,
        "Net Income": -1
    },
    "2014-08-31": {
        "Diluted EPS": -0.4,
        "Total Revenue": NaN,
        "Gross Profit": NaN,
        "Operating Income": 0,
        "EBIT": 0,
        "Net Income": 0
    },
    "2014-06-30": {
        "Diluted EPS": -1.2,
        "Total Revenue": NaN,
        "Gross Profit": NaN,
        "Operating Income": 0,
        "EBIT": 0,
        "Net Income": 0
    },
    "2014-05-31": {
        "Diluted EPS": 0.0,
        "Total Revenue": 0,
        "Gross Profit": 0,
        "Operating Income": 0,
        "EBIT": 0,
        "Net Income": 0
    },
    "2014-03-31": {
        "Diluted EPS": -1.6,
        "Total Revenue": NaN,
        "Gross Profit": NaN,
        "Operating Income": 0,
        "EBIT": 0,
        "Net Income": 0
    },
    "2014-02-28": {
        "Diluted EPS": 0.0,
        "Total Revenue": 0,
        "Gross Profit": 0,
        "Operating Income": 0,
        "EBIT": 0,
        "Net Income": 0
    },
    "2013-12-31": {
        "Diluted EPS": 0.0,
        "Total Revenue": NaN,
        "Gross Profit": NaN,
        "Operating Income": -5,
        "EBIT": -5,
        "Net Income": -5
    },
    "2013-11-30": {
        "Diluted EPS": 0.0,
        "Total Revenue": NaN,
        "Gross Profit": NaN,
        "Operating Income": NaN,
        "EBIT": NaN,
        "Net Income": NaN
    },
    "2013-08-31": {
        "Diluted EPS": 0.0,
        "Total Revenue": NaN,
        "Gross Profit": NaN,
        "Operating Income": 0,
        "EBIT": 0,
        "Net Income": 0
    },
    "2013-05-31": {
        "Diluted EPS": 0.0,
        "Total Revenue": NaN,
        "Gross Profit": NaN,
        "Operating Income": 0,
        "EBIT": 0,
        "Net Income": 0
    },
    "2013-03-31": {
        "Diluted EPS": 0.0,
        "Total Revenue": NaN,
        "Gross Profit": NaN,
        "Operating Income": 0,
        "EBIT": 0,
        "Net Income": 0
    },
    "2013-02-28": {
        "Diluted EPS": 0.0,
        "Total Revenue": NaN,
        "Gross Profit": NaN,
        "Operating Income": 0,
        "EBIT": 0,
        "Net Income": 0
    },
    "2012-12-31": {
        "Diluted EPS": 0.0,
        "Total Revenue": NaN,
        "Gross Profit": NaN,
        "Operating Income": NaN,
        "EBIT": NaN,
        "Net Income": NaN
    },
    "2012-11-30": {
        "Diluted EPS": 0.0,
        "Total Revenue": NaN,
        "Gross Profit": NaN,
        "Operating Income": NaN,
        "EBIT": NaN,
        "Net Income": NaN
    },
    "2012-09-30": {
        "Diluted EPS": 0.0,
        "Total Revenue": NaN,
        "Gross Profit": NaN,
        "Operating Income": NaN,
        "EBIT": NaN,
        "Net Income": NaN
    },
    "2023-06-30": {
        "Tax Effect Of Unusual Items": 0.0,
        "Tax Rate For Calcs": 0.0,
        "Normalized EBITDA": -3092000.0,
        "Total Unusual Items": 198000.0,
        "Total Unusual Items Excluding Goodwill": 198000.0,
        "Net Income From Continuing Operation Net Minority Interest": -3776000.0,
        "Reconciled Depreciation": 583000.0,
        "Reconciled Cost Of Revenue": 1000.0,
        "EBITDA": -2894000.0,
        "EBIT": -3477000.0,
        "Net Interest Income": -1538000.0,
        "Interest Expense": 299000.0,
        "Interest Income": 0.0,
        "Normalized Income": -3974000.0,
        "Net Income From Continuing And Discontinued Operation": -9856000.0,
        "Total Expenses": 3269000.0,
        "Total Operating Income As Reported": -3266000.0,
        "Diluted Average Shares": 4022947.0,
        "Basic Average Shares": 4022947.0,
        "Diluted EPS": -2.45,
        "Basic EPS": -2.45,
        "Diluted NI Availto Com Stockholders": -9856000.0,
        "Net Income Common Stockholders": -9856000.0,
        "Otherunder Preferred Stock Dividend": 0.0,
        "Preferred Stock Dividends": NaN,
        "Net Income": -9856000.0,
        "Net Income Including Noncontrolling Interests": -9856000.0,
        "Net Income Discontinuous Operations": -6080000.0,
        "Net Income Continuous Operations": -3776000.0,
        "Pretax Income": -3776000.0,
        "Other Income Expense": 1028000.0,
        "Other Non Operating Income Expenses": 830000.0,
        "Special Income Charges": NaN,
        "Other Special Charges": NaN,
        "Gain On Sale Of Security": 198000.0,
        "Net Non Operating Interest Income Expense": -1538000.0,
        "Total Other Finance Cost": 1239000.0,
        "Interest Expense Non Operating": 299000.0,
        "Interest Income Non Operating": 0.0,
        "Operating Income": -3266000.0,
        "Operating Expense": 3268000.0,
        "Depreciation Amortization Depletion Income Statement": 583000.0,
        "Depreciation And Amortization In Income Statement": 583000.0,
        "Research And Development": NaN,
        "Selling General And Administration": 2685000.0,
        "General And Administrative Expense": 2685000.0,
        "Other Gand A": 2685000.0,
        "Gross Profit": 2000.0,
        "Cost Of Revenue": 1000.0,
        "Total Revenue": 3000.0,
        "Operating Revenue": 3000.0
    },
    "2023-09-30": {
        "Tax Effect Of Unusual Items": 0.0,
        "Tax Rate For Calcs": 0.0,
        "Normalized EBITDA": -2762000.0,
        "Total Unusual Items": 4000.0,
        "Total Unusual Items Excluding Goodwill": 4000.0,
        "Net Income From Continuing Operation Net Minority Interest": -3541000.0,
        "Reconciled Depreciation": 564000.0,
        "Reconciled Cost Of Revenue": 5000.0,
        "EBITDA": -2758000.0,
        "EBIT": -3322000.0,
        "Net Interest Income": -219000.0,
        "Interest Expense": 219000.0,
        "Interest Income": NaN,
        "Normalized Income": -3545000.0,
        "Net Income From Continuing And Discontinued Operation": -3709000.0,
        "Total Expenses": 3419000.0,
        "Total Operating Income As Reported": -3390000.0,
        "Diluted Average Shares": 5420884.0,
        "Basic Average Shares": 5420884.0,
        "Diluted EPS": -0.68,
        "Basic EPS": -0.68,
        "Diluted NI Availto Com Stockholders": -3709000.0,
        "Net Income Common Stockholders": -3709000.0,
        "Otherunder Preferred Stock Dividend": 0.0,
        "Preferred Stock Dividends": NaN,
        "Net Income": -3709000.0,
        "Net Income Including Noncontrolling Interests": -3709000.0,
        "Net Income Discontinuous Operations": -168000.0,
        "Net Income Continuous Operations": -3541000.0,
        "Pretax Income": -3541000.0,
        "Other Income Expense": 68000.0,
        "Other Non Operating Income Expenses": 64000.0,
        "Special Income Charges": NaN,
        "Other Special Charges": NaN,
        "Gain On Sale Of Security": 4000.0,
        "Net Non Operating Interest Income Expense": -219000.0,
        "Total Other Finance Cost": NaN,
        "Interest Expense Non Operating": 219000.0,
        "Interest Income Non Operating": NaN,
        "Operating Income": -3390000.0,
        "Operating Expense": 3414000.0,
        "Depreciation Amortization Depletion Income Statement": 564000.0,
        "Depreciation And Amortization In Income Statement": 564000.0,
        "Research And Development": NaN,
        "Selling General And Administration": 2850000.0,
        "General And Administrative Expense": 2850000.0,
        "Other Gand A": 2850000.0,
        "Gross Profit": 24000.0,
        "Cost Of Revenue": 5000.0,
        "Total Revenue": 29000.0,
        "Operating Revenue": 29000.0
    },
    "2023-12-31": {
        "Tax Effect Of Unusual Items": 0.0,
        "Tax Rate For Calcs": 0.0,
        "Normalized EBITDA": -2093000.0,
        "Total Unusual Items": 11000.0,
        "Total Unusual Items Excluding Goodwill": 11000.0,
        "Net Income From Continuing Operation Net Minority Interest": -2887000.0,
        "Reconciled Depreciation": 601000.0,
        "Reconciled Cost Of Revenue": 12000.0,
        "EBITDA": -2082000.0,
        "EBIT": -2683000.0,
        "Net Interest Income": -204000.0,
        "Interest Expense": 204000.0,
        "Interest Income": NaN,
        "Normalized Income": -2898000.0,
        "Net Income From Continuing And Discontinued Operation": -2915000.0,
        "Total Expenses": 3041000.0,
        "Total Operating Income As Reported": -3012000.0,
        "Diluted Average Shares": NaN,
        "Basic Average Shares": NaN,
        "Diluted EPS": NaN,
        "Basic EPS": NaN,
        "Diluted NI Availto Com Stockholders": -2915000.0,
        "Net Income Common Stockholders": -2915000.0,
        "Otherunder Preferred Stock Dividend": 0.0,
        "Preferred Stock Dividends": NaN,
        "Net Income": -2915000.0,
        "Net Income Including Noncontrolling Interests": -2915000.0,
        "Net Income Discontinuous Operations": -28000.0,
        "Net Income Continuous Operations": -2887000.0,
        "Pretax Income": -2887000.0,
        "Other Income Expense": 329000.0,
        "Other Non Operating Income Expenses": 318000.0,
        "Special Income Charges": NaN,
        "Other Special Charges": NaN,
        "Gain On Sale Of Security": 11000.0,
        "Net Non Operating Interest Income Expense": -204000.0,
        "Total Other Finance Cost": 0.0,
        "Interest Expense Non Operating": 204000.0,
        "Interest Income Non Operating": NaN,
        "Operating Income": -3012000.0,
        "Operating Expense": 3029000.0,
        "Depreciation Amortization Depletion Income Statement": 601000.0,
        "Depreciation And Amortization In Income Statement": 601000.0,
        "Research And Development": NaN,
        "Selling General And Administration": 2428000.0,
        "General And Administrative Expense": 2428000.0,
        "Other Gand A": 2428000.0,
        "Gross Profit": 17000.0,
        "Cost Of Revenue": 12000.0,
        "Total Revenue": 29000.0,
        "Operating Revenue": 29000.0
    },
    "2024-03-31": {
        "Tax Effect Of Unusual Items": 0.0,
        "Tax Rate For Calcs": 0.0,
        "Normalized EBITDA": -2963000.0,
        "Total Unusual Items": -1000.0,
        "Total Unusual Items Excluding Goodwill": -1000.0,
        "Net Income From Continuing Operation Net Minority Interest": -3445000.0,
        "Reconciled Depreciation": 256000.0,
        "Reconciled Cost Of Revenue": 5000.0,
        "EBITDA": -2964000.0,
        "EBIT": -3220000.0,
        "Net Interest Income": -225000.0,
        "Interest Expense": 225000.0,
        "Interest Income": NaN,
        "Normalized Income": -3444000.0,
        "Net Income From Continuing And Discontinued Operation": -3445000.0,
        "Total Expenses": 3224000.0,
        "Total Operating Income As Reported": -3217000.0,
        "Diluted Average Shares": 31144130.0,
        "Basic Average Shares": 31144130.0,
        "Diluted EPS": -0.11,
        "Basic EPS": -0.11,
        "Diluted NI Availto Com Stockholders": -3520000.0,
        "Net Income Common Stockholders": -3520000.0,
        "Otherunder Preferred Stock Dividend": 0.0,
        "Preferred Stock Dividends": 75000.0,
        "Net Income": -3445000.0,
        "Net Income Including Noncontrolling Interests": -3445000.0,
        "Net Income Discontinuous Operations": 0.0,
        "Net Income Continuous Operations": -3445000.0,
        "Pretax Income": -3445000.0,
        "Other Income Expense": -3000.0,
        "Other Non Operating Income Expenses": -2000.0,
        "Special Income Charges": NaN,
        "Other Special Charges": NaN,
        "Gain On Sale Of Security": -1000.0,
        "Net Non Operating Interest Income Expense": -225000.0,
        "Total Other Finance Cost": NaN,
        "Interest Expense Non Operating": 225000.0,
        "Interest Income Non Operating": NaN,
        "Operating Income": -3217000.0,
        "Operating Expense": 3219000.0,
        "Depreciation Amortization Depletion Income Statement": 256000.0,
        "Depreciation And Amortization In Income Statement": 256000.0,
        "Research And Development": NaN,
        "Selling General And Administration": 2963000.0,
        "General And Administrative Expense": 2963000.0,
        "Other Gand A": 2963000.0,
        "Gross Profit": 2000.0,
        "Cost Of Revenue": 5000.0,
        "Total Revenue": 7000.0,
        "Operating Revenue": 7000.0
    },
    "2024-06-30": {
        "Tax Effect Of Unusual Items": 0.0,
        "Tax Rate For Calcs": 0.0,
        "Normalized EBITDA": -1454000.0,
        "Total Unusual Items": 2000.0,
        "Total Unusual Items Excluding Goodwill": 2000.0,
        "Net Income From Continuing Operation Net Minority Interest": -1731000.0,
        "Reconciled Depreciation": 269000.0,
        "Reconciled Cost Of Revenue": 31000.0,
        "EBITDA": -1452000.0,
        "EBIT": -1721000.0,
        "Net Interest Income": 68000.0,
        "Interest Expense": 10000.0,
        "Interest Income": 168000.0,
        "Normalized Income": -1733000.0,
        "Net Income From Continuing And Discontinued Operation": -1731000.0,
        "Total Expenses": 2442000.0,
        "Total Operating Income As Reported": -2405000.0,
        "Diluted Average Shares": 107254283.0,
        "Basic Average Shares": 107254283.0,
        "Diluted EPS": -0.02,
        "Basic EPS": -0.02,
        "Diluted NI Availto Com Stockholders": -1797000.0,
        "Net Income Common Stockholders": -1797000.0,
        "Otherunder Preferred Stock Dividend": 0.0,
        "Preferred Stock Dividends": 66000.0,
        "Net Income": -1731000.0,
        "Net Income Including Noncontrolling Interests": -1731000.0,
        "Net Income Discontinuous Operations": 0.0,
        "Net Income Continuous Operations": -1731000.0,
        "Pretax Income": -1731000.0,
        "Other Income Expense": 606000.0,
        "Other Non Operating Income Expenses": 604000.0,
        "Special Income Charges": NaN,
        "Other Special Charges": NaN,
        "Gain On Sale Of Security": 2000.0,
        "Net Non Operating Interest Income Expense": 68000.0,
        "Total Other Finance Cost": 90000.0,
        "Interest Expense Non Operating": 10000.0,
        "Interest Income Non Operating": 168000.0,
        "Operating Income": -2405000.0,
        "Operating Expense": 2411000.0,
        "Depreciation Amortization Depletion Income Statement": 269000.0,
        "Depreciation And Amortization In Income Statement": 269000.0,
        "Research And Development": NaN,
        "Selling General And Administration": 2142000.0,
        "General And Administrative Expense": 2142000.0,
        "Other Gand A": 2142000.0,
        "Gross Profit": 6000.0,
        "Cost Of Revenue": 31000.0,
        "Total Revenue": 37000.0,
        "Operating Revenue": 37000.0
    }
}