{
    "2023-03-31": {
        "Tax Effect Of Unusual Items": NaN,
        "Tax Rate For Calcs": NaN,
        "Normalized EBITDA": NaN,
        "Total Unusual Items": NaN,
        "Total Unusual Items Excluding Goodwill": NaN,
        "Net Income From Continuing Operation Net Minority Interest": NaN,
        "Reconciled Depreciation": NaN,
        "Reconciled Cost Of Revenue": NaN,
        "EBITDA": NaN,
        "EBIT": NaN,
        "Net Interest Income": NaN,
        "Interest Expense": NaN,
        "Normalized Income": NaN,
        "Net Income From Continuing And Discontinued Operation": NaN,
        "Total Expenses": NaN,
        "Total Operating Income As Reported": NaN,
        "Diluted Average Shares": 80834453.0,
        "Basic Average Shares": 80834453.0,
        "Diluted EPS": -0.48,
        "Basic EPS": -0.48,
        "Diluted NI Availto Com Stockholders": NaN,
        "Net Income Common Stockholders": NaN,
        "Net Income": NaN,
        "Net Income Including Noncontrolling Interests": NaN,
        "Net Income Continuous Operations": NaN,
        "Tax Provision": NaN,
        "Pretax Income": NaN,
        "Other Income Expense": NaN,
        "Other Non Operating Income Expenses": NaN,
        "Special Income Charges": NaN,
        "Gain On Sale Of Ppe": NaN,
        "Impairment Of Capital Assets": NaN,
        "Gain On Sale Of Security": NaN,
        "Net Non Operating Interest Income Expense": NaN,
        "Interest Expense Non Operating": NaN,
        "Operating Income": NaN,
        "Operating Expense": NaN,
        "Provision For Doubtful Accounts": NaN,
        "Research And Development": NaN,
        "Selling General And Administration": NaN,
        "Gross Profit": NaN,
        "Cost Of Revenue": NaN,
        "Total Revenue": NaN,
        "Operating Revenue": NaN
    },
    "2022-12-31": {
        "Tax Effect Of Unusual Items": NaN,
        "Tax Rate For Calcs": NaN,
        "Normalized EBITDA": NaN,
        "Total Unusual Items": NaN,
        "Total Unusual Items Excluding Goodwill": NaN,
        "Net Income From Continuing Operation Net Minority Interest": NaN,
        "Reconciled Depreciation": NaN,
        "Reconciled Cost Of Revenue": NaN,
        "EBITDA": NaN,
        "EBIT": NaN,
        "Net Interest Income": NaN,
        "Interest Expense": NaN,
        "Normalized Income": NaN,
        "Net Income From Continuing And Discontinued Operation": NaN,
        "Total Expenses": NaN,
        "Total Operating Income As Reported": NaN,
        "Diluted Average Shares": 80558670.0,
        "Basic Average Shares": 80558670.0,
        "Diluted EPS": -0.48,
        "Basic EPS": -0.48,
        "Diluted NI Availto Com Stockholders": NaN,
        "Net Income Common Stockholders": NaN,
        "Net Income": NaN,
        "Net Income Including Noncontrolling Interests": NaN,
        "Net Income Continuous Operations": NaN,
        "Tax Provision": NaN,
        "Pretax Income": NaN,
        "Other Income Expense": NaN,
        "Other Non Operating Income Expenses": NaN,
        "Special Income Charges": NaN,
        "Gain On Sale Of Ppe": NaN,
        "Impairment Of Capital Assets": NaN,
        "Gain On Sale Of Security": NaN,
        "Net Non Operating Interest Income Expense": NaN,
        "Interest Expense Non Operating": NaN,
        "Operating Income": NaN,
        "Operating Expense": NaN,
        "Provision For Doubtful Accounts": NaN,
        "Research And Development": NaN,
        "Selling General And Administration": NaN,
        "Gross Profit": NaN,
        "Cost Of Revenue": NaN,
        "Total Revenue": NaN,
        "Operating Revenue": NaN
    },
    "2022-09-30": {
        "Tax Effect Of Unusual Items": NaN,
        "Tax Rate For Calcs": NaN,
        "Normalized EBITDA": NaN,
        "Total Unusual Items": NaN,
        "Total Unusual Items Excluding Goodwill": NaN,
        "Net Income From Continuing Operation Net Minority Interest": NaN,
        "Reconciled Depreciation": NaN,
        "Reconciled Cost Of Revenue": NaN,
        "EBITDA": NaN,
        "EBIT": NaN,
        "Net Interest Income": NaN,
        "Interest Expense": NaN,
        "Normalized Income": NaN,
        "Net Income From Continuing And Discontinued Operation": NaN,
        "Total Expenses": NaN,
        "Total Operating Income As Reported": NaN,
        "Diluted Average Shares": NaN,
        "Basic Average Shares": NaN,
        "Diluted EPS": NaN,
        "Basic EPS": NaN,
        "Diluted NI Availto Com Stockholders": NaN,
        "Net Income Common Stockholders": NaN,
        "Net Income": NaN,
        "Net Income Including Noncontrolling Interests": NaN,
        "Net Income Continuous Operations": NaN,
        "Tax Provision": NaN,
        "Pretax Income": NaN,
        "Other Income Expense": NaN,
        "Other Non Operating Income Expenses": NaN,
        "Special Income Charges": NaN,
        "Gain On Sale Of Ppe": NaN,
        "Gain On Sale Of Business": 0.0,
        "Impairment Of Capital Assets": NaN,
        "Gain On Sale Of Security": NaN,
        "Net Non Operating Interest Income Expense": NaN,
        "Interest Expense Non Operating": NaN,
        "Operating Income": NaN,
        "Operating Expense": NaN,
        "Provision For Doubtful Accounts": NaN,
        "Research And Development": NaN,
        "Selling General And Administration": NaN,
        "Gross Profit": NaN,
        "Cost Of Revenue": NaN,
        "Total Revenue": NaN,
        "Operating Revenue": NaN
    },
    "2022-06-30": {
        "Tax Effect Of Unusual Items": 352400.0,
        "Tax Rate For Calcs": 0.4,
        "Normalized EBITDA": -21697013.0,
        "Total Unusual Items": 881000.0,
        "Total Unusual Items Excluding Goodwill": 881000.0,
        "Net Income From Continuing Operation Net Minority Interest": -22195576.0,
        "Reconciled Depreciation": 56867.0,
        "Reconciled Cost Of Revenue": 2533572.0,
        "EBITDA": -20816013.0,
        "EBIT": -20872880.0,
        "Net Interest Income": -1185093.0,
        "Interest Expense": 1185093.0,
        "Normalized Income": -22724176.0,
        "Net Income From Continuing And Discontinued Operation": -22195576.0,
        "Total Expenses": 31425970.0,
        "Total Operating Income As Reported": -21823775.0,
        "Diluted Average Shares": 80088431.0,
        "Basic Average Shares": 80088431.0,
        "Diluted EPS": -0.28,
        "Basic EPS": -0.28,
        "Diluted NI Availto Com Stockholders": -22195576.0,
        "Net Income Common Stockholders": -22195576.0,
        "Net Income": -22195576.0,
        "Net Income Including Noncontrolling Interests": -22195576.0,
        "Net Income Continuous Operations": -22195576.0,
        "Tax Provision": 137603.0,
        "Pretax Income": -22057973.0,
        "Other Income Expense": 950895.0,
        "Other Non Operating Income Expenses": 69895.0,
        "Special Income Charges": 0.0,
        "Gain On Sale Of Ppe": NaN,
        "Gain On Sale Of Business": 0.0,
        "Impairment Of Capital Assets": NaN,
        "Gain On Sale Of Security": 881000.0,
        "Net Non Operating Interest Income Expense": -1185093.0,
        "Interest Expense Non Operating": 1185093.0,
        "Operating Income": -21823775.0,
        "Operating Expense": 28892398.0,
        "Provision For Doubtful Accounts": NaN,
        "Research And Development": 18133412.0,
        "Selling General And Administration": 10758986.0,
        "General And Administrative Expense": NaN,
        "Other Gand A": NaN,
        "Gross Profit": 7068623.0,
        "Cost Of Revenue": 2533572.0,
        "Total Revenue": 9602195.0,
        "Operating Revenue": 9602195.0
    },
    "2022-03-31": {
        "Diluted EPS": -0.18,
        "Total Revenue": 13,
        "Gross Profit": 11,
        "Operating Income": -12,
        "EBIT": -12,
        "Net Income": -14
    },
    "2021-12-31": {
        "Diluted EPS": -0.08,
        "Total Revenue": 14,
        "Gross Profit": 12,
        "Operating Income": -5,
        "EBIT": -5,
        "Net Income": -6
    },
    "2021-09-30": {
        "Diluted EPS": -0.07,
        "Total Revenue": 16,
        "Gross Profit": 12,
        "Operating Income": -2,
        "EBIT": -2,
        "Net Income": -4
    },
    "2021-06-30": {
        "Diluted EPS": -0.03,
        "Total Revenue": 18,
        "Gross Profit": 14,
        "Operating Income": -3,
        "EBIT": -3,
        "Net Income": -3
    },
    "2021-03-31": {
        "Diluted EPS": -0.04,
        "Total Revenue": 13,
        "Gross Profit": 11,
        "Operating Income": -1,
        "EBIT": -1,
        "Net Income": -3
    },
    "2020-12-31": {
        "Diluted EPS": 0.23,
        "Total Revenue": 15,
        "Gross Profit": 11,
        "Operating Income": 19,
        "EBIT": 19,
        "Net Income": 17
    },
    "2020-09-30": {
        "Diluted EPS": -0.17,
        "Total Revenue": 12,
        "Gross Profit": 10,
        "Operating Income": -11,
        "EBIT": -11,
        "Net Income": -12
    },
    "2020-06-30": {
        "Diluted EPS": -0.05,
        "Total Revenue": 10,
        "Gross Profit": 7,
        "Operating Income": -1,
        "EBIT": -1,
        "Net Income": -3
    },
    "2020-03-31": {
        "Diluted EPS": -0.01,
        "Total Revenue": 10,
        "Gross Profit": 7,
        "Operating Income": 0,
        "EBIT": 0,
        "Net Income": -1
    },
    "2019-12-31": {
        "Diluted EPS": -0.05,
        "Total Revenue": 11,
        "Gross Profit": 7,
        "Operating Income": -2,
        "EBIT": -2,
        "Net Income": -3
    },
    "2019-09-30": {
        "Diluted EPS": -0.06,
        "Total Revenue": 9,
        "Gross Profit": 6,
        "Operating Income": -1,
        "EBIT": -1,
        "Net Income": -3
    },
    "2019-06-30": {
        "Diluted EPS": -0.04,
        "Total Revenue": 10,
        "Gross Profit": 7,
        "Operating Income": -2,
        "EBIT": -2,
        "Net Income": -3
    },
    "2019-03-31": {
        "Diluted EPS": -0.06,
        "Total Revenue": 7,
        "Gross Profit": 5,
        "Operating Income": -2,
        "EBIT": -2,
        "Net Income": -4
    },
    "2018-12-31": {
        "Diluted EPS": -0.03,
        "Total Revenue": 6,
        "Gross Profit": 5,
        "Operating Income": -1,
        "EBIT": -1,
        "Net Income": -2
    },
    "2018-09-30": {
        "Diluted EPS": -0.14,
        "Total Revenue": 5,
        "Gross Profit": 3,
        "Operating Income": -4,
        "EBIT": -4,
        "Net Income": -8
    },
    "2018-06-30": {
        "Diluted EPS": -0.15,
        "Total Revenue": 6,
        "Gross Profit": 3,
        "Operating Income": -5,
        "EBIT": -5,
        "Net Income": -8
    },
    "2018-03-31": {
        "Diluted EPS": -0.07,
        "Total Revenue": 3,
        "Gross Profit": 1,
        "Operating Income": -5,
        "EBIT": -5,
        "Net Income": -4
    },
    "2017-12-31": {
        "Diluted EPS": -0.08,
        "Total Revenue": 3,
        "Gross Profit": 1,
        "Operating Income": -7,
        "EBIT": -7,
        "Net Income": -4
    },
    "2017-09-30": {
        "Diluted EPS": -0.12,
        "Total Revenue": 4,
        "Gross Profit": 2,
        "Operating Income": -3,
        "EBIT": -3,
        "Net Income": -5
    },
    "2017-06-30": {
        "Diluted EPS": -0.03,
        "Total Revenue": 4,
        "Gross Profit": 2,
        "Operating Income": -1,
        "EBIT": -1,
        "Net Income": -1
    },
    "2017-03-31": {
        "Diluted EPS": -0.06,
        "Total Revenue": 2,
        "Gross Profit": 1,
        "Operating Income": -3,
        "EBIT": -2,
        "Net Income": -2
    },
    "2016-12-31": {
        "Diluted EPS": -0.04,
        "Total Revenue": 3,
        "Gross Profit": 2,
        "Operating Income": -2,
        "EBIT": -2,
        "Net Income": -1
    },
    "2016-09-30": {
        "Diluted EPS": -0.06,
        "Total Revenue": 4,
        "Gross Profit": 2,
        "Operating Income": 0,
        "EBIT": 0,
        "Net Income": -2
    },
    "2016-06-30": {
        "Diluted EPS": 0.02,
        "Total Revenue": 6,
        "Gross Profit": 3,
        "Operating Income": 1,
        "EBIT": 1,
        "Net Income": 1
    },
    "2016-03-31": {
        "Diluted EPS": 0.0,
        "Total Revenue": 5,
        "Gross Profit": 3,
        "Operating Income": 0,
        "EBIT": 0,
        "Net Income": 0
    },
    "2015-12-31": {
        "Diluted EPS": 0.05,
        "Total Revenue": 8,
        "Gross Profit": 5,
        "Operating Income": 2,
        "EBIT": 3,
        "Net Income": 1
    },
    "2015-09-30": {
        "Diluted EPS": 0.02,
        "Total Revenue": 7,
        "Gross Profit": 4,
        "Operating Income": 1,
        "EBIT": 1,
        "Net Income": 1
    },
    "2015-06-30": {
        "Diluted EPS": 0.04,
        "Total Revenue": 8,
        "Gross Profit": 5,
        "Operating Income": 1,
        "EBIT": 2,
        "Net Income": 1
    },
    "2015-03-31": {
        "Diluted EPS": 0.06,
        "Total Revenue": 11,
        "Gross Profit": 6,
        "Operating Income": 3,
        "EBIT": 3,
        "Net Income": 2
    },
    "2014-12-31": {
        "Diluted EPS": 0.03,
        "Total Revenue": 7,
        "Gross Profit": 4,
        "Operating Income": 1,
        "EBIT": 2,
        "Net Income": 1
    },
    "2014-09-30": {
        "Diluted EPS": -0.02,
        "Total Revenue": 6,
        "Gross Profit": 3,
        "Operating Income": 0,
        "EBIT": 0,
        "Net Income": -1
    },
    "2014-06-30": {
        "Diluted EPS": 0.04,
        "Total Revenue": 8,
        "Gross Profit": 4,
        "Operating Income": 2,
        "EBIT": 2,
        "Net Income": 1
    },
    "2014-03-31": {
        "Diluted EPS": 0.01,
        "Total Revenue": 4,
        "Gross Profit": 2,
        "Operating Income": 1,
        "EBIT": 1,
        "Net Income": 0
    },
    "2013-12-31": {
        "Diluted EPS": 0.05,
        "Total Revenue": 7,
        "Gross Profit": 4,
        "Operating Income": 2,
        "EBIT": 2,
        "Net Income": 1
    },
    "2013-09-30": {
        "Diluted EPS": 0.23,
        "Total Revenue": 5,
        "Gross Profit": 2,
        "Operating Income": 2,
        "EBIT": 2,
        "Net Income": 7
    },
    "2013-06-30": {
        "Diluted EPS": 0.03,
        "Total Revenue": 7,
        "Gross Profit": 4,
        "Operating Income": 1,
        "EBIT": 1,
        "Net Income": 1
    },
    "2013-03-31": {
        "Diluted EPS": 0.12,
        "Total Revenue": 9,
        "Gross Profit": 6,
        "Operating Income": 3,
        "EBIT": 3,
        "Net Income": 3
    },
    "2012-12-31": {
        "Diluted EPS": 0.12,
        "Total Revenue": 10,
        "Gross Profit": 6,
        "Operating Income": 4,
        "EBIT": 4,
        "Net Income": 4
    },
    "2012-09-30": {
        "Diluted EPS": 0.28,
        "Total Revenue": 10,
        "Gross Profit": 6,
        "Operating Income": 3,
        "EBIT": 3,
        "Net Income": 8
    },
    "2012-06-30": {
        "Diluted EPS": 0.09,
        "Total Revenue": 9,
        "Gross Profit": 5,
        "Operating Income": 3,
        "EBIT": 3,
        "Net Income": 3
    },
    "2012-03-31": {
        "Diluted EPS": 0.07,
        "Total Revenue": 8,
        "Gross Profit": 5,
        "Operating Income": 2,
        "EBIT": 2,
        "Net Income": 2
    },
    "2011-12-31": {
        "Diluted EPS": 0.09,
        "Total Revenue": 9,
        "Gross Profit": 5,
        "Operating Income": 3,
        "EBIT": 3,
        "Net Income": 3
    },
    "2011-09-30": {
        "Diluted EPS": 0.17,
        "Total Revenue": 7,
        "Gross Profit": 4,
        "Operating Income": 2,
        "EBIT": 2,
        "Net Income": 5
    },
    "2011-06-30": {
        "Diluted EPS": 0.01,
        "Total Revenue": 4,
        "Gross Profit": 2,
        "Operating Income": 0,
        "EBIT": 1,
        "Net Income": 0
    },
    "2011-03-31": {
        "Diluted EPS": 0.0,
        "Total Revenue": 4,
        "Gross Profit": 2,
        "Operating Income": 0,
        "EBIT": 0,
        "Net Income": 0
    },
    "2010-12-31": {
        "Diluted EPS": 0.01,
        "Total Revenue": 4,
        "Gross Profit": 2,
        "Operating Income": 0,
        "EBIT": 1,
        "Net Income": 0
    },
    "2010-09-30": {
        "Diluted EPS": 0.21,
        "Total Revenue": 8,
        "Gross Profit": 5,
        "Operating Income": 3,
        "EBIT": 3,
        "Net Income": 6
    },
    "2010-06-30": {
        "Diluted EPS": 0.0,
        "Total Revenue": 2,
        "Gross Profit": 1,
        "Operating Income": 0,
        "EBIT": 0,
        "Net Income": 0
    },
    "2010-03-31": {
        "Diluted EPS": 0.06,
        "Total Revenue": 7,
        "Gross Profit": 4,
        "Operating Income": 2,
        "EBIT": 2,
        "Net Income": 2
    },
    "2009-12-31": {
        "Diluted EPS": -0.03,
        "Total Revenue": 5,
        "Gross Profit": 3,
        "Operating Income": -1,
        "EBIT": -1,
        "Net Income": -1
    },
    "2009-09-30": {
        "Diluted EPS": 0.09,
        "Total Revenue": 8,
        "Gross Profit": 4,
        "Operating Income": 1,
        "EBIT": 1,
        "Net Income": 2
    },
    "2009-06-30": {
        "Diluted EPS": 0.02,
        "Total Revenue": 7,
        "Gross Profit": 3,
        "Operating Income": 1,
        "EBIT": 2,
        "Net Income": 1
    },
    "2009-03-31": {
        "Diluted EPS": 0.07,
        "Total Revenue": 7,
        "Gross Profit": 4,
        "Operating Income": 2,
        "EBIT": 2,
        "Net Income": 2
    },
    "2023-06-30": {
        "Tax Effect Of Unusual Items": NaN,
        "Tax Rate For Calcs": NaN,
        "Normalized EBITDA": NaN,
        "Total Unusual Items": NaN,
        "Total Unusual Items Excluding Goodwill": NaN,
        "Net Income From Continuing Operation Net Minority Interest": NaN,
        "Reconciled Depreciation": NaN,
        "Reconciled Cost Of Revenue": NaN,
        "EBITDA": NaN,
        "EBIT": NaN,
        "Net Interest Income": NaN,
        "Interest Expense": NaN,
        "Normalized Income": NaN,
        "Net Income From Continuing And Discontinued Operation": NaN,
        "Total Expenses": NaN,
        "Total Operating Income As Reported": NaN,
        "Diluted Average Shares": 88266152.0,
        "Basic Average Shares": 88266152.0,
        "Diluted EPS": -0.14,
        "Basic EPS": -0.14,
        "Diluted NI Availto Com Stockholders": NaN,
        "Net Income Common Stockholders": NaN,
        "Net Income": NaN,
        "Net Income Including Noncontrolling Interests": NaN,
        "Net Income Continuous Operations": NaN,
        "Tax Provision": NaN,
        "Pretax Income": NaN,
        "Other Income Expense": NaN,
        "Other Non Operating Income Expenses": NaN,
        "Special Income Charges": NaN,
        "Gain On Sale Of Ppe": NaN,
        "Impairment Of Capital Assets": 0.0,
        "Gain On Sale Of Security": NaN,
        "Net Non Operating Interest Income Expense": NaN,
        "Interest Expense Non Operating": NaN,
        "Operating Income": NaN,
        "Operating Expense": NaN,
        "Provision For Doubtful Accounts": 0.0,
        "Research And Development": NaN,
        "Selling General And Administration": NaN,
        "Gross Profit": NaN,
        "Cost Of Revenue": NaN,
        "Total Revenue": NaN,
        "Operating Revenue": NaN
    },
    "2023-09-30": {
        "Tax Effect Of Unusual Items": -2328730.11,
        "Tax Rate For Calcs": 0.21,
        "Normalized EBITDA": -11844004.0,
        "Total Unusual Items": -11089191.0,
        "Total Unusual Items Excluding Goodwill": -11089191.0,
        "Net Income From Continuing Operation Net Minority Interest": -23768072.0,
        "Reconciled Depreciation": 70184.0,
        "Reconciled Cost Of Revenue": 2320832.0,
        "EBITDA": -22933195.0,
        "EBIT": -23003379.0,
        "Net Interest Income": -207201.0,
        "Interest Expense": 207201.0,
        "Normalized Income": -15007611.11,
        "Net Income From Continuing And Discontinued Operation": -23768072.0,
        "Total Expenses": 15699718.0,
        "Total Operating Income As Reported": -23570897.0,
        "Diluted Average Shares": NaN,
        "Basic Average Shares": NaN,
        "Diluted EPS": NaN,
        "Basic EPS": NaN,
        "Diluted NI Availto Com Stockholders": -23768072.0,
        "Net Income Common Stockholders": -23768072.0,
        "Net Income": -23768072.0,
        "Net Income Including Noncontrolling Interests": -23768072.0,
        "Net Income Continuous Operations": -23768072.0,
        "Tax Provision": 557492.0,
        "Pretax Income": -23210580.0,
        "Other Income Expense": -11165673.0,
        "Other Non Operating Income Expenses": -76482.0,
        "Special Income Charges": -11733191.0,
        "Gain On Sale Of Ppe": -11733191.0,
        "Impairment Of Capital Assets": 0.0,
        "Gain On Sale Of Security": 644000.0,
        "Net Non Operating Interest Income Expense": -207201.0,
        "Interest Expense Non Operating": 207201.0,
        "Operating Income": -11837706.0,
        "Operating Expense": 13378886.0,
        "Provision For Doubtful Accounts": 0.0,
        "Research And Development": 6604327.0,
        "Selling General And Administration": 6774559.0,
        "Gross Profit": 1541180.0,
        "Cost Of Revenue": 2320832.0,
        "Total Revenue": 3862012.0,
        "Operating Revenue": 3862012.0
    },
    "2023-12-31": {
        "Tax Effect Of Unusual Items": 4654.969454,
        "Tax Rate For Calcs": 0.008677,
        "Normalized EBITDA": -8647808.0,
        "Total Unusual Items": 536474.0,
        "Total Unusual Items Excluding Goodwill": 536474.0,
        "Net Income From Continuing Operation Net Minority Interest": -8275981.0,
        "Reconciled Depreciation": 72129.0,
        "Reconciled Cost Of Revenue": 990274.0,
        "EBITDA": -8111334.0,
        "EBIT": -8183463.0,
        "Net Interest Income": -164957.0,
        "Interest Expense": 164957.0,
        "Normalized Income": -8807800.030546,
        "Net Income From Continuing And Discontinued Operation": -8275981.0,
        "Total Expenses": 10941755.0,
        "Total Operating Income As Reported": -7882657.0,
        "Diluted Average Shares": 100601946.0,
        "Basic Average Shares": 100601946.0,
        "Diluted EPS": -0.08,
        "Basic EPS": -0.08,
        "Diluted NI Availto Com Stockholders": -8275981.0,
        "Net Income Common Stockholders": -8275981.0,
        "Net Income": -8275981.0,
        "Net Income Including Noncontrolling Interests": -8275981.0,
        "Net Income Continuous Operations": -8275981.0,
        "Tax Provision": -72439.0,
        "Pretax Income": -8348420.0,
        "Other Income Expense": 617566.0,
        "Other Non Operating Income Expenses": 81092.0,
        "Special Income Charges": 918372.0,
        "Gain On Sale Of Ppe": 918372.0,
        "Impairment Of Capital Assets": NaN,
        "Gain On Sale Of Security": -381898.0,
        "Net Non Operating Interest Income Expense": -164957.0,
        "Interest Expense Non Operating": 164957.0,
        "Operating Income": -8801029.0,
        "Operating Expense": 9951481.0,
        "Provision For Doubtful Accounts": NaN,
        "Research And Development": 1650050.0,
        "Selling General And Administration": 8301431.0,
        "Gross Profit": 1150452.0,
        "Cost Of Revenue": 990274.0,
        "Total Revenue": 2140726.0,
        "Operating Revenue": 2140726.0
    },
    "2024-03-31": {
        "Tax Effect Of Unusual Items": -35916.3,
        "Tax Rate For Calcs": 0.21,
        "Normalized EBITDA": -9461806.0,
        "Total Unusual Items": -171030.0,
        "Total Unusual Items Excluding Goodwill": -171030.0,
        "Net Income From Continuing Operation Net Minority Interest": -10025948.0,
        "Reconciled Depreciation": 65800.0,
        "Reconciled Cost Of Revenue": 3457002.0,
        "EBITDA": -9632836.0,
        "EBIT": -9698636.0,
        "Net Interest Income": -145310.0,
        "Interest Expense": 145310.0,
        "Normalized Income": -9890834.3,
        "Net Income From Continuing And Discontinued Operation": -10025948.0,
        "Total Expenses": 14024133.0,
        "Total Operating Income As Reported": -9888832.0,
        "Diluted Average Shares": 146381186.0,
        "Basic Average Shares": 146381186.0,
        "Diluted EPS": -0.07,
        "Basic EPS": -0.07,
        "Diluted NI Availto Com Stockholders": -10025948.0,
        "Net Income Common Stockholders": -10025948.0,
        "Net Income": -10025948.0,
        "Net Income Including Noncontrolling Interests": -10025948.0,
        "Net Income Continuous Operations": -10025948.0,
        "Tax Provision": 182002.0,
        "Pretax Income": -9843946.0,
        "Other Income Expense": 190196.0,
        "Other Non Operating Income Expenses": 361226.0,
        "Special Income Charges": 0.0,
        "Gain On Sale Of Ppe": 0.0,
        "Impairment Of Capital Assets": 0.0,
        "Gain On Sale Of Security": -171030.0,
        "Net Non Operating Interest Income Expense": -145310.0,
        "Interest Expense Non Operating": 145310.0,
        "Operating Income": -9888832.0,
        "Operating Expense": 10567131.0,
        "Provision For Doubtful Accounts": 0.0,
        "Research And Development": 2986791.0,
        "Selling General And Administration": 7580340.0,
        "Gross Profit": 678299.0,
        "Cost Of Revenue": 3457002.0,
        "Total Revenue": 4135301.0,
        "Operating Revenue": 4135301.0
    },
    "2024-06-30": {
        "Tax Effect Of Unusual Items": 15829.8,
        "Tax Rate For Calcs": 0.21,
        "Normalized EBITDA": -10689392.0,
        "Total Unusual Items": 75380.0,
        "Total Unusual Items Excluding Goodwill": 75380.0,
        "Net Income From Continuing Operation Net Minority Interest": -10968874.0,
        "Reconciled Depreciation": 65104.0,
        "Reconciled Cost Of Revenue": 2615855.0,
        "EBITDA": -10614012.0,
        "EBIT": -10679116.0,
        "Net Interest Income": -127336.0,
        "Interest Expense": 127336.0,
        "Normalized Income": -11028424.2,
        "Net Income From Continuing And Discontinued Operation": -10968874.0,
        "Total Expenses": 15002488.0,
        "Total Operating Income As Reported": -10938618.0,
        "Diluted Average Shares": 146383169.0,
        "Basic Average Shares": 146383169.0,
        "Diluted EPS": -0.07,
        "Basic EPS": -0.07,
        "Diluted NI Availto Com Stockholders": -10968874.0,
        "Net Income Common Stockholders": -10968874.0,
        "Net Income": -10968874.0,
        "Net Income Including Noncontrolling Interests": -10968874.0,
        "Net Income Continuous Operations": -10968874.0,
        "Tax Provision": 162422.0,
        "Pretax Income": -10806452.0,
        "Other Income Expense": 369502.0,
        "Other Non Operating Income Expenses": 294122.0,
        "Special Income Charges": 110000.0,
        "Gain On Sale Of Ppe": 110000.0,
        "Impairment Of Capital Assets": 0.0,
        "Gain On Sale Of Security": -34620.0,
        "Net Non Operating Interest Income Expense": -127336.0,
        "Interest Expense Non Operating": 127336.0,
        "Operating Income": -11048618.0,
        "Operating Expense": 12386633.0,
        "Provision For Doubtful Accounts": 0.0,
        "Research And Development": 4879024.0,
        "Selling General And Administration": 7507609.0,
        "Gross Profit": 1338015.0,
        "Cost Of Revenue": 2615855.0,
        "Total Revenue": 3953870.0,
        "Operating Revenue": 3953870.0
    },
    "2024-09-30": {
        "Tax Effect Of Unusual Items": 77071.47,
        "Tax Rate For Calcs": 0.21,
        "Normalized EBITDA": -8209503.0,
        "Total Unusual Items": 367007.0,
        "Total Unusual Items Excluding Goodwill": 367007.0,
        "Net Income From Continuing Operation Net Minority Interest": -8530623.0,
        "Reconciled Depreciation": 65144.0,
        "Reconciled Cost Of Revenue": 3969311.0,
        "EBITDA": -7842496.0,
        "EBIT": -7907640.0,
        "Net Interest Income": -169867.0,
        "Interest Expense": 169867.0,
        "Normalized Income": -8820558.53,
        "Net Income From Continuing And Discontinued Operation": -8530623.0,
        "Total Expenses": 15056348.0,
        "Total Operating Income As Reported": -8205290.0,
        "Diluted Average Shares": NaN,
        "Basic Average Shares": NaN,
        "Diluted EPS": NaN,
        "Basic EPS": NaN,
        "Diluted NI Availto Com Stockholders": -8530623.0,
        "Net Income Common Stockholders": -8530623.0,
        "Net Income": -8530623.0,
        "Net Income Including Noncontrolling Interests": -8530623.0,
        "Net Income Continuous Operations": -8530623.0,
        "Tax Provision": 453116.0,
        "Pretax Income": -8077507.0,
        "Other Income Expense": 492186.0,
        "Other Non Operating Income Expenses": 125179.0,
        "Special Income Charges": 194536.0,
        "Gain On Sale Of Ppe": 194536.0,
        "Impairment Of Capital Assets": 0.0,
        "Gain On Sale Of Security": 172471.0,
        "Net Non Operating Interest Income Expense": -169867.0,
        "Interest Expense Non Operating": 169867.0,
        "Operating Income": -8399826.0,
        "Operating Expense": 11087037.0,
        "Provision For Doubtful Accounts": 0.0,
        "Research And Development": 3292320.0,
        "Selling General And Administration": 7794717.0,
        "Gross Profit": 2687211.0,
        "Cost Of Revenue": 3969311.0,
        "Total Revenue": 6656522.0,
        "Operating Revenue": 6656522.0
    }
}