{
    "2023-03-31": {
        "Tax Effect Of Unusual Items": NaN,
        "Tax Rate For Calcs": NaN,
        "Normalized EBITDA": NaN,
        "Net Income From Continuing Operation Net Minority Interest": NaN,
        "Reconciled Depreciation": NaN,
        "EBITDA": NaN,
        "EBIT": NaN,
        "Net Interest Income": NaN,
        "Interest Income": NaN,
        "Normalized Income": NaN,
        "Net Income From Continuing And Discontinued Operation": NaN,
        "Total Expenses": NaN,
        "Total Operating Income As Reported": NaN,
        "Diluted Average Shares": NaN,
        "Basic Average Shares": NaN,
        "Diluted EPS": NaN,
        "Basic EPS": NaN,
        "Diluted NI Availto Com Stockholders": NaN,
        "Net Income Common Stockholders": NaN,
        "Net Income": NaN,
        "Net Income Including Noncontrolling Interests": NaN,
        "Net Income Continuous Operations": NaN,
        "Tax Provision": NaN,
        "Pretax Income": NaN,
        "Other Income Expense": NaN,
        "Other Non Operating Income Expenses": NaN,
        "Net Non Operating Interest Income Expense": NaN,
        "Interest Income Non Operating": NaN,
        "Operating Income": NaN,
        "Operating Expense": NaN,
        "Research And Development": NaN,
        "Selling General And Administration": NaN,
        "General And Administrative Expense": NaN,
        "Other Gand A": NaN,
        "Salaries And Wages": 3535000.0,
        "Total Revenue": NaN,
        "Operating Revenue": NaN
    },
    "2022-12-31": {
        "Tax Effect Of Unusual Items": 0.0,
        "Tax Rate For Calcs": 0.0,
        "Normalized EBITDA": -46785000.0,
        "Net Income From Continuing Operation Net Minority Interest": -41085000.0,
        "Reconciled Depreciation": 925000.0,
        "EBITDA": -46785000.0,
        "EBIT": -47710000.0,
        "Net Interest Income": 4501000.0,
        "Interest Income": NaN,
        "Normalized Income": -41085000.0,
        "Net Income From Continuing And Discontinued Operation": -41085000.0,
        "Total Expenses": 48722000.0,
        "Total Operating Income As Reported": -47710000.0,
        "Diluted Average Shares": 61464731.0,
        "Basic Average Shares": 61464731.0,
        "Diluted EPS": -0.67,
        "Basic EPS": -0.67,
        "Diluted NI Availto Com Stockholders": -41085000.0,
        "Net Income Common Stockholders": -41085000.0,
        "Net Income": -41085000.0,
        "Net Income Including Noncontrolling Interests": -41085000.0,
        "Net Income Continuous Operations": -41085000.0,
        "Tax Provision": NaN,
        "Pretax Income": -41032000.0,
        "Other Income Expense": 2177000.0,
        "Other Non Operating Income Expenses": 2177000.0,
        "Net Non Operating Interest Income Expense": 4501000.0,
        "Interest Income Non Operating": NaN,
        "Operating Income": -47710000.0,
        "Operating Expense": 48722000.0,
        "Research And Development": 37284000.0,
        "Selling General And Administration": 11438000.0,
        "General And Administrative Expense": 11438000.0,
        "Other Gand A": 11438000.0,
        "Salaries And Wages": NaN,
        "Total Revenue": 1012000.0,
        "Operating Revenue": 1012000.0
    },
    "2022-09-30": {
        "Tax Effect Of Unusual Items": NaN,
        "Tax Rate For Calcs": NaN,
        "Normalized EBITDA": NaN,
        "Net Income From Continuing Operation Net Minority Interest": NaN,
        "Reconciled Depreciation": NaN,
        "EBITDA": NaN,
        "EBIT": NaN,
        "Net Interest Income": NaN,
        "Interest Income": 1976000.0,
        "Normalized Income": NaN,
        "Net Income From Continuing And Discontinued Operation": NaN,
        "Total Expenses": NaN,
        "Total Operating Income As Reported": NaN,
        "Diluted Average Shares": NaN,
        "Basic Average Shares": NaN,
        "Diluted EPS": NaN,
        "Basic EPS": NaN,
        "Diluted NI Availto Com Stockholders": NaN,
        "Net Income Common Stockholders": NaN,
        "Net Income": NaN,
        "Net Income Including Noncontrolling Interests": NaN,
        "Net Income Continuous Operations": NaN,
        "Tax Provision": NaN,
        "Pretax Income": NaN,
        "Other Income Expense": NaN,
        "Other Non Operating Income Expenses": NaN,
        "Net Non Operating Interest Income Expense": NaN,
        "Interest Income Non Operating": 1976000.0,
        "Operating Income": NaN,
        "Operating Expense": NaN,
        "Research And Development": NaN,
        "Selling General And Administration": NaN,
        "General And Administrative Expense": NaN,
        "Other Gand A": NaN,
        "Salaries And Wages": NaN,
        "Total Revenue": NaN,
        "Operating Revenue": NaN
    },
    "2022-06-30": {
        "Tax Effect Of Unusual Items": 0.0,
        "Tax Rate For Calcs": 0.0,
        "Normalized EBITDA": -41544000.0,
        "Net Income From Continuing Operation Net Minority Interest": -40946000.0,
        "Reconciled Depreciation": 648000.0,
        "EBITDA": -41544000.0,
        "EBIT": -42192000.0,
        "Net Interest Income": 308000.0,
        "Interest Income": 308000.0,
        "Normalized Income": -40946000.0,
        "Net Income From Continuing And Discontinued Operation": -40946000.0,
        "Total Expenses": 42192000.0,
        "Total Operating Income As Reported": -42192000.0,
        "Diluted Average Shares": 48674873.0,
        "Basic Average Shares": 48674873.0,
        "Diluted EPS": -0.84,
        "Basic EPS": -0.84,
        "Diluted NI Availto Com Stockholders": -40946000.0,
        "Net Income Common Stockholders": -40946000.0,
        "Net Income": -40946000.0,
        "Net Income Including Noncontrolling Interests": -40946000.0,
        "Net Income Continuous Operations": -40946000.0,
        "Tax Provision": NaN,
        "Pretax Income": -40946000.0,
        "Other Income Expense": 938000.0,
        "Other Non Operating Income Expenses": 938000.0,
        "Net Non Operating Interest Income Expense": 308000.0,
        "Interest Income Non Operating": 308000.0,
        "Operating Income": -42192000.0,
        "Operating Expense": 42192000.0,
        "Research And Development": 33125000.0,
        "Selling General And Administration": 9067000.0,
        "General And Administrative Expense": 9067000.0,
        "Other Gand A": 9067000.0,
        "Salaries And Wages": NaN,
        "Total Revenue": 0.0,
        "Operating Revenue": 0.0
    },
    "2022-03-31": {
        "Diluted EPS": -0.62,
        "Total Revenue": NaN,
        "Gross Profit": NaN,
        "Operating Income": -32,
        "EBIT": -31,
        "Net Income": -30
    },
    "2021-12-31": {
        "Diluted EPS": 7.64,
        "Total Revenue": NaN,
        "Gross Profit": NaN,
        "Operating Income": -33,
        "EBIT": -31,
        "Net Income": -31
    },
    "2021-09-30": {
        "Diluted EPS": -0.47,
        "Total Revenue": NaN,
        "Gross Profit": NaN,
        "Operating Income": -24,
        "EBIT": -23,
        "Net Income": -23
    },
    "2021-06-30": {
        "Diluted EPS": -6.66,
        "Total Revenue": NaN,
        "Gross Profit": NaN,
        "Operating Income": -17,
        "EBIT": -16,
        "Net Income": -53
    },
    "2021-03-31": {
        "Diluted EPS": -4.99,
        "Total Revenue": NaN,
        "Gross Profit": NaN,
        "Operating Income": -14,
        "EBIT": -14,
        "Net Income": -13
    },
    "2020-12-31": {
        "Diluted EPS": 0.0,
        "Total Revenue": NaN,
        "Gross Profit": NaN,
        "Operating Income": NaN,
        "EBIT": NaN,
        "Net Income": NaN
    },
    "2020-09-30": {
        "Diluted EPS": -3.81,
        "Total Revenue": NaN,
        "Gross Profit": NaN,
        "Operating Income": -9,
        "EBIT": -8,
        "Net Income": -9
    },
    "2020-06-30": {
        "Diluted EPS": -3.41,
        "Total Revenue": NaN,
        "Gross Profit": NaN,
        "Operating Income": -7,
        "EBIT": -7,
        "Net Income": -8
    },
    "2019-12-31": {
        "Diluted EPS": 0.0,
        "Total Revenue": NaN,
        "Gross Profit": NaN,
        "Operating Income": NaN,
        "EBIT": NaN,
        "Net Income": NaN
    },
    "2023-06-30": {
        "Tax Effect Of Unusual Items": NaN,
        "Tax Rate For Calcs": NaN,
        "Normalized EBITDA": NaN,
        "Net Income From Continuing Operation Net Minority Interest": NaN,
        "Reconciled Depreciation": NaN,
        "EBITDA": NaN,
        "EBIT": NaN,
        "Net Interest Income": NaN,
        "Interest Income": 5438000.0,
        "Normalized Income": NaN,
        "Net Income From Continuing And Discontinued Operation": NaN,
        "Total Expenses": NaN,
        "Total Operating Income As Reported": NaN,
        "Diluted Average Shares": NaN,
        "Basic Average Shares": NaN,
        "Diluted EPS": NaN,
        "Basic EPS": NaN,
        "Diluted NI Availto Com Stockholders": NaN,
        "Net Income Common Stockholders": NaN,
        "Net Income": NaN,
        "Net Income Including Noncontrolling Interests": NaN,
        "Net Income Continuous Operations": NaN,
        "Tax Provision": NaN,
        "Pretax Income": NaN,
        "Other Income Expense": NaN,
        "Other Non Operating Income Expenses": NaN,
        "Net Non Operating Interest Income Expense": NaN,
        "Interest Income Non Operating": 5438000.0,
        "Operating Income": NaN,
        "Operating Expense": NaN,
        "Research And Development": NaN,
        "Selling General And Administration": NaN,
        "General And Administrative Expense": NaN,
        "Other Gand A": NaN,
        "Salaries And Wages": NaN,
        "Total Revenue": NaN,
        "Operating Revenue": NaN
    },
    "2023-09-30": {
        "Tax Effect Of Unusual Items": 0.0,
        "Tax Rate For Calcs": 0.21,
        "Normalized EBITDA": -50860000.0,
        "Net Income From Continuing Operation Net Minority Interest": -45758000.0,
        "Reconciled Depreciation": 1474000.0,
        "EBITDA": -50860000.0,
        "EBIT": -52334000.0,
        "Net Interest Income": 5841000.0,
        "Interest Income": 5841000.0,
        "Normalized Income": -45758000.0,
        "Net Income From Continuing And Discontinued Operation": -45758000.0,
        "Total Expenses": 55451000.0,
        "Total Operating Income As Reported": -52334000.0,
        "Diluted Average Shares": 63211849.0,
        "Basic Average Shares": 63211849.0,
        "Diluted EPS": -0.72,
        "Basic EPS": -0.72,
        "Diluted NI Availto Com Stockholders": -45758000.0,
        "Net Income Common Stockholders": -45758000.0,
        "Net Income": -45758000.0,
        "Net Income Including Noncontrolling Interests": -45758000.0,
        "Net Income Continuous Operations": -45758000.0,
        "Tax Provision": 67000.0,
        "Pretax Income": -45691000.0,
        "Other Income Expense": 802000.0,
        "Other Non Operating Income Expenses": 802000.0,
        "Net Non Operating Interest Income Expense": 5841000.0,
        "Interest Income Non Operating": 5841000.0,
        "Operating Income": -52334000.0,
        "Operating Expense": 55451000.0,
        "Research And Development": 43765000.0,
        "Selling General And Administration": 11686000.0,
        "General And Administrative Expense": 11686000.0,
        "Other Gand A": 11686000.0,
        "Salaries And Wages": NaN,
        "Total Revenue": 3117000.0,
        "Operating Revenue": 3117000.0
    },
    "2023-12-31": {
        "Tax Effect Of Unusual Items": 0.0,
        "Tax Rate For Calcs": 0.21,
        "Normalized EBITDA": -52431000.0,
        "Net Income From Continuing Operation Net Minority Interest": -48352000.0,
        "Reconciled Depreciation": 1517000.0,
        "EBITDA": -52431000.0,
        "EBIT": -53948000.0,
        "Net Interest Income": 6341000.0,
        "Interest Income": NaN,
        "Normalized Income": -48352000.0,
        "Net Income From Continuing And Discontinued Operation": -48352000.0,
        "Total Expenses": 59092000.0,
        "Total Operating Income As Reported": -53948000.0,
        "Diluted Average Shares": 69671255.0,
        "Basic Average Shares": 69671255.0,
        "Diluted EPS": -0.69,
        "Basic EPS": -0.69,
        "Diluted NI Availto Com Stockholders": -48352000.0,
        "Net Income Common Stockholders": -48352000.0,
        "Net Income": -48352000.0,
        "Net Income Including Noncontrolling Interests": -48352000.0,
        "Net Income Continuous Operations": -48352000.0,
        "Tax Provision": 32000.0,
        "Pretax Income": -48320000.0,
        "Other Income Expense": -713000.0,
        "Other Non Operating Income Expenses": -713000.0,
        "Net Non Operating Interest Income Expense": 6341000.0,
        "Interest Income Non Operating": NaN,
        "Operating Income": -53948000.0,
        "Operating Expense": 59092000.0,
        "Research And Development": 46811000.0,
        "Selling General And Administration": 12281000.0,
        "General And Administrative Expense": 12281000.0,
        "Other Gand A": 12281000.0,
        "Salaries And Wages": NaN,
        "Total Revenue": 5144000.0,
        "Operating Revenue": 5144000.0
    },
    "2024-03-31": {
        "Tax Effect Of Unusual Items": 0.0,
        "Tax Rate For Calcs": 0.21,
        "Normalized EBITDA": -55212000.0,
        "Net Income From Continuing Operation Net Minority Interest": -48736000.0,
        "Reconciled Depreciation": 1632000.0,
        "EBITDA": -55212000.0,
        "EBIT": -56844000.0,
        "Net Interest Income": 8136000.0,
        "Interest Income": 8136000.0,
        "Normalized Income": -48736000.0,
        "Net Income From Continuing And Discontinued Operation": -48736000.0,
        "Total Expenses": 62539000.0,
        "Total Operating Income As Reported": -56844000.0,
        "Diluted Average Shares": 83132960.0,
        "Basic Average Shares": 83132960.0,
        "Diluted EPS": -0.59,
        "Basic EPS": -0.59,
        "Diluted NI Availto Com Stockholders": -48736000.0,
        "Net Income Common Stockholders": -48736000.0,
        "Net Income": -48736000.0,
        "Net Income Including Noncontrolling Interests": -48736000.0,
        "Net Income Continuous Operations": -48736000.0,
        "Tax Provision": 106000.0,
        "Pretax Income": -48630000.0,
        "Other Income Expense": 78000.0,
        "Other Non Operating Income Expenses": 78000.0,
        "Net Non Operating Interest Income Expense": 8136000.0,
        "Interest Income Non Operating": 8136000.0,
        "Operating Income": -56844000.0,
        "Operating Expense": 62539000.0,
        "Research And Development": 48376000.0,
        "Selling General And Administration": 14163000.0,
        "General And Administrative Expense": 14163000.0,
        "Other Gand A": 14163000.0,
        "Salaries And Wages": NaN,
        "Total Revenue": 5695000.0,
        "Operating Revenue": 5695000.0
    },
    "2024-06-30": {
        "Tax Effect Of Unusual Items": 0.0,
        "Tax Rate For Calcs": 0.21,
        "Normalized EBITDA": -57172000.0,
        "Net Income From Continuing Operation Net Minority Interest": -49805000.0,
        "Reconciled Depreciation": 1667000.0,
        "EBITDA": -57172000.0,
        "EBIT": -58839000.0,
        "Net Interest Income": 7429000.0,
        "Interest Income": 7429000.0,
        "Normalized Income": -49805000.0,
        "Net Income From Continuing And Discontinued Operation": -49805000.0,
        "Total Expenses": 65531000.0,
        "Total Operating Income As Reported": -58839000.0,
        "Diluted Average Shares": 84226523.0,
        "Basic Average Shares": 84226523.0,
        "Diluted EPS": -0.59,
        "Basic EPS": -0.59,
        "Diluted NI Availto Com Stockholders": -49805000.0,
        "Net Income Common Stockholders": -49805000.0,
        "Net Income": -49805000.0,
        "Net Income Including Noncontrolling Interests": -49805000.0,
        "Net Income Continuous Operations": -49805000.0,
        "Tax Provision": 66000.0,
        "Pretax Income": -49739000.0,
        "Other Income Expense": 1671000.0,
        "Other Non Operating Income Expenses": 1671000.0,
        "Net Non Operating Interest Income Expense": 7429000.0,
        "Interest Income Non Operating": 7429000.0,
        "Operating Income": -58839000.0,
        "Operating Expense": 65531000.0,
        "Research And Development": 50984000.0,
        "Selling General And Administration": 14547000.0,
        "General And Administrative Expense": 14547000.0,
        "Other Gand A": 14547000.0,
        "Salaries And Wages": NaN,
        "Total Revenue": 6692000.0,
        "Operating Revenue": 6692000.0
    },
    "2024-09-30": {
        "Tax Effect Of Unusual Items": 0.0,
        "Tax Rate For Calcs": 0.21,
        "Normalized EBITDA": -55156000.0,
        "Net Income From Continuing Operation Net Minority Interest": -50133000.0,
        "Reconciled Depreciation": 1754000.0,
        "EBITDA": -55156000.0,
        "EBIT": -56910000.0,
        "Net Interest Income": 6887000.0,
        "Interest Income": 6887000.0,
        "Normalized Income": -50133000.0,
        "Net Income From Continuing And Discontinued Operation": -50133000.0,
        "Total Expenses": 63775000.0,
        "Total Operating Income As Reported": -56910000.0,
        "Diluted Average Shares": 84632952.0,
        "Basic Average Shares": 84632952.0,
        "Diluted EPS": -0.59,
        "Basic EPS": -0.59,
        "Diluted NI Availto Com Stockholders": -50133000.0,
        "Net Income Common Stockholders": -50133000.0,
        "Net Income": -50133000.0,
        "Net Income Including Noncontrolling Interests": -50133000.0,
        "Net Income Continuous Operations": -50133000.0,
        "Tax Provision": 104000.0,
        "Pretax Income": -50029000.0,
        "Other Income Expense": -6000.0,
        "Other Non Operating Income Expenses": -6000.0,
        "Net Non Operating Interest Income Expense": 6887000.0,
        "Interest Income Non Operating": 6887000.0,
        "Operating Income": -56910000.0,
        "Operating Expense": 63775000.0,
        "Research And Development": 49938000.0,
        "Selling General And Administration": 13837000.0,
        "General And Administrative Expense": 13837000.0,
        "Other Gand A": 13837000.0,
        "Salaries And Wages": NaN,
        "Total Revenue": 6865000.0,
        "Operating Revenue": 6865000.0
    }
}