{
    "2023-03-31": {
        "Tax Effect Of Unusual Items": -1604578.303603,
        "Tax Rate For Calcs": 0.005125,
        "Normalized EBITDA": 220213000.0,
        "Total Unusual Items": -313087000.0,
        "Total Unusual Items Excluding Goodwill": -313087000.0,
        "Net Income From Continuing Operation Net Minority Interest": -214892000.0,
        "Reconciled Depreciation": 70150000.0,
        "Reconciled Cost Of Revenue": 1381589000.0,
        "EBITDA": -92874000.0,
        "EBIT": -163024000.0,
        "Net Interest Income": -49237000.0,
        "Interest Expense": 52975000.0,
        "Interest Income": 3738000.0,
        "Normalized Income": 96590421.696397,
        "Net Income From Continuing And Discontinued Operation": -214892000.0,
        "Total Expenses": 2587409000.0,
        "Total Operating Income As Reported": -160883000.0,
        "Diluted Average Shares": 388062000.0,
        "Basic Average Shares": 388062000.0,
        "Diluted EPS": -0.55,
        "Basic EPS": -0.55,
        "Diluted NI Availto Com Stockholders": -214892000.0,
        "Net Income Common Stockholders": -214892000.0,
        "Net Income": -214892000.0,
        "Net Income Including Noncontrolling Interests": -214892000.0,
        "Net Income Discontinuous Operations": 0.0,
        "Net Income Continuous Operations": -214892000.0,
        "Tax Provision": -1107000.0,
        "Pretax Income": -215999000.0,
        "Other Income Expense": -318966000.0,
        "Other Non Operating Income Expenses": -5879000.0,
        "Special Income Charges": -313087000.0,
        "Impairment Of Capital Assets": 313087000.0,
        "Net Non Operating Interest Income Expense": -49237000.0,
        "Interest Expense Non Operating": 52975000.0,
        "Interest Income Non Operating": 3738000.0,
        "Operating Income": 152204000.0,
        "Operating Expense": 1205820000.0,
        "Selling General And Administration": 1205820000.0,
        "Gross Profit": 1358024000.0,
        "Cost Of Revenue": 1381589000.0,
        "Total Revenue": 2739613000.0,
        "Operating Revenue": 2739613000.0
    },
    "2022-12-31": {
        "Tax Effect Of Unusual Items": NaN,
        "Tax Rate For Calcs": NaN,
        "Normalized EBITDA": NaN,
        "Total Unusual Items": 0.0,
        "Total Unusual Items Excluding Goodwill": 0.0,
        "Net Income From Continuing Operation Net Minority Interest": NaN,
        "Reconciled Depreciation": NaN,
        "Reconciled Cost Of Revenue": NaN,
        "EBITDA": NaN,
        "EBIT": NaN,
        "Net Interest Income": NaN,
        "Interest Expense": NaN,
        "Interest Income": NaN,
        "Normalized Income": NaN,
        "Net Income From Continuing And Discontinued Operation": NaN,
        "Total Expenses": NaN,
        "Total Operating Income As Reported": NaN,
        "Diluted Average Shares": 388192000.0,
        "Basic Average Shares": 387739000.0,
        "Diluted EPS": 1.31,
        "Basic EPS": 1.31,
        "Diluted NI Availto Com Stockholders": NaN,
        "Net Income Common Stockholders": NaN,
        "Net Income": NaN,
        "Net Income Including Noncontrolling Interests": NaN,
        "Net Income Discontinuous Operations": 0.0,
        "Net Income Continuous Operations": NaN,
        "Tax Provision": NaN,
        "Pretax Income": NaN,
        "Other Income Expense": NaN,
        "Other Non Operating Income Expenses": NaN,
        "Special Income Charges": 0.0,
        "Impairment Of Capital Assets": 0.0,
        "Net Non Operating Interest Income Expense": NaN,
        "Interest Expense Non Operating": NaN,
        "Interest Income Non Operating": NaN,
        "Operating Income": NaN,
        "Operating Expense": NaN,
        "Selling General And Administration": NaN,
        "Gross Profit": NaN,
        "Cost Of Revenue": NaN,
        "Total Revenue": NaN,
        "Operating Revenue": NaN
    },
    "2022-09-30": {
        "Tax Effect Of Unusual Items": NaN,
        "Tax Rate For Calcs": NaN,
        "Normalized EBITDA": NaN,
        "Total Unusual Items": NaN,
        "Total Unusual Items Excluding Goodwill": NaN,
        "Net Income From Continuing Operation Net Minority Interest": NaN,
        "Reconciled Depreciation": NaN,
        "Reconciled Cost Of Revenue": NaN,
        "EBITDA": NaN,
        "EBIT": NaN,
        "Net Interest Income": NaN,
        "Interest Expense": NaN,
        "Interest Income": NaN,
        "Normalized Income": NaN,
        "Net Income From Continuing And Discontinued Operation": NaN,
        "Total Expenses": NaN,
        "Total Operating Income As Reported": NaN,
        "Diluted Average Shares": NaN,
        "Basic Average Shares": NaN,
        "Diluted EPS": NaN,
        "Basic EPS": NaN,
        "Diluted NI Availto Com Stockholders": NaN,
        "Net Income Common Stockholders": NaN,
        "Net Income": NaN,
        "Net Income Including Noncontrolling Interests": NaN,
        "Net Income Discontinuous Operations": 0.0,
        "Net Income Continuous Operations": NaN,
        "Tax Provision": NaN,
        "Pretax Income": NaN,
        "Other Income Expense": NaN,
        "Other Non Operating Income Expenses": NaN,
        "Special Income Charges": NaN,
        "Impairment Of Capital Assets": NaN,
        "Net Non Operating Interest Income Expense": NaN,
        "Interest Expense Non Operating": NaN,
        "Interest Income Non Operating": NaN,
        "Operating Income": NaN,
        "Operating Expense": NaN,
        "Selling General And Administration": NaN,
        "Gross Profit": NaN,
        "Cost Of Revenue": NaN,
        "Total Revenue": NaN,
        "Operating Revenue": NaN
    },
    "2022-06-30": {
        "Tax Effect Of Unusual Items": 0.0,
        "Tax Rate For Calcs": 0.10627,
        "Normalized EBITDA": 130116000.0,
        "Total Unusual Items": NaN,
        "Total Unusual Items Excluding Goodwill": NaN,
        "Net Income From Continuing Operation Net Minority Interest": -55960000.0,
        "Reconciled Depreciation": 66754000.0,
        "Reconciled Cost Of Revenue": 1042982000.0,
        "EBITDA": 130116000.0,
        "EBIT": 63362000.0,
        "Net Interest Income": -31262000.0,
        "Interest Expense": 32545000.0,
        "Interest Income": 1283000.0,
        "Normalized Income": -55960000.0,
        "Net Income From Continuing And Discontinued Operation": -55960000.0,
        "Total Expenses": 2198233000.0,
        "Total Operating Income As Reported": 63362000.0,
        "Diluted Average Shares": 387563000.0,
        "Basic Average Shares": 387563000.0,
        "Diluted EPS": -0.14,
        "Basic EPS": -0.14,
        "Diluted NI Availto Com Stockholders": -55960000.0,
        "Net Income Common Stockholders": -55960000.0,
        "Net Income": -55960000.0,
        "Net Income Including Noncontrolling Interests": -55960000.0,
        "Net Income Discontinuous Operations": 0.0,
        "Net Income Continuous Operations": -55960000.0,
        "Tax Provision": -6654000.0,
        "Pretax Income": -62614000.0,
        "Other Income Expense": -94714000.0,
        "Other Non Operating Income Expenses": -94714000.0,
        "Special Income Charges": NaN,
        "Impairment Of Capital Assets": NaN,
        "Net Non Operating Interest Income Expense": -31262000.0,
        "Total Other Finance Cost": 31262000.0,
        "Interest Expense Non Operating": 32545000.0,
        "Interest Income Non Operating": 1283000.0,
        "Operating Income": 63362000.0,
        "Operating Expense": 1155251000.0,
        "Selling General And Administration": 1155251000.0,
        "Gross Profit": 1218613000.0,
        "Cost Of Revenue": 1042982000.0,
        "Total Revenue": 2261595000.0,
        "Operating Revenue": 2261595000.0
    },
    "2023-06-30": {
        "Tax Effect Of Unusual Items": 0.0,
        "Tax Rate For Calcs": 0.078,
        "Normalized EBITDA": 60010000.0,
        "Total Unusual Items": NaN,
        "Total Unusual Items Excluding Goodwill": NaN,
        "Net Income From Continuing Operation Net Minority Interest": -57425000.0,
        "Reconciled Depreciation": 67075000.0,
        "Reconciled Cost Of Revenue": 985269000.0,
        "EBITDA": 60010000.0,
        "EBIT": -7065000.0,
        "Net Interest Income": -49719000.0,
        "Interest Expense": 55213000.0,
        "Interest Income": 5494000.0,
        "Normalized Income": -57425000.0,
        "Net Income From Continuing And Discontinued Operation": -57425000.0,
        "Total Expenses": 2095328000.0,
        "Total Operating Income As Reported": -8992000.0,
        "Diluted Average Shares": 388160000.0,
        "Basic Average Shares": 388160000.0,
        "Diluted EPS": -0.15,
        "Basic EPS": -0.15,
        "Diluted NI Availto Com Stockholders": -57425000.0,
        "Net Income Common Stockholders": -57425000.0,
        "Net Income": -57425000.0,
        "Net Income Including Noncontrolling Interests": -57425000.0,
        "Net Income Discontinuous Operations": NaN,
        "Net Income Continuous Operations": -57425000.0,
        "Tax Provision": -4853000.0,
        "Pretax Income": -62278000.0,
        "Other Income Expense": -3567000.0,
        "Other Non Operating Income Expenses": -3567000.0,
        "Special Income Charges": NaN,
        "Impairment Of Capital Assets": NaN,
        "Net Non Operating Interest Income Expense": -49719000.0,
        "Interest Expense Non Operating": 55213000.0,
        "Interest Income Non Operating": 5494000.0,
        "Operating Income": -8992000.0,
        "Operating Expense": 1110059000.0,
        "Selling General And Administration": 1110059000.0,
        "Gross Profit": 1101067000.0,
        "Cost Of Revenue": 985269000.0,
        "Total Revenue": 2086336000.0,
        "Operating Revenue": 2086336000.0
    },
    "2022-03-31": {
        "Diluted EPS": 0.21,
        "Total Revenue": NaN,
        "Gross Profit": NaN,
        "Operating Income": 192,
        "EBIT": 360,
        "Net Income": 81
    },
    "2021-12-31": {
        "Diluted EPS": 1.32,
        "Total Revenue": NaN,
        "Gross Profit": NaN,
        "Operating Income": 678,
        "EBIT": 844,
        "Net Income": 518
    },
    "2021-09-30": {
        "Diluted EPS": 1.18,
        "Total Revenue": NaN,
        "Gross Profit": NaN,
        "Operating Income": 558,
        "EBIT": 729,
        "Net Income": 464
    },
    "2021-06-30": {
        "Diluted EPS": 0.82,
        "Total Revenue": NaN,
        "Gross Profit": NaN,
        "Operating Income": 203,
        "EBIT": 376,
        "Net Income": 324
    },
    "2021-03-31": {
        "Diluted EPS": 0.23,
        "Total Revenue": NaN,
        "Gross Profit": NaN,
        "Operating Income": 122,
        "EBIT": 325,
        "Net Income": 90
    },
    "2020-12-31": {
        "Diluted EPS": 0.88,
        "Total Revenue": NaN,
        "Gross Profit": NaN,
        "Operating Income": 412,
        "EBIT": 582,
        "Net Income": 347
    },
    "2020-09-30": {
        "Diluted EPS": 0.66,
        "Total Revenue": NaN,
        "Gross Profit": NaN,
        "Operating Income": 320,
        "EBIT": 500,
        "Net Income": 257
    },
    "2020-06-30": {
        "Diluted EPS": -0.73,
        "Total Revenue": NaN,
        "Gross Profit": 569,
        "Operating Income": -247,
        "EBIT": -82,
        "Net Income": -286
    },
    "2020-03-31": {
        "Diluted EPS": -1.19,
        "Total Revenue": NaN,
        "Gross Profit": NaN,
        "Operating Income": -257,
        "EBIT": 250,
        "Net Income": -484
    },
    "2019-12-31": {
        "Diluted EPS": 1.16,
        "Total Revenue": NaN,
        "Gross Profit": NaN,
        "Operating Income": 540,
        "EBIT": 706,
        "Net Income": 465
    },
    "2019-09-30": {
        "Diluted EPS": 1.61,
        "Total Revenue": NaN,
        "Gross Profit": NaN,
        "Operating Income": 549,
        "EBIT": 706,
        "Net Income": 649
    },
    "2019-06-30": {
        "Diluted EPS": 0.12,
        "Total Revenue": NaN,
        "Gross Profit": NaN,
        "Operating Income": 96,
        "EBIT": 250,
        "Net Income": 49
    },
    "2019-03-31": {
        "Diluted EPS": 0.33,
        "Total Revenue": NaN,
        "Gross Profit": NaN,
        "Operating Income": 11,
        "EBIT": 75,
        "Net Income": 129
    },
    "2018-12-31": {
        "Diluted EPS": 1.16,
        "Total Revenue": NaN,
        "Gross Profit": NaN,
        "Operating Income": 521,
        "EBIT": 584,
        "Net Income": 464
    },
    "2018-09-30": {
        "Diluted EPS": 1.26,
        "Total Revenue": NaN,
        "Gross Profit": NaN,
        "Operating Income": 545,
        "EBIT": 621,
        "Net Income": 507
    },
    "2018-06-30": {
        "Diluted EPS": 0.4,
        "Total Revenue": NaN,
        "Gross Profit": NaN,
        "Operating Income": 113,
        "EBIT": 166,
        "Net Income": 160
    },
    "2018-03-31": {
        "Diluted EPS": 0.0,
        "Total Revenue": NaN,
        "Gross Profit": NaN,
        "Operating Income": NaN,
        "EBIT": NaN,
        "Net Income": NaN
    },
    "2017-12-31": {
        "Diluted EPS": 0.0,
        "Total Revenue": NaN,
        "Gross Profit": NaN,
        "Operating Income": NaN,
        "EBIT": NaN,
        "Net Income": NaN
    },
    "2017-09-30": {
        "Diluted EPS": 0.97,
        "Total Revenue": NaN,
        "Gross Profit": NaN,
        "Operating Income": 576,
        "EBIT": 756,
        "Net Income": 386
    },
    "2017-06-30": {
        "Diluted EPS": 0.27,
        "Total Revenue": NaN,
        "Gross Profit": NaN,
        "Operating Income": 160,
        "EBIT": 225,
        "Net Income": 110
    },
    "2017-03-31": {
        "Diluted EPS": 0.5,
        "Total Revenue": NaN,
        "Gross Profit": NaN,
        "Operating Income": NaN,
        "EBIT": NaN,
        "Net Income": 209
    },
    "2016-12-31": {
        "Diluted EPS": 0.0,
        "Total Revenue": NaN,
        "Gross Profit": NaN,
        "Operating Income": NaN,
        "EBIT": NaN,
        "Net Income": NaN
    },
    "2016-09-30": {
        "Diluted EPS": 1.19,
        "Total Revenue": NaN,
        "Gross Profit": NaN,
        "Operating Income": 608,
        "EBIT": 676,
        "Net Income": 498
    },
    "2016-06-30": {
        "Diluted EPS": 0.12,
        "Total Revenue": NaN,
        "Gross Profit": NaN,
        "Operating Income": 194,
        "EBIT": 332,
        "Net Income": 51
    },
    "2016-03-31": {
        "Diluted EPS": 0.61,
        "Total Revenue": NaN,
        "Gross Profit": NaN,
        "Operating Income": NaN,
        "EBIT": NaN,
        "Net Income": 260
    },
    "2015-12-31": {
        "Diluted EPS": 0.0,
        "Total Revenue": NaN,
        "Gross Profit": NaN,
        "Operating Income": NaN,
        "EBIT": NaN,
        "Net Income": NaN
    },
    "2015-09-30": {
        "Diluted EPS": 1.07,
        "Total Revenue": NaN,
        "Gross Profit": NaN,
        "Operating Income": 640,
        "EBIT": 709,
        "Net Income": 460
    },
    "2015-06-30": {
        "Diluted EPS": 0.4,
        "Total Revenue": NaN,
        "Gross Profit": NaN,
        "Operating Income": 219,
        "EBIT": 348,
        "Net Income": 171
    },
    "2015-03-31": {
        "Diluted EPS": 0.67,
        "Total Revenue": NaN,
        "Gross Profit": NaN,
        "Operating Income": NaN,
        "EBIT": NaN,
        "Net Income": 289
    },
    "2014-12-31": {
        "Diluted EPS": 0.0,
        "Total Revenue": NaN,
        "Gross Profit": NaN,
        "Operating Income": NaN,
        "EBIT": NaN,
        "Net Income": NaN
    },
    "2014-09-30": {
        "Diluted EPS": 1.08,
        "Total Revenue": NaN,
        "Gross Profit": NaN,
        "Operating Income": 633,
        "EBIT": 702,
        "Net Income": 471
    },
    "2014-06-30": {
        "Diluted EPS": 0.36,
        "Total Revenue": NaN,
        "Gross Profit": NaN,
        "Operating Income": 220,
        "EBIT": 351,
        "Net Income": 158
    },
    "2014-03-31": {
        "Diluted EPS": 0.67,
        "Total Revenue": NaN,
        "Gross Profit": NaN,
        "Operating Income": NaN,
        "EBIT": NaN,
        "Net Income": 297
    },
    "2013-12-31": {
        "Diluted EPS": 0.0,
        "Total Revenue": NaN,
        "Gross Profit": NaN,
        "Operating Income": NaN,
        "EBIT": NaN,
        "Net Income": NaN
    },
    "2013-09-30": {
        "Diluted EPS": 0.97,
        "Total Revenue": NaN,
        "Gross Profit": NaN,
        "Operating Income": 580,
        "EBIT": 644,
        "Net Income": 434
    },
    "2013-06-30": {
        "Diluted EPS": 0.31,
        "Total Revenue": NaN,
        "Gross Profit": NaN,
        "Operating Income": 201,
        "EBIT": 318,
        "Net Income": 138
    },
    "2013-03-31": {
        "Diluted EPS": 0.6,
        "Total Revenue": NaN,
        "Gross Profit": NaN,
        "Operating Income": NaN,
        "EBIT": NaN,
        "Net Income": 270
    },
    "2012-12-31": {
        "Diluted EPS": 0.0,
        "Total Revenue": NaN,
        "Gross Profit": NaN,
        "Operating Income": NaN,
        "EBIT": NaN,
        "Net Income": NaN
    },
    "2012-09-30": {
        "Diluted EPS": 0.86,
        "Total Revenue": NaN,
        "Gross Profit": NaN,
        "Operating Income": 537,
        "EBIT": 593,
        "Net Income": 381
    },
    "2012-06-30": {
        "Diluted EPS": 0.35,
        "Total Revenue": NaN,
        "Gross Profit": 986,
        "Operating Income": 164,
        "EBIT": 275,
        "Net Income": 155
    },
    "2012-03-31": {
        "Diluted EPS": 0.48,
        "Total Revenue": NaN,
        "Gross Profit": NaN,
        "Operating Income": NaN,
        "EBIT": NaN,
        "Net Income": 215
    },
    "2011-12-31": {
        "Diluted EPS": 0.0,
        "Total Revenue": NaN,
        "Gross Profit": NaN,
        "Operating Income": NaN,
        "EBIT": NaN,
        "Net Income": NaN
    },
    "2011-09-30": {
        "Diluted EPS": 0.67,
        "Total Revenue": NaN,
        "Gross Profit": NaN,
        "Operating Income": 430,
        "EBIT": 474,
        "Net Income": 301
    },
    "2011-06-30": {
        "Diluted EPS": 0.29,
        "Total Revenue": NaN,
        "Gross Profit": 846,
        "Operating Income": 189,
        "EBIT": 276,
        "Net Income": 129
    },
    "2011-03-31": {
        "Diluted EPS": 0.46,
        "Total Revenue": NaN,
        "Gross Profit": 925,
        "Operating Income": NaN,
        "EBIT": NaN,
        "Net Income": 201
    },
    "2010-12-31": {
        "Diluted EPS": 0.0,
        "Total Revenue": NaN,
        "Gross Profit": NaN,
        "Operating Income": NaN,
        "EBIT": NaN,
        "Net Income": NaN
    },
    "2010-09-30": {
        "Diluted EPS": 0.56,
        "Total Revenue": NaN,
        "Gross Profit": NaN,
        "Operating Income": 355,
        "EBIT": 398,
        "Net Income": 243
    },
    "2010-06-30": {
        "Diluted EPS": 0.25,
        "Total Revenue": NaN,
        "Gross Profit": 752,
        "Operating Income": 170,
        "EBIT": 249,
        "Net Income": 111
    },
    "2010-03-31": {
        "Diluted EPS": 0.37,
        "Total Revenue": NaN,
        "Gross Profit": 818,
        "Operating Income": NaN,
        "EBIT": NaN,
        "Net Income": 164
    },
    "2009-12-31": {
        "Diluted EPS": 0.0,
        "Total Revenue": NaN,
        "Gross Profit": NaN,
        "Operating Income": NaN,
        "EBIT": NaN,
        "Net Income": NaN
    },
    "2009-09-30": {
        "Diluted EPS": 0.49,
        "Total Revenue": NaN,
        "Gross Profit": 928,
        "Operating Income": 318,
        "EBIT": 360,
        "Net Income": 218
    },
    "2009-06-30": {
        "Diluted EPS": 0.17,
        "Total Revenue": NaN,
        "Gross Profit": 652,
        "Operating Income": 120,
        "EBIT": 199,
        "Net Income": 76
    },
    "2009-03-31": {
        "Diluted EPS": 0.23,
        "Total Revenue": NaN,
        "Gross Profit": 729,
        "Operating Income": NaN,
        "EBIT": NaN,
        "Net Income": 101
    },
    "2023-09-30": {
        "Tax Effect Of Unusual Items": 0.0,
        "Tax Rate For Calcs": 0.21,
        "Normalized EBITDA": 439851000.0,
        "Total Unusual Items": 0.0,
        "Total Unusual Items Excluding Goodwill": 0.0,
        "Net Income From Continuing Operation Net Minority Interest": -450697000.0,
        "Reconciled Depreciation": 75626000.0,
        "Reconciled Cost Of Revenue": 1479028000.0,
        "EBITDA": 439851000.0,
        "EBIT": 364225000.0,
        "Net Interest Income": -55644000.0,
        "Interest Expense": 60452000.0,
        "Interest Income": 4808000.0,
        "Normalized Income": -450697000.0,
        "Net Income From Continuing And Discontinued Operation": -450697000.0,
        "Total Expenses": 2671312000.0,
        "Total Operating Income As Reported": 362927000.0,
        "Diluted Average Shares": 388338000.0,
        "Basic Average Shares": 388338000.0,
        "Diluted EPS": -1.16,
        "Basic EPS": -1.16,
        "Diluted NI Availto Com Stockholders": -450697000.0,
        "Net Income Common Stockholders": -450697000.0,
        "Net Income": -450697000.0,
        "Net Income Including Noncontrolling Interests": -450697000.0,
        "Net Income Discontinuous Operations": NaN,
        "Net Income Continuous Operations": -450697000.0,
        "Tax Provision": 754470000.0,
        "Pretax Income": 303773000.0,
        "Other Income Expense": -3510000.0,
        "Other Non Operating Income Expenses": -3510000.0,
        "Special Income Charges": 0.0,
        "Impairment Of Capital Assets": 0.0,
        "Net Non Operating Interest Income Expense": -55644000.0,
        "Interest Expense Non Operating": 60452000.0,
        "Interest Income Non Operating": 4808000.0,
        "Operating Income": 362927000.0,
        "Operating Expense": 1192284000.0,
        "Selling General And Administration": 1192284000.0,
        "Gross Profit": 1555211000.0,
        "Cost Of Revenue": 1479028000.0,
        "Total Revenue": 3034239000.0,
        "Operating Revenue": 3034239000.0
    },
    "2023-12-31": {
        "Tax Effect Of Unusual Items": -90570628.217452,
        "Tax Rate For Calcs": 0.352283,
        "Normalized EBITDA": 630898000.0,
        "Total Unusual Items": -257096000.0,
        "Total Unusual Items Excluding Goodwill": -257096000.0,
        "Net Income From Continuing Operation Net Minority Interest": -42452000.0,
        "Reconciled Depreciation": 371794000.0,
        "Reconciled Cost Of Revenue": 1327871000.0,
        "EBITDA": 373802000.0,
        "EBIT": 2008000.0,
        "Net Interest Income": -63338000.0,
        "Interest Expense": 67549000.0,
        "Interest Income": 4211000.0,
        "Normalized Income": 124073371.782548,
        "Net Income From Continuing And Discontinued Operation": -42452000.0,
        "Total Expenses": 2735419000.0,
        "Total Operating Income As Reported": -32232000.0,
        "Diluted Average Shares": 388383000.0,
        "Basic Average Shares": 388383000.0,
        "Diluted EPS": -0.11,
        "Basic EPS": -0.11,
        "Diluted NI Availto Com Stockholders": -42452000.0,
        "Net Income Common Stockholders": -42452000.0,
        "Net Income": -42452000.0,
        "Net Income Including Noncontrolling Interests": -42452000.0,
        "Net Income Discontinuous Operations": NaN,
        "Net Income Continuous Operations": -42452000.0,
        "Tax Provision": -23089000.0,
        "Pretax Income": -65541000.0,
        "Other Income Expense": -227067000.0,
        "Other Non Operating Income Expenses": 30029000.0,
        "Special Income Charges": -257096000.0,
        "Impairment Of Capital Assets": 257096000.0,
        "Net Non Operating Interest Income Expense": -63338000.0,
        "Interest Expense Non Operating": 67549000.0,
        "Interest Income Non Operating": 4211000.0,
        "Operating Income": 224864000.0,
        "Operating Expense": 1407548000.0,
        "Selling General And Administration": 1407548000.0,
        "Gross Profit": 1632412000.0,
        "Cost Of Revenue": 1327871000.0,
        "Total Revenue": 2960283000.0,
        "Operating Revenue": 2960283000.0
    },
    "2024-03-31": {
        "Tax Effect Of Unusual Items": -100188000.0,
        "Tax Rate For Calcs": 0.4,
        "Normalized EBITDA": -97347000.0,
        "Total Unusual Items": -250470000.0,
        "Total Unusual Items Excluding Goodwill": -250470000.0,
        "Net Income From Continuing Operation Net Minority Interest": -418308000.0,
        "Reconciled Depreciation": -195291000.0,
        "Reconciled Cost Of Revenue": 1225277000.0,
        "EBITDA": -347817000.0,
        "EBIT": -347817000.0,
        "Net Interest Income": -54707000.0,
        "Interest Expense": 61822000.0,
        "Interest Income": 7115000.0,
        "Normalized Income": -268026000.0,
        "Net Income From Continuing And Discontinued Operation": -418308000.0,
        "Total Expenses": 2479104000.0,
        "Total Operating Income As Reported": -355765000.0,
        "Diluted Average Shares": NaN,
        "Basic Average Shares": NaN,
        "Diluted EPS": NaN,
        "Basic EPS": NaN,
        "Diluted NI Availto Com Stockholders": -418308000.0,
        "Net Income Common Stockholders": -418308000.0,
        "Net Income": -418308000.0,
        "Net Income Including Noncontrolling Interests": -418308000.0,
        "Net Income Discontinuous Operations": NaN,
        "Net Income Continuous Operations": -418308000.0,
        "Tax Provision": 8669000.0,
        "Pretax Income": -409639000.0,
        "Other Income Expense": -249637000.0,
        "Other Non Operating Income Expenses": 833000.0,
        "Special Income Charges": -250470000.0,
        "Impairment Of Capital Assets": 250470000.0,
        "Net Non Operating Interest Income Expense": -54707000.0,
        "Interest Expense Non Operating": 61822000.0,
        "Interest Income Non Operating": 7115000.0,
        "Operating Income": -105295000.0,
        "Operating Expense": 1253827000.0,
        "Selling General And Administration": 1253827000.0,
        "Gross Profit": 1148532000.0,
        "Cost Of Revenue": 1225277000.0,
        "Total Revenue": 2373809000.0,
        "Operating Revenue": 2373809000.0
    }
}