{
    "2023-09-30": {
        "Tax Effect Of Unusual Items": -512286400000.0,
        "Tax Rate For Calcs": 0.2,
        "Normalized EBITDA": -7100863000000.0,
        "Total Unusual Items": -2561432000000.0,
        "Total Unusual Items Excluding Goodwill": -2561432000000.0,
        "Net Income From Continuing Operation Net Minority Interest": -15526635000000.0,
        "Reconciled Depreciation": 2012428000000.0,
        "Reconciled Cost Of Revenue": 10480986000000.0,
        "EBITDA": -9662295000000.0,
        "EBIT": -11674723000000.0,
        "Net Interest Income": -3806602000000.0,
        "Interest Expense": 3857994000000.0,
        "Interest Income": 51392000000.0,
        "Normalized Income": -13477489400000.0,
        "Net Income From Continuing And Discontinued Operation": -15526635000000.0,
        "Total Expenses": 17438562000000.0,
        "Total Operating Income As Reported": -9183432000000.0,
        "Diluted Average Shares": 2308837804.0,
        "Basic Average Shares": 2308837804.0,
        "Diluted EPS": -6725.0,
        "Basic EPS": -6725.0,
        "Diluted NI Availto Com Stockholders": -15526635000000.0,
        "Net Income Common Stockholders": -15526635000000.0,
        "Net Income": -15526635000000.0,
        "Minority Interests": 19097000000.0,
        "Net Income Including Noncontrolling Interests": -15545732000000.0,
        "Net Income Continuous Operations": -15545732000000.0,
        "Tax Provision": 13015000000.0,
        "Pretax Income": -15532717000000.0,
        "Other Income Expense": -2542683000000.0,
        "Earnings From Equity Interest": 18749000000.0,
        "Gain On Sale Of Security": -2561432000000.0,
        "Net Non Operating Interest Income Expense": -3806602000000.0,
        "Interest Expense Non Operating": 3857994000000.0,
        "Interest Income Non Operating": 51392000000.0,
        "Operating Income": -9183432000000.0,
        "Operating Expense": 6957576000000.0,
        "Other Operating Expenses": 542307000000.0,
        "Research And Development": 3594921000000.0,
        "Selling General And Administration": 2820348000000.0,
        "Selling And Marketing Expense": 1461999000000.0,
        "General And Administrative Expense": 1358349000000.0,
        "Other Gand A": 1358349000000.0,
        "Gross Profit": -2225856000000.0,
        "Cost Of Revenue": 10480986000000.0,
        "Total Revenue": 8255130000000.0,
        "Operating Revenue": 8255130000000.0
    },
    "2023-06-30": {
        "Tax Effect Of Unusual Items": NaN,
        "Tax Rate For Calcs": NaN,
        "Normalized EBITDA": NaN,
        "Total Unusual Items": NaN,
        "Total Unusual Items Excluding Goodwill": NaN,
        "Net Income From Continuing Operation Net Minority Interest": NaN,
        "Reconciled Depreciation": NaN,
        "Reconciled Cost Of Revenue": NaN,
        "EBITDA": NaN,
        "EBIT": NaN,
        "Net Interest Income": NaN,
        "Interest Expense": NaN,
        "Interest Income": NaN,
        "Normalized Income": NaN,
        "Net Income From Continuing And Discontinued Operation": NaN,
        "Total Expenses": NaN,
        "Total Operating Income As Reported": NaN,
        "Diluted Average Shares": NaN,
        "Basic Average Shares": NaN,
        "Diluted EPS": NaN,
        "Basic EPS": NaN,
        "Diluted NI Availto Com Stockholders": NaN,
        "Net Income Common Stockholders": NaN,
        "Net Income": NaN,
        "Minority Interests": NaN,
        "Net Income Including Noncontrolling Interests": NaN,
        "Net Income Continuous Operations": NaN,
        "Tax Provision": NaN,
        "Pretax Income": NaN,
        "Other Income Expense": NaN,
        "Earnings From Equity Interest": 8113000000.0,
        "Gain On Sale Of Security": NaN,
        "Net Non Operating Interest Income Expense": NaN,
        "Interest Expense Non Operating": NaN,
        "Interest Income Non Operating": NaN,
        "Operating Income": NaN,
        "Operating Expense": NaN,
        "Other Operating Expenses": NaN,
        "Research And Development": NaN,
        "Selling General And Administration": NaN,
        "Selling And Marketing Expense": NaN,
        "General And Administrative Expense": NaN,
        "Other Gand A": NaN,
        "Gross Profit": NaN,
        "Cost Of Revenue": NaN,
        "Total Revenue": NaN,
        "Operating Revenue": NaN
    },
    "2023-03-31": {
        "Tax Effect Of Unusual Items": NaN,
        "Tax Rate For Calcs": NaN,
        "Normalized EBITDA": NaN,
        "Total Unusual Items": NaN,
        "Total Unusual Items Excluding Goodwill": NaN,
        "Net Income From Continuing Operation Net Minority Interest": NaN,
        "Reconciled Depreciation": NaN,
        "Reconciled Cost Of Revenue": NaN,
        "EBITDA": NaN,
        "EBIT": NaN,
        "Net Interest Income": NaN,
        "Interest Expense": NaN,
        "Interest Income": NaN,
        "Normalized Income": NaN,
        "Net Income From Continuing And Discontinued Operation": NaN,
        "Total Expenses": NaN,
        "Total Operating Income As Reported": NaN,
        "Diluted Average Shares": NaN,
        "Basic Average Shares": NaN,
        "Diluted EPS": NaN,
        "Basic EPS": NaN,
        "Diluted NI Availto Com Stockholders": NaN,
        "Net Income Common Stockholders": NaN,
        "Net Income": NaN,
        "Minority Interests": NaN,
        "Net Income Including Noncontrolling Interests": NaN,
        "Net Income Continuous Operations": NaN,
        "Tax Provision": NaN,
        "Pretax Income": NaN,
        "Other Income Expense": NaN,
        "Earnings From Equity Interest": 2809000000.0,
        "Gain On Sale Of Security": NaN,
        "Net Non Operating Interest Income Expense": NaN,
        "Interest Expense Non Operating": NaN,
        "Interest Income Non Operating": NaN,
        "Operating Income": NaN,
        "Operating Expense": NaN,
        "Other Operating Expenses": NaN,
        "Research And Development": NaN,
        "Selling General And Administration": NaN,
        "Selling And Marketing Expense": NaN,
        "General And Administrative Expense": NaN,
        "Other Gand A": NaN,
        "Gross Profit": NaN,
        "Cost Of Revenue": NaN,
        "Total Revenue": NaN,
        "Operating Revenue": NaN
    },
    "2022-12-31": {
        "Tax Effect Of Unusual Items": NaN,
        "Tax Rate For Calcs": NaN,
        "Normalized EBITDA": NaN,
        "Total Unusual Items": NaN,
        "Total Unusual Items Excluding Goodwill": NaN,
        "Net Income From Continuing Operation Net Minority Interest": NaN,
        "Reconciled Depreciation": NaN,
        "Reconciled Cost Of Revenue": NaN,
        "EBITDA": NaN,
        "EBIT": NaN,
        "Net Interest Income": NaN,
        "Interest Expense": NaN,
        "Interest Income": NaN,
        "Normalized Income": NaN,
        "Net Income From Continuing And Discontinued Operation": NaN,
        "Total Expenses": NaN,
        "Total Operating Income As Reported": NaN,
        "Diluted Average Shares": NaN,
        "Basic Average Shares": NaN,
        "Diluted EPS": NaN,
        "Basic EPS": NaN,
        "Diluted NI Availto Com Stockholders": NaN,
        "Net Income Common Stockholders": NaN,
        "Net Income": NaN,
        "Minority Interests": NaN,
        "Net Income Including Noncontrolling Interests": NaN,
        "Net Income Continuous Operations": NaN,
        "Tax Provision": NaN,
        "Pretax Income": NaN,
        "Other Income Expense": NaN,
        "Earnings From Equity Interest": 0.0,
        "Gain On Sale Of Security": NaN,
        "Net Non Operating Interest Income Expense": NaN,
        "Interest Expense Non Operating": NaN,
        "Interest Income Non Operating": NaN,
        "Operating Income": NaN,
        "Operating Expense": NaN,
        "Other Operating Expenses": NaN,
        "Research And Development": NaN,
        "Selling General And Administration": NaN,
        "Selling And Marketing Expense": NaN,
        "General And Administrative Expense": NaN,
        "Other Gand A": NaN,
        "Gross Profit": NaN,
        "Cost Of Revenue": NaN,
        "Total Revenue": NaN,
        "Operating Revenue": NaN
    },
    "2024-03-31": {
        "Tax Effect Of Unusual Items": -1359578837.409506,
        "Tax Rate For Calcs": 0.002229,
        "Normalized EBITDA": -7898828000000.0,
        "Total Unusual Items": -609830000000.0,
        "Total Unusual Items Excluding Goodwill": -609830000000.0,
        "Net Income From Continuing Operation Net Minority Interest": -14721282000000.0,
        "Reconciled Depreciation": 2103396000000.0,
        "Reconciled Cost Of Revenue": 10354773000000.0,
        "EBITDA": -8508658000000.0,
        "EBIT": -10612054000000.0,
        "Net Interest Income": -4136308000000.0,
        "Interest Expense": 4164757000000.0,
        "Interest Income": 28449000000.0,
        "Normalized Income": -14112811578837.41,
        "Net Income From Continuing And Discontinued Operation": -14721282000000.0,
        "Total Expenses": 16555103000000.0,
        "Total Operating Income As Reported": -10029239000000.0,
        "Diluted Average Shares": 2337862964.0,
        "Basic Average Shares": 2337862964.0,
        "Diluted EPS": -6297.0,
        "Basic EPS": -6297.0,
        "Diluted NI Availto Com Stockholders": -14721282000000.0,
        "Net Income Common Stockholders": -14721282000000.0,
        "Net Income": -14721282000000.0,
        "Minority Interests": 22585000000.0,
        "Net Income Including Noncontrolling Interests": -14743867000000.0,
        "Net Income Continuous Operations": -14743867000000.0,
        "Tax Provision": -32944000000.0,
        "Pretax Income": -14776811000000.0,
        "Other Income Expense": -611264000000.0,
        "Earnings From Equity Interest": -1434000000.0,
        "Gain On Sale Of Security": -609830000000.0,
        "Net Non Operating Interest Income Expense": -4136308000000.0,
        "Interest Expense Non Operating": 4164757000000.0,
        "Interest Income Non Operating": 28449000000.0,
        "Operating Income": -10029239000000.0,
        "Operating Expense": 6200330000000.0,
        "Other Operating Expenses": 550441000000.0,
        "Research And Development": 2592704000000.0,
        "Selling General And Administration": 3057185000000.0,
        "Selling And Marketing Expense": 1713130000000.0,
        "General And Administrative Expense": 1344055000000.0,
        "Other Gand A": 1344055000000.0,
        "Gross Profit": -3828909000000.0,
        "Cost Of Revenue": 10354773000000.0,
        "Total Revenue": 6525864000000.0,
        "Operating Revenue": 6525864000000.0
    },
    "2023-12-31": {
        "Tax Effect Of Unusual Items": -318076200000.0,
        "Tax Rate For Calcs": 0.2,
        "Normalized EBITDA": -11931650000000.0,
        "Total Unusual Items": -1590381000000.0,
        "Total Unusual Items Excluding Goodwill": -1590381000000.0,
        "Net Income From Continuing Operation Net Minority Interest": -15803482000000.0,
        "Reconciled Depreciation": 1832903000000.0,
        "Reconciled Cost Of Revenue": 14769309000000.0,
        "EBITDA": -13522031000000.0,
        "EBIT": -15354934000000.0,
        "Net Interest Income": -3352994000000.0,
        "Interest Expense": 359151000000.0,
        "Interest Income": 164644000000.0,
        "Normalized Income": -14531177200000.0,
        "Net Income From Continuing And Discontinued Operation": -15803482000000.0,
        "Total Expenses": 21304298000000.0,
        "Total Operating Income As Reported": -11158009000000.0,
        "Diluted Average Shares": 2334761397.0,
        "Basic Average Shares": 2334761397.0,
        "Diluted EPS": -6642.0,
        "Basic EPS": -6642.0,
        "Diluted NI Availto Com Stockholders": -15803482000000.0,
        "Net Income Common Stockholders": -15803482000000.0,
        "Net Income": -15803482000000.0,
        "Minority Interests": 8317000000.0,
        "Net Income Including Noncontrolling Interests": -15811799000000.0,
        "Net Income Continuous Operations": -15811799000000.0,
        "Tax Provision": 97714000000.0,
        "Pretax Income": -15714085000000.0,
        "Other Income Expense": -1590381000000.0,
        "Earnings From Equity Interest": NaN,
        "Gain On Sale Of Security": -1716314000000.0,
        "Net Non Operating Interest Income Expense": -3352994000000.0,
        "Interest Expense Non Operating": 359151000000.0,
        "Interest Income Non Operating": 164644000000.0,
        "Operating Income": -10770710000000.0,
        "Operating Expense": 6534989000000.0,
        "Other Operating Expenses": 622963000000.0,
        "Research And Development": 2729132000000.0,
        "Selling General And Administration": 3182894000000.0,
        "Selling And Marketing Expense": 1775175000000.0,
        "General And Administrative Expense": 1407719000000.0,
        "Other Gand A": 1407719000000.0,
        "Gross Profit": -4235721000000.0,
        "Cost Of Revenue": 14769309000000.0,
        "Total Revenue": 10533588000000.0,
        "Operating Revenue": 10533588000000.0
    },
    "2024-06-30": {
        "Tax Effect Of Unusual Items": -190423800000.0,
        "Tax Rate For Calcs": 0.2,
        "Normalized EBITDA": -10722578000000.0,
        "Total Unusual Items": -952119000000.0,
        "Total Unusual Items Excluding Goodwill": -952119000000.0,
        "Net Income From Continuing Operation Net Minority Interest": -18741226000000.0,
        "Reconciled Depreciation": 2504756000000.0,
        "Reconciled Cost Of Revenue": 14106687000000.0,
        "EBITDA": -11674697000000.0,
        "EBIT": -14179453000000.0,
        "Net Interest Income": -4314987000000.0,
        "Interest Expense": 4514558000000.0,
        "Interest Income": 199571000000.0,
        "Normalized Income": -17979530800000.0,
        "Net Income From Continuing And Discontinued Operation": -18741226000000.0,
        "Total Expenses": 22066675000000.0,
        "Total Operating Income As Reported": -13396437000000.0,
        "Diluted Average Shares": 2338286336.0,
        "Basic Average Shares": 2338286336.0,
        "Diluted EPS": -8015.0,
        "Basic EPS": -8015.0,
        "Diluted NI Availto Com Stockholders": -18741226000000.0,
        "Net Income Common Stockholders": -18741226000000.0,
        "Net Income": -18741226000000.0,
        "Minority Interests": 23101000000.0,
        "Net Income Including Noncontrolling Interests": -18764327000000.0,
        "Net Income Continuous Operations": -18764327000000.0,
        "Tax Provision": 70316000000.0,
        "Pretax Income": -18694011000000.0,
        "Other Income Expense": -982587000000.0,
        "Earnings From Equity Interest": -30468000000.0,
        "Gain On Sale Of Security": -952119000000.0,
        "Net Non Operating Interest Income Expense": -4314987000000.0,
        "Interest Expense Non Operating": 4514558000000.0,
        "Interest Income Non Operating": 199571000000.0,
        "Operating Income": -13396437000000.0,
        "Operating Expense": 7959988000000.0,
        "Other Operating Expenses": 1460667000000.0,
        "Research And Development": 2662530000000.0,
        "Selling General And Administration": 3836791000000.0,
        "Selling And Marketing Expense": 1523054000000.0,
        "General And Administrative Expense": 2313737000000.0,
        "Other Gand A": 2313737000000.0,
        "Gross Profit": -5436449000000.0,
        "Cost Of Revenue": 14106687000000.0,
        "Total Revenue": 8670238000000.0,
        "Operating Revenue": 8670238000000.0
    },
    "2024-09-30": {
        "Tax Effect Of Unusual Items": -508648734.784444,
        "Tax Rate For Calcs": 0.002026,
        "Normalized EBITDA": -5359241000000.0,
        "Total Unusual Items": -251088000000.0,
        "Total Unusual Items Excluding Goodwill": -251088000000.0,
        "Net Income From Continuing Operation Net Minority Interest": -13227273000000.0,
        "Reconciled Depreciation": 2676686000000.0,
        "Reconciled Cost Of Revenue": 15284423000000.0,
        "EBITDA": -5610329000000.0,
        "EBIT": -8287015000000.0,
        "Net Interest Income": -4916621000000.0,
        "Interest Expense": 4991829000000.0,
        "Interest Income": 75208000000.0,
        "Normalized Income": -12976693648734.785,
        "Net Income From Continuing And Discontinued Operation": -13227273000000.0,
        "Total Expenses": 20447908000000.0,
        "Total Operating Income As Reported": -8121371000000.0,
        "Diluted Average Shares": 2338695829.0,
        "Basic Average Shares": 2338695829.0,
        "Diluted EPS": -5656.0,
        "Basic EPS": -5656.0,
        "Diluted NI Availto Com Stockholders": -13227273000000.0,
        "Net Income Common Stockholders": -13227273000000.0,
        "Net Income": -13227273000000.0,
        "Minority Interests": 24671000000.0,
        "Net Income Including Noncontrolling Interests": -13251944000000.0,
        "Net Income Continuous Operations": -13251944000000.0,
        "Tax Provision": -26900000000.0,
        "Pretax Income": -13278844000000.0,
        "Other Income Expense": -240852000000.0,
        "Earnings From Equity Interest": 10236000000.0,
        "Gain On Sale Of Security": -251088000000.0,
        "Net Non Operating Interest Income Expense": -4916621000000.0,
        "Interest Expense Non Operating": 4991829000000.0,
        "Interest Income Non Operating": 75208000000.0,
        "Operating Income": -8121371000000.0,
        "Operating Expense": 5163485000000.0,
        "Other Operating Expenses": -389450000000.0,
        "Research And Development": 2091725000000.0,
        "Selling General And Administration": 3461210000000.0,
        "Selling And Marketing Expense": 2050062000000.0,
        "General And Administrative Expense": 1411148000000.0,
        "Other Gand A": 1411148000000.0,
        "Gross Profit": -2957886000000.0,
        "Cost Of Revenue": 15284423000000.0,
        "Total Revenue": 12326537000000.0,
        "Operating Revenue": 12326537000000.0
    }
}