{
    "2023-03-31": {
        "Tax Effect Of Unusual Items": 0.0,
        "Tax Rate For Calcs": 0.0,
        "Normalized EBITDA": -4292637.0,
        "Total Unusual Items": 1299000.0,
        "Total Unusual Items Excluding Goodwill": 1299000.0,
        "Net Income From Continuing Operation Net Minority Interest": -574461.0,
        "Reconciled Depreciation": 55665.0,
        "EBITDA": -2993637.0,
        "EBIT": -3049302.0,
        "Net Interest Income": -67825.0,
        "Interest Expense": 67825.0,
        "Normalized Income": -1873461.0,
        "Net Income From Continuing And Discontinued Operation": -574461.0,
        "Total Expenses": 4348302.0,
        "Total Operating Income As Reported": -3049302.0,
        "Diluted Average Shares": 6124245.0,
        "Basic Average Shares": 6124245.0,
        "Diluted EPS": -0.09,
        "Basic EPS": -0.09,
        "Diluted NI Availto Com Stockholders": -574461.0,
        "Net Income Common Stockholders": -574461.0,
        "Net Income": -574461.0,
        "Minority Interests": 2542666.0,
        "Net Income Including Noncontrolling Interests": -3117127.0,
        "Net Income Continuous Operations": -3117127.0,
        "Tax Provision": 0.0,
        "Pretax Income": -3117127.0,
        "Other Income Expense": 1299000.0,
        "Other Non Operating Income Expenses": NaN,
        "Special Income Charges": 1299000.0,
        "Restructuring And Mergern Acquisition": -1299000.0,
        "Net Non Operating Interest Income Expense": -67825.0,
        "Interest Expense Non Operating": 67825.0,
        "Operating Income": -4348302.0,
        "Operating Expense": 4348302.0,
        "Research And Development": 82662.0,
        "Selling General And Administration": 4265640.0,
        "General And Administrative Expense": 4265640.0,
        "Other Gand A": 4265640.0,
        "Total Revenue": 0.0,
        "Operating Revenue": 0.0
    },
    "2022-12-31": {
        "Tax Effect Of Unusual Items": 0.0,
        "Tax Rate For Calcs": 0.0,
        "Normalized EBITDA": -8739749.0,
        "Total Unusual Items": 370000.0,
        "Total Unusual Items Excluding Goodwill": 370000.0,
        "Net Income From Continuing Operation Net Minority Interest": -880886.0,
        "Reconciled Depreciation": 62137.0,
        "EBITDA": -8369749.0,
        "EBIT": -8431886.0,
        "Net Interest Income": NaN,
        "Interest Expense": NaN,
        "Normalized Income": -1250886.0,
        "Net Income From Continuing And Discontinued Operation": -880886.0,
        "Total Expenses": 1250886.0,
        "Total Operating Income As Reported": -880886.0,
        "Diluted Average Shares": NaN,
        "Basic Average Shares": NaN,
        "Diluted EPS": NaN,
        "Basic EPS": NaN,
        "Diluted NI Availto Com Stockholders": -880886.0,
        "Net Income Common Stockholders": -880886.0,
        "Net Income": -880886.0,
        "Minority Interests": NaN,
        "Net Income Including Noncontrolling Interests": -880886.0,
        "Net Income Continuous Operations": -880886.0,
        "Tax Provision": NaN,
        "Pretax Income": -880886.0,
        "Other Income Expense": 370000.0,
        "Other Non Operating Income Expenses": NaN,
        "Special Income Charges": 370000.0,
        "Restructuring And Mergern Acquisition": -370000.0,
        "Net Non Operating Interest Income Expense": NaN,
        "Interest Expense Non Operating": NaN,
        "Operating Income": -1250886.0,
        "Operating Expense": 1250886.0,
        "Research And Development": 74359.0,
        "Selling General And Administration": 1176527.0,
        "General And Administrative Expense": 1176527.0,
        "Other Gand A": 1176527.0,
        "Total Revenue": 0.0,
        "Operating Revenue": 0.0
    },
    "2022-09-30": {
        "Tax Effect Of Unusual Items": NaN,
        "Tax Rate For Calcs": NaN,
        "Normalized EBITDA": NaN,
        "Total Unusual Items": NaN,
        "Total Unusual Items Excluding Goodwill": NaN,
        "Net Income From Continuing Operation Net Minority Interest": NaN,
        "Reconciled Depreciation": NaN,
        "EBITDA": NaN,
        "EBIT": NaN,
        "Net Interest Income": NaN,
        "Interest Expense": NaN,
        "Normalized Income": NaN,
        "Net Income From Continuing And Discontinued Operation": NaN,
        "Total Expenses": NaN,
        "Total Operating Income As Reported": NaN,
        "Diluted Average Shares": 9358620.0,
        "Basic Average Shares": 9358620.0,
        "Diluted EPS": 0.464571,
        "Basic EPS": 0.464571,
        "Diluted NI Availto Com Stockholders": NaN,
        "Net Income Common Stockholders": NaN,
        "Net Income": NaN,
        "Minority Interests": NaN,
        "Net Income Including Noncontrolling Interests": NaN,
        "Net Income Continuous Operations": NaN,
        "Tax Provision": NaN,
        "Pretax Income": NaN,
        "Other Income Expense": NaN,
        "Other Non Operating Income Expenses": NaN,
        "Special Income Charges": NaN,
        "Restructuring And Mergern Acquisition": NaN,
        "Net Non Operating Interest Income Expense": NaN,
        "Interest Expense Non Operating": NaN,
        "Operating Income": NaN,
        "Operating Expense": NaN,
        "Research And Development": NaN,
        "Selling General And Administration": NaN,
        "General And Administrative Expense": NaN,
        "Other Gand A": NaN,
        "Total Revenue": NaN,
        "Operating Revenue": NaN
    },
    "2022-06-30": {
        "Tax Effect Of Unusual Items": 0.0,
        "Tax Rate For Calcs": 0.0,
        "Normalized EBITDA": -1153190.0,
        "Total Unusual Items": 1893000.0,
        "Total Unusual Items Excluding Goodwill": 1893000.0,
        "Net Income From Continuing Operation Net Minority Interest": 677708.0,
        "Reconciled Depreciation": 62102.0,
        "EBITDA": 739810.0,
        "EBIT": 677708.0,
        "Net Interest Income": 0.0,
        "Interest Expense": 0.0,
        "Normalized Income": -1215292.0,
        "Net Income From Continuing And Discontinued Operation": 677708.0,
        "Total Expenses": 1215292.0,
        "Total Operating Income As Reported": 677708.0,
        "Diluted Average Shares": 9358620.0,
        "Basic Average Shares": 9358620.0,
        "Diluted EPS": 0.072415,
        "Basic EPS": 0.072415,
        "Diluted NI Availto Com Stockholders": 677708.0,
        "Net Income Common Stockholders": 677708.0,
        "Net Income": 677708.0,
        "Minority Interests": 0.0,
        "Net Income Including Noncontrolling Interests": 677708.0,
        "Net Income Continuous Operations": 677708.0,
        "Tax Provision": 0.0,
        "Pretax Income": 677708.0,
        "Other Income Expense": 1893000.0,
        "Other Non Operating Income Expenses": NaN,
        "Special Income Charges": 1893000.0,
        "Restructuring And Mergern Acquisition": -1893000.0,
        "Net Non Operating Interest Income Expense": 0.0,
        "Interest Expense Non Operating": 0.0,
        "Operating Income": -1215292.0,
        "Operating Expense": 1215292.0,
        "Research And Development": 72562.0,
        "Selling General And Administration": 1142730.0,
        "General And Administrative Expense": 1142730.0,
        "Other Gand A": 1142730.0,
        "Total Revenue": 0.0,
        "Operating Revenue": 0.0
    },
    "2022-03-31": {
        "Diluted EPS": 0.0,
        "Total Revenue": NaN,
        "Gross Profit": NaN,
        "Operating Income": -1,
        "EBIT": -1,
        "Net Income": -1
    },
    "2021-12-31": {
        "Diluted EPS": -0.04,
        "Total Revenue": NaN,
        "Gross Profit": NaN,
        "Operating Income": 0,
        "EBIT": 0,
        "Net Income": 0
    },
    "2021-09-30": {
        "Diluted EPS": -0.01,
        "Total Revenue": NaN,
        "Gross Profit": NaN,
        "Operating Income": 0,
        "EBIT": 0,
        "Net Income": 0
    },
    "2021-06-30": {
        "Diluted EPS": 0.0,
        "Total Revenue": NaN,
        "Gross Profit": NaN,
        "Operating Income": 0,
        "EBIT": 0,
        "Net Income": 0
    },
    "2021-03-31": {
        "Diluted EPS": 0.0,
        "Total Revenue": NaN,
        "Gross Profit": NaN,
        "Operating Income": 0,
        "EBIT": 0,
        "Net Income": 0
    },
    "2020-12-31": {
        "Diluted EPS": 0.0,
        "Total Revenue": NaN,
        "Gross Profit": NaN,
        "Operating Income": NaN,
        "EBIT": NaN,
        "Net Income": NaN
    },
    "2020-09-30": {
        "Diluted EPS": 0.0,
        "Total Revenue": NaN,
        "Gross Profit": NaN,
        "Operating Income": 0,
        "EBIT": 0,
        "Net Income": 0
    },
    "2023-06-30": {
        "Tax Effect Of Unusual Items": 0.0,
        "Tax Rate For Calcs": 0.0,
        "Normalized EBITDA": -2389306.0,
        "Total Unusual Items": 0.0,
        "Total Unusual Items Excluding Goodwill": 0.0,
        "Net Income From Continuing Operation Net Minority Interest": -749147.0,
        "Reconciled Depreciation": 59501.0,
        "EBITDA": -2389306.0,
        "EBIT": -2448807.0,
        "Net Interest Income": -101443.0,
        "Interest Expense": 101443.0,
        "Normalized Income": -749147.0,
        "Net Income From Continuing And Discontinued Operation": -749147.0,
        "Total Expenses": 2543694.0,
        "Total Operating Income As Reported": -2543694.0,
        "Diluted Average Shares": 6130487.0,
        "Basic Average Shares": 6130487.0,
        "Diluted EPS": -0.12,
        "Basic EPS": -0.12,
        "Diluted NI Availto Com Stockholders": -749147.0,
        "Net Income Common Stockholders": -749147.0,
        "Net Income": -749147.0,
        "Minority Interests": 1801103.0,
        "Net Income Including Noncontrolling Interests": -2550250.0,
        "Net Income Continuous Operations": -2550250.0,
        "Tax Provision": 0.0,
        "Pretax Income": -2550250.0,
        "Other Income Expense": 94887.0,
        "Other Non Operating Income Expenses": 94887.0,
        "Special Income Charges": 0.0,
        "Restructuring And Mergern Acquisition": 0.0,
        "Net Non Operating Interest Income Expense": -101443.0,
        "Interest Expense Non Operating": 101443.0,
        "Operating Income": -2543694.0,
        "Operating Expense": 2543694.0,
        "Research And Development": 85812.0,
        "Selling General And Administration": 2457882.0,
        "General And Administrative Expense": 2457882.0,
        "Other Gand A": 2457882.0,
        "Total Revenue": 0.0,
        "Operating Revenue": 0.0
    },
    "2023-09-30": {
        "Tax Effect Of Unusual Items": 0.0,
        "Tax Rate For Calcs": 0.0208,
        "Normalized EBITDA": -2342146.0,
        "Total Unusual Items": 0.0,
        "Total Unusual Items Excluding Goodwill": 0.0,
        "Net Income From Continuing Operation Net Minority Interest": -773192.0,
        "Reconciled Depreciation": 103340.0,
        "EBITDA": -2342146.0,
        "EBIT": -2445486.0,
        "Net Interest Income": -67430.0,
        "Interest Expense": 67430.0,
        "Normalized Income": -773192.0,
        "Net Income From Continuing And Discontinued Operation": -773192.0,
        "Total Expenses": 2589490.0,
        "Total Operating Income As Reported": -2589490.0,
        "Diluted Average Shares": 6153461.0,
        "Basic Average Shares": 6153461.0,
        "Diluted EPS": -0.13,
        "Basic EPS": -0.13,
        "Diluted NI Availto Com Stockholders": -773192.0,
        "Net Income Common Stockholders": -773192.0,
        "Net Income": -773192.0,
        "Minority Interests": 1858910.0,
        "Net Income Including Noncontrolling Interests": -2632102.0,
        "Net Income Continuous Operations": -2632102.0,
        "Tax Provision": 119186.0,
        "Pretax Income": -2512916.0,
        "Other Income Expense": 144004.0,
        "Other Non Operating Income Expenses": 144004.0,
        "Special Income Charges": 0.0,
        "Restructuring And Mergern Acquisition": 0.0,
        "Net Non Operating Interest Income Expense": -67430.0,
        "Interest Expense Non Operating": 67430.0,
        "Operating Income": -2589490.0,
        "Operating Expense": 2589490.0,
        "Research And Development": 78314.0,
        "Selling General And Administration": 2511176.0,
        "General And Administrative Expense": 2511176.0,
        "Other Gand A": 2511176.0,
        "Total Revenue": 0.0,
        "Operating Revenue": 0.0
    },
    "2023-12-31": {
        "Tax Effect Of Unusual Items": 0.0,
        "Tax Rate For Calcs": 0.21,
        "Normalized EBITDA": -1956373.0,
        "Total Unusual Items": 0.0,
        "Total Unusual Items Excluding Goodwill": 0.0,
        "Net Income From Continuing Operation Net Minority Interest": -646787.0,
        "Reconciled Depreciation": 198345.0,
        "EBITDA": -1956373.0,
        "EBIT": -2154718.0,
        "Net Interest Income": 0.0,
        "Interest Expense": 0.0,
        "Normalized Income": -646787.0,
        "Net Income From Continuing And Discontinued Operation": -646787.0,
        "Total Expenses": 2362901.0,
        "Total Operating Income As Reported": -2362901.0,
        "Diluted Average Shares": NaN,
        "Basic Average Shares": NaN,
        "Diluted EPS": NaN,
        "Basic EPS": NaN,
        "Diluted NI Availto Com Stockholders": -646787.0,
        "Net Income Common Stockholders": -646787.0,
        "Net Income": -646787.0,
        "Minority Interests": 1555010.0,
        "Net Income Including Noncontrolling Interests": -2201797.0,
        "Net Income Continuous Operations": -2201797.0,
        "Tax Provision": 47079.0,
        "Pretax Income": -2154718.0,
        "Other Income Expense": 208183.0,
        "Other Non Operating Income Expenses": 208183.0,
        "Special Income Charges": 0.0,
        "Restructuring And Mergern Acquisition": 0.0,
        "Net Non Operating Interest Income Expense": 0.0,
        "Interest Expense Non Operating": 0.0,
        "Operating Income": -2362901.0,
        "Operating Expense": 2362901.0,
        "Research And Development": 82406.0,
        "Selling General And Administration": 2280495.0,
        "General And Administrative Expense": 2280495.0,
        "Other Gand A": 2280495.0,
        "Total Revenue": 0.0,
        "Operating Revenue": 0.0
    },
    "2024-03-31": {
        "Tax Effect Of Unusual Items": 0.0,
        "Tax Rate For Calcs": 0.0,
        "Normalized EBITDA": -2455095.0,
        "Total Unusual Items": 0.0,
        "Total Unusual Items Excluding Goodwill": 0.0,
        "Net Income From Continuing Operation Net Minority Interest": -772371.0,
        "Reconciled Depreciation": 73988.0,
        "EBITDA": -2455095.0,
        "EBIT": -2529083.0,
        "Net Interest Income": 0.0,
        "Interest Expense": 0.0,
        "Normalized Income": -772371.0,
        "Net Income From Continuing And Discontinued Operation": -772371.0,
        "Total Expenses": 2875211.0,
        "Total Operating Income As Reported": -2875211.0,
        "Diluted Average Shares": 6173716.0,
        "Basic Average Shares": 6173716.0,
        "Diluted EPS": -0.13,
        "Basic EPS": -0.13,
        "Diluted NI Availto Com Stockholders": -772371.0,
        "Net Income Common Stockholders": -772371.0,
        "Net Income": -772371.0,
        "Minority Interests": 1756712.0,
        "Net Income Including Noncontrolling Interests": -2529083.0,
        "Net Income Continuous Operations": -2529083.0,
        "Tax Provision": 0.0,
        "Pretax Income": -2529083.0,
        "Other Income Expense": 346128.0,
        "Other Non Operating Income Expenses": 346128.0,
        "Special Income Charges": 0.0,
        "Restructuring And Mergern Acquisition": 0.0,
        "Net Non Operating Interest Income Expense": 0.0,
        "Interest Expense Non Operating": 0.0,
        "Operating Income": -2875211.0,
        "Operating Expense": 2875211.0,
        "Research And Development": 85835.0,
        "Selling General And Administration": 2789376.0,
        "General And Administrative Expense": 2789376.0,
        "Other Gand A": 2789376.0,
        "Total Revenue": 0.0,
        "Operating Revenue": 0.0
    }
}