{
    "2023-03-31": {
        "Tax Effect Of Unusual Items": NaN,
        "Tax Rate For Calcs": NaN,
        "Normalized EBITDA": NaN,
        "Net Income From Continuing Operation Net Minority Interest": NaN,
        "Reconciled Depreciation": NaN,
        "Reconciled Cost Of Revenue": NaN,
        "EBITDA": NaN,
        "EBIT": NaN,
        "Net Interest Income": NaN,
        "Interest Income": NaN,
        "Normalized Income": NaN,
        "Net Income From Continuing And Discontinued Operation": NaN,
        "Total Expenses": NaN,
        "Total Operating Income As Reported": NaN,
        "Diluted Average Shares": 3571000.0,
        "Basic Average Shares": 3571000.0,
        "Diluted EPS": -1.25,
        "Basic EPS": -1.25,
        "Diluted NI Availto Com Stockholders": NaN,
        "Net Income Common Stockholders": NaN,
        "Net Income": NaN,
        "Net Income Including Noncontrolling Interests": NaN,
        "Net Income Continuous Operations": NaN,
        "Tax Provision": NaN,
        "Pretax Income": NaN,
        "Net Non Operating Interest Income Expense": NaN,
        "Interest Income Non Operating": NaN,
        "Operating Income": NaN,
        "Operating Expense": NaN,
        "Research And Development": NaN,
        "Selling General And Administration": NaN,
        "Gross Profit": NaN,
        "Cost Of Revenue": NaN,
        "Total Revenue": NaN,
        "Operating Revenue": NaN
    },
    "2022-12-31": {
        "Tax Effect Of Unusual Items": 0.0,
        "Tax Rate For Calcs": 0.21,
        "Normalized EBITDA": -8049000.0,
        "Net Income From Continuing Operation Net Minority Interest": -24223000.0,
        "Reconciled Depreciation": 2000.0,
        "Reconciled Cost Of Revenue": NaN,
        "EBITDA": -8049000.0,
        "EBIT": -8051000.0,
        "Net Interest Income": 1031000.0,
        "Interest Income": 1031000.0,
        "Normalized Income": -24223000.0,
        "Net Income From Continuing And Discontinued Operation": -24223000.0,
        "Total Expenses": 8056000.0,
        "Total Operating Income As Reported": -8051000.0,
        "Diluted Average Shares": NaN,
        "Basic Average Shares": NaN,
        "Diluted EPS": NaN,
        "Basic EPS": NaN,
        "Diluted NI Availto Com Stockholders": -24223000.0,
        "Net Income Common Stockholders": -24223000.0,
        "Net Income": -24223000.0,
        "Net Income Including Noncontrolling Interests": -24223000.0,
        "Net Income Continuous Operations": -24223000.0,
        "Tax Provision": 17203000.0,
        "Pretax Income": -7020000.0,
        "Net Non Operating Interest Income Expense": 1031000.0,
        "Interest Income Non Operating": 1031000.0,
        "Operating Income": -8051000.0,
        "Operating Expense": 8052000.0,
        "Research And Development": 2708000.0,
        "Selling General And Administration": 5348000.0,
        "Gross Profit": NaN,
        "Cost Of Revenue": NaN,
        "Total Revenue": 5000.0,
        "Operating Revenue": 5000.0
    },
    "2022-09-30": {
        "Tax Effect Of Unusual Items": NaN,
        "Tax Rate For Calcs": NaN,
        "Normalized EBITDA": NaN,
        "Net Income From Continuing Operation Net Minority Interest": NaN,
        "Reconciled Depreciation": NaN,
        "Reconciled Cost Of Revenue": 0.0,
        "EBITDA": NaN,
        "EBIT": NaN,
        "Net Interest Income": NaN,
        "Interest Income": NaN,
        "Normalized Income": NaN,
        "Net Income From Continuing And Discontinued Operation": NaN,
        "Total Expenses": NaN,
        "Total Operating Income As Reported": NaN,
        "Diluted Average Shares": 3571000.0,
        "Basic Average Shares": 3571000.0,
        "Diluted EPS": -1.2,
        "Basic EPS": -1.2,
        "Diluted NI Availto Com Stockholders": NaN,
        "Net Income Common Stockholders": NaN,
        "Net Income": NaN,
        "Net Income Including Noncontrolling Interests": NaN,
        "Net Income Continuous Operations": NaN,
        "Tax Provision": NaN,
        "Pretax Income": NaN,
        "Net Non Operating Interest Income Expense": NaN,
        "Interest Income Non Operating": NaN,
        "Operating Income": NaN,
        "Operating Expense": NaN,
        "Research And Development": NaN,
        "Selling General And Administration": NaN,
        "Gross Profit": 4000.0,
        "Cost Of Revenue": 0.0,
        "Total Revenue": NaN,
        "Operating Revenue": NaN
    },
    "2022-06-30": {
        "Tax Effect Of Unusual Items": 0.0,
        "Tax Rate For Calcs": 0.4,
        "Normalized EBITDA": -4266000.0,
        "Net Income From Continuing Operation Net Minority Interest": -4437000.0,
        "Reconciled Depreciation": 1000.0,
        "Reconciled Cost Of Revenue": 0.0,
        "EBITDA": -4266000.0,
        "EBIT": -4267000.0,
        "Net Interest Income": 203000.0,
        "Interest Income": 203000.0,
        "Normalized Income": -4437000.0,
        "Net Income From Continuing And Discontinued Operation": -4437000.0,
        "Total Expenses": 4301000.0,
        "Total Operating Income As Reported": -4267000.0,
        "Diluted Average Shares": 71255000.0,
        "Basic Average Shares": 71255000.0,
        "Diluted EPS": -0.06,
        "Basic EPS": -0.06,
        "Diluted NI Availto Com Stockholders": -4437000.0,
        "Net Income Common Stockholders": -4437000.0,
        "Net Income": -4437000.0,
        "Net Income Including Noncontrolling Interests": -4437000.0,
        "Net Income Continuous Operations": -4437000.0,
        "Tax Provision": 373000.0,
        "Pretax Income": -4064000.0,
        "Net Non Operating Interest Income Expense": 203000.0,
        "Interest Income Non Operating": 203000.0,
        "Operating Income": -4267000.0,
        "Operating Expense": 4301000.0,
        "Research And Development": 1255000.0,
        "Selling General And Administration": 3046000.0,
        "Gross Profit": 34000.0,
        "Cost Of Revenue": 0.0,
        "Total Revenue": 34000.0,
        "Operating Revenue": 34000.0
    },
    "2022-03-31": {
        "Diluted EPS": -0.05,
        "Total Revenue": 0,
        "Gross Profit": 0,
        "Operating Income": -4,
        "EBIT": -4,
        "Net Income": -3
    },
    "2021-12-31": {
        "Diluted EPS": -0.08,
        "Total Revenue": 0,
        "Gross Profit": 0,
        "Operating Income": -7,
        "EBIT": -7,
        "Net Income": -6
    },
    "2021-09-30": {
        "Diluted EPS": -0.05,
        "Total Revenue": 0,
        "Gross Profit": 0,
        "Operating Income": -4,
        "EBIT": -4,
        "Net Income": -3
    },
    "2021-06-30": {
        "Diluted EPS": -0.1,
        "Total Revenue": 0,
        "Gross Profit": 0,
        "Operating Income": -4,
        "EBIT": -4,
        "Net Income": -7
    },
    "2021-03-31": {
        "Diluted EPS": -0.37,
        "Total Revenue": 0,
        "Gross Profit": 9,
        "Operating Income": -34,
        "EBIT": -34,
        "Net Income": -26
    },
    "2020-12-31": {
        "Diluted EPS": -0.11,
        "Total Revenue": 0,
        "Gross Profit": 0,
        "Operating Income": -9,
        "EBIT": -9,
        "Net Income": -7
    },
    "2020-09-30": {
        "Diluted EPS": -0.06,
        "Total Revenue": 0,
        "Gross Profit": 0,
        "Operating Income": -5,
        "EBIT": -5,
        "Net Income": -4
    },
    "2020-06-30": {
        "Diluted EPS": -0.11,
        "Total Revenue": 0,
        "Gross Profit": 0,
        "Operating Income": -10,
        "EBIT": -10,
        "Net Income": -8
    },
    "2020-03-31": {
        "Diluted EPS": 4.2,
        "Total Revenue": 303,
        "Gross Profit": 212,
        "Operating Income": 183,
        "EBIT": 183,
        "Net Income": 300
    },
    "2019-12-31": {
        "Diluted EPS": -0.07,
        "Total Revenue": 0,
        "Gross Profit": 0,
        "Operating Income": -5,
        "EBIT": -5,
        "Net Income": -4
    },
    "2019-09-30": {
        "Diluted EPS": -0.07,
        "Total Revenue": 0,
        "Gross Profit": 0,
        "Operating Income": -5,
        "EBIT": -5,
        "Net Income": -5
    },
    "2019-06-30": {
        "Diluted EPS": -0.06,
        "Total Revenue": 0,
        "Gross Profit": 0,
        "Operating Income": -5,
        "EBIT": -5,
        "Net Income": -4
    },
    "2019-03-31": {
        "Diluted EPS": -0.08,
        "Total Revenue": 0,
        "Gross Profit": 0,
        "Operating Income": -6,
        "EBIT": -6,
        "Net Income": -6
    },
    "2018-12-31": {
        "Diluted EPS": -0.09,
        "Total Revenue": 0,
        "Gross Profit": 0,
        "Operating Income": -6,
        "EBIT": -6,
        "Net Income": -6
    },
    "2018-09-30": {
        "Diluted EPS": -0.08,
        "Total Revenue": 0,
        "Gross Profit": 0,
        "Operating Income": -5,
        "EBIT": -5,
        "Net Income": -5
    },
    "2018-06-30": {
        "Diluted EPS": -0.1,
        "Total Revenue": 0,
        "Gross Profit": 0,
        "Operating Income": -6,
        "EBIT": -6,
        "Net Income": -6
    },
    "2018-03-31": {
        "Diluted EPS": -0.13,
        "Total Revenue": 0,
        "Gross Profit": 0,
        "Operating Income": -8,
        "EBIT": -8,
        "Net Income": -8
    },
    "2017-12-31": {
        "Diluted EPS": -0.1,
        "Total Revenue": 0,
        "Gross Profit": 0,
        "Operating Income": -6,
        "EBIT": -6,
        "Net Income": -6
    },
    "2017-09-30": {
        "Diluted EPS": -0.06,
        "Total Revenue": 0,
        "Gross Profit": 0,
        "Operating Income": -4,
        "EBIT": -4,
        "Net Income": -4
    },
    "2017-06-30": {
        "Diluted EPS": -0.07,
        "Total Revenue": 0,
        "Gross Profit": 0,
        "Operating Income": -4,
        "EBIT": -4,
        "Net Income": -4
    },
    "2017-03-31": {
        "Diluted EPS": -0.07,
        "Total Revenue": 0,
        "Gross Profit": 0,
        "Operating Income": -4,
        "EBIT": -4,
        "Net Income": -4
    },
    "2016-12-31": {
        "Diluted EPS": -0.12,
        "Total Revenue": 0,
        "Gross Profit": 0,
        "Operating Income": -7,
        "EBIT": -7,
        "Net Income": -7
    },
    "2016-09-30": {
        "Diluted EPS": -0.13,
        "Total Revenue": 0,
        "Gross Profit": -1,
        "Operating Income": -7,
        "EBIT": -7,
        "Net Income": -7
    },
    "2016-06-30": {
        "Diluted EPS": -0.1,
        "Total Revenue": 0,
        "Gross Profit": 0,
        "Operating Income": -5,
        "EBIT": -5,
        "Net Income": -5
    },
    "2016-03-31": {
        "Diluted EPS": -0.16,
        "Total Revenue": 0,
        "Gross Profit": 0,
        "Operating Income": -9,
        "EBIT": -9,
        "Net Income": -9
    },
    "2015-12-31": {
        "Diluted EPS": -0.15,
        "Total Revenue": 0,
        "Gross Profit": 0,
        "Operating Income": -8,
        "EBIT": -8,
        "Net Income": -8
    },
    "2015-09-30": {
        "Diluted EPS": -0.12,
        "Total Revenue": 0,
        "Gross Profit": -1,
        "Operating Income": -6,
        "EBIT": -6,
        "Net Income": -6
    },
    "2015-06-30": {
        "Diluted EPS": -0.18,
        "Total Revenue": 0,
        "Gross Profit": -4,
        "Operating Income": -10,
        "EBIT": -10,
        "Net Income": -10
    },
    "2015-03-31": {
        "Diluted EPS": -0.11,
        "Total Revenue": 0,
        "Gross Profit": 0,
        "Operating Income": -6,
        "EBIT": -6,
        "Net Income": -6
    },
    "2014-12-31": {
        "Diluted EPS": 0.15,
        "Total Revenue": 0,
        "Gross Profit": 0,
        "Operating Income": 7,
        "EBIT": 7,
        "Net Income": 7
    },
    "2014-09-30": {
        "Diluted EPS": -0.09,
        "Total Revenue": 0,
        "Gross Profit": 0,
        "Operating Income": -6,
        "EBIT": -6,
        "Net Income": -4
    },
    "2014-06-30": {
        "Diluted EPS": -0.13,
        "Total Revenue": 0,
        "Gross Profit": 0,
        "Operating Income": -6,
        "EBIT": -6,
        "Net Income": -7
    },
    "2014-03-31": {
        "Diluted EPS": -0.12,
        "Total Revenue": 0,
        "Gross Profit": 0,
        "Operating Income": -7,
        "EBIT": -7,
        "Net Income": -6
    },
    "2013-12-31": {
        "Diluted EPS": -0.15,
        "Total Revenue": 0,
        "Gross Profit": 0,
        "Operating Income": -7,
        "EBIT": -7,
        "Net Income": -8
    },
    "2013-09-30": {
        "Diluted EPS": -0.1,
        "Total Revenue": 2,
        "Gross Profit": 2,
        "Operating Income": -5,
        "EBIT": -5,
        "Net Income": -5
    },
    "2013-06-30": {
        "Diluted EPS": -0.14,
        "Total Revenue": 0,
        "Gross Profit": 0,
        "Operating Income": -7,
        "EBIT": -7,
        "Net Income": -7
    },
    "2013-03-31": {
        "Diluted EPS": -0.15,
        "Total Revenue": 0,
        "Gross Profit": 0,
        "Operating Income": -10,
        "EBIT": -10,
        "Net Income": -8
    },
    "2012-12-31": {
        "Diluted EPS": -0.15,
        "Total Revenue": 0,
        "Gross Profit": 0,
        "Operating Income": -11,
        "EBIT": -11,
        "Net Income": -7
    },
    "2012-09-30": {
        "Diluted EPS": -0.09,
        "Total Revenue": 0,
        "Gross Profit": 0,
        "Operating Income": -9,
        "EBIT": -9,
        "Net Income": -5
    },
    "2012-06-30": {
        "Diluted EPS": -0.2,
        "Total Revenue": 0,
        "Gross Profit": 0,
        "Operating Income": -12,
        "EBIT": -12,
        "Net Income": -10
    },
    "2012-03-31": {
        "Diluted EPS": -0.09,
        "Total Revenue": NaN,
        "Gross Profit": NaN,
        "Operating Income": -7,
        "EBIT": -7,
        "Net Income": -5
    },
    "2011-12-31": {
        "Diluted EPS": -0.12,
        "Total Revenue": 0,
        "Gross Profit": 0,
        "Operating Income": -7,
        "EBIT": -7,
        "Net Income": -6
    },
    "2011-09-30": {
        "Diluted EPS": 0.11,
        "Total Revenue": 0,
        "Gross Profit": 0,
        "Operating Income": -4,
        "EBIT": -4,
        "Net Income": 6
    },
    "2011-06-30": {
        "Diluted EPS": -0.2,
        "Total Revenue": 0,
        "Gross Profit": 0,
        "Operating Income": -4,
        "EBIT": -4,
        "Net Income": -10
    },
    "2011-03-31": {
        "Diluted EPS": -0.14,
        "Total Revenue": 0,
        "Gross Profit": 0,
        "Operating Income": -3,
        "EBIT": -3,
        "Net Income": -7
    },
    "2010-12-31": {
        "Diluted EPS": -0.06,
        "Total Revenue": 0,
        "Gross Profit": 0,
        "Operating Income": -4,
        "EBIT": -4,
        "Net Income": -3
    },
    "2010-09-30": {
        "Diluted EPS": -0.54,
        "Total Revenue": 0,
        "Gross Profit": 0,
        "Operating Income": -2,
        "EBIT": -2,
        "Net Income": -25
    },
    "2010-06-30": {
        "Diluted EPS": 1.67,
        "Total Revenue": 0,
        "Gross Profit": -59,
        "Operating Income": 115,
        "EBIT": 115,
        "Net Income": 79
    },
    "2010-03-31": {
        "Diluted EPS": -0.23,
        "Total Revenue": 0,
        "Gross Profit": 0,
        "Operating Income": -4,
        "EBIT": -4,
        "Net Income": -9
    },
    "2009-12-31": {
        "Diluted EPS": -0.06,
        "Total Revenue": 0,
        "Gross Profit": 0,
        "Operating Income": -3,
        "EBIT": -3,
        "Net Income": -3
    },
    "2009-09-30": {
        "Diluted EPS": -0.07,
        "Total Revenue": 0,
        "Gross Profit": 0,
        "Operating Income": -3,
        "EBIT": -3,
        "Net Income": -3
    },
    "2009-06-30": {
        "Diluted EPS": -0.11,
        "Total Revenue": 0,
        "Gross Profit": 0,
        "Operating Income": -4,
        "EBIT": -4,
        "Net Income": -4
    },
    "2009-03-31": {
        "Diluted EPS": -0.09,
        "Total Revenue": 0,
        "Gross Profit": 0,
        "Operating Income": -3,
        "EBIT": -3,
        "Net Income": -3
    },
    "2023-06-30": {
        "Tax Effect Of Unusual Items": 0.0,
        "Tax Rate For Calcs": 0.0,
        "Normalized EBITDA": -12117000.0,
        "Net Income From Continuing Operation Net Minority Interest": -11379000.0,
        "Reconciled Depreciation": 2000.0,
        "Reconciled Cost Of Revenue": 0.0,
        "EBITDA": -12117000.0,
        "EBIT": -12119000.0,
        "Net Interest Income": 740000.0,
        "Interest Income": 740000.0,
        "Normalized Income": -11379000.0,
        "Net Income From Continuing And Discontinued Operation": -11379000.0,
        "Total Expenses": 12121000.0,
        "Total Operating Income As Reported": -12119000.0,
        "Diluted Average Shares": 3573000.0,
        "Basic Average Shares": 3573000.0,
        "Diluted EPS": -3.18,
        "Basic EPS": -3.18,
        "Diluted NI Availto Com Stockholders": -11379000.0,
        "Net Income Common Stockholders": -11379000.0,
        "Net Income": -11379000.0,
        "Net Income Including Noncontrolling Interests": -11379000.0,
        "Net Income Continuous Operations": -11379000.0,
        "Tax Provision": 0.0,
        "Pretax Income": -11379000.0,
        "Net Non Operating Interest Income Expense": 740000.0,
        "Interest Income Non Operating": 740000.0,
        "Operating Income": -12119000.0,
        "Operating Expense": 12121000.0,
        "Research And Development": 4755000.0,
        "Selling General And Administration": 7366000.0,
        "Gross Profit": 2000.0,
        "Cost Of Revenue": 0.0,
        "Total Revenue": 2000.0,
        "Operating Revenue": 2000.0
    },
    "2023-09-30": {
        "Tax Effect Of Unusual Items": 0.0,
        "Tax Rate For Calcs": 0.0,
        "Normalized EBITDA": -5633000.0,
        "Net Income From Continuing Operation Net Minority Interest": -4918000.0,
        "Reconciled Depreciation": 2000.0,
        "Reconciled Cost Of Revenue": 0.0,
        "EBITDA": -5633000.0,
        "EBIT": -5635000.0,
        "Net Interest Income": 716000.0,
        "Interest Income": 716000.0,
        "Normalized Income": -4918000.0,
        "Net Income From Continuing And Discontinued Operation": -4918000.0,
        "Total Expenses": 5638000.0,
        "Total Operating Income As Reported": -5635000.0,
        "Diluted Average Shares": 3612000.0,
        "Basic Average Shares": 3612000.0,
        "Diluted EPS": -1.36,
        "Basic EPS": -1.36,
        "Diluted NI Availto Com Stockholders": -4918000.0,
        "Net Income Common Stockholders": -4918000.0,
        "Net Income": -4918000.0,
        "Net Income Including Noncontrolling Interests": -4918000.0,
        "Net Income Continuous Operations": -4918000.0,
        "Tax Provision": -1000.0,
        "Pretax Income": -4919000.0,
        "Net Non Operating Interest Income Expense": 716000.0,
        "Interest Income Non Operating": 716000.0,
        "Operating Income": -5635000.0,
        "Operating Expense": 5638000.0,
        "Research And Development": 1218000.0,
        "Selling General And Administration": 4420000.0,
        "Gross Profit": 3000.0,
        "Cost Of Revenue": 0.0,
        "Total Revenue": 3000.0,
        "Operating Revenue": 3000.0
    },
    "2023-12-31": {
        "Tax Effect Of Unusual Items": 0.0,
        "Tax Rate For Calcs": 0.0,
        "Normalized EBITDA": -7774000.0,
        "Net Income From Continuing Operation Net Minority Interest": -7107000.0,
        "Reconciled Depreciation": 4000.0,
        "Reconciled Cost Of Revenue": NaN,
        "EBITDA": -7774000.0,
        "EBIT": -7778000.0,
        "Net Interest Income": 671000.0,
        "Interest Income": 671000.0,
        "Normalized Income": -7107000.0,
        "Net Income From Continuing And Discontinued Operation": -7107000.0,
        "Total Expenses": 7778000.0,
        "Total Operating Income As Reported": -7778000.0,
        "Diluted Average Shares": NaN,
        "Basic Average Shares": NaN,
        "Diluted EPS": NaN,
        "Basic EPS": NaN,
        "Diluted NI Availto Com Stockholders": -7107000.0,
        "Net Income Common Stockholders": -7107000.0,
        "Net Income": -7107000.0,
        "Net Income Including Noncontrolling Interests": -7107000.0,
        "Net Income Continuous Operations": -7107000.0,
        "Tax Provision": 0.0,
        "Pretax Income": -7107000.0,
        "Net Non Operating Interest Income Expense": 671000.0,
        "Interest Income Non Operating": 671000.0,
        "Operating Income": -7778000.0,
        "Operating Expense": 7778000.0,
        "Research And Development": 2372000.0,
        "Selling General And Administration": 5406000.0,
        "Gross Profit": NaN,
        "Cost Of Revenue": NaN,
        "Total Revenue": 0.0,
        "Operating Revenue": 0.0
    },
    "2024-03-31": {
        "Tax Effect Of Unusual Items": 0.0,
        "Tax Rate For Calcs": 0.0,
        "Normalized EBITDA": -4921000.0,
        "Net Income From Continuing Operation Net Minority Interest": -4291000.0,
        "Reconciled Depreciation": 5000.0,
        "Reconciled Cost Of Revenue": NaN,
        "EBITDA": -4921000.0,
        "EBIT": -4926000.0,
        "Net Interest Income": 635000.0,
        "Interest Income": 635000.0,
        "Normalized Income": -4291000.0,
        "Net Income From Continuing And Discontinued Operation": -4291000.0,
        "Total Expenses": 4928000.0,
        "Total Operating Income As Reported": -4926000.0,
        "Diluted Average Shares": 3616000.0,
        "Basic Average Shares": 3616000.0,
        "Diluted EPS": -1.19,
        "Basic EPS": -1.19,
        "Diluted NI Availto Com Stockholders": -4291000.0,
        "Net Income Common Stockholders": -4291000.0,
        "Net Income": -4291000.0,
        "Net Income Including Noncontrolling Interests": -4291000.0,
        "Net Income Continuous Operations": -4291000.0,
        "Tax Provision": 0.0,
        "Pretax Income": -4291000.0,
        "Net Non Operating Interest Income Expense": 635000.0,
        "Interest Income Non Operating": 635000.0,
        "Operating Income": -4926000.0,
        "Operating Expense": 4928000.0,
        "Research And Development": 1268000.0,
        "Selling General And Administration": 3660000.0,
        "Gross Profit": NaN,
        "Cost Of Revenue": NaN,
        "Total Revenue": 2000.0,
        "Operating Revenue": 2000.0
    },
    "2024-06-30": {
        "Tax Effect Of Unusual Items": 0.0,
        "Tax Rate For Calcs": 0.21,
        "Normalized EBITDA": -4410000.0,
        "Net Income From Continuing Operation Net Minority Interest": -3830000.0,
        "Reconciled Depreciation": 5000.0,
        "Reconciled Cost Of Revenue": NaN,
        "EBITDA": -4410000.0,
        "EBIT": -4415000.0,
        "Net Interest Income": 588000.0,
        "Interest Income": 588000.0,
        "Normalized Income": -3830000.0,
        "Net Income From Continuing And Discontinued Operation": -3830000.0,
        "Total Expenses": 4416000.0,
        "Total Operating Income As Reported": -4415000.0,
        "Diluted Average Shares": 3593000.0,
        "Basic Average Shares": 3593000.0,
        "Diluted EPS": -1.07,
        "Basic EPS": -1.07,
        "Diluted NI Availto Com Stockholders": -3830000.0,
        "Net Income Common Stockholders": -3830000.0,
        "Net Income": -3830000.0,
        "Net Income Including Noncontrolling Interests": -3830000.0,
        "Net Income Continuous Operations": -3830000.0,
        "Tax Provision": 3000.0,
        "Pretax Income": -3827000.0,
        "Net Non Operating Interest Income Expense": 588000.0,
        "Interest Income Non Operating": 588000.0,
        "Operating Income": -4415000.0,
        "Operating Expense": 4416000.0,
        "Research And Development": 1223000.0,
        "Selling General And Administration": 3193000.0,
        "Gross Profit": NaN,
        "Cost Of Revenue": NaN,
        "Total Revenue": 1000.0,
        "Operating Revenue": 1000.0
    }
}