{
    "2023-03-31": {
        "Tax Effect Of Unusual Items": 0.0,
        "Tax Rate For Calcs": 0.0,
        "Normalized EBITDA": -1711455.0,
        "Total Unusual Items": -272195.0,
        "Total Unusual Items Excluding Goodwill": -272195.0,
        "Net Income From Continuing Operation Net Minority Interest": -2695148.0,
        "Reconciled Depreciation": 109206.0,
        "Reconciled Cost Of Revenue": 293299.0,
        "EBITDA": -1983650.0,
        "EBIT": -2092856.0,
        "Net Interest Income": -551948.0,
        "Interest Expense": 602292.0,
        "Interest Income": 50344.0,
        "Normalized Income": -2422953.0,
        "Net Income From Continuing And Discontinued Operation": -2695148.0,
        "Total Expenses": 2393772.0,
        "Total Operating Income As Reported": -1946005.0,
        "Diluted Average Shares": 46616.0,
        "Basic Average Shares": 46616.0,
        "Diluted EPS": -57.8,
        "Basic EPS": -57.8,
        "Diluted NI Availto Com Stockholders": -2695148.0,
        "Net Income Common Stockholders": -2695148.0,
        "Net Income": -2695148.0,
        "Minority Interests": 0.0,
        "Net Income Including Noncontrolling Interests": -2695148.0,
        "Net Income Continuous Operations": -2695148.0,
        "Pretax Income": -2695148.0,
        "Other Income Expense": -197195.0,
        "Other Non Operating Income Expenses": 75000.0,
        "Special Income Charges": -383987.0,
        "Other Special Charges": 383987.0,
        "Gain On Sale Of Security": 111792.0,
        "Net Non Operating Interest Income Expense": -551948.0,
        "Interest Expense Non Operating": 602292.0,
        "Interest Income Non Operating": 50344.0,
        "Operating Income": -1946005.0,
        "Operating Expense": 2100473.0,
        "Depreciation Amortization Depletion Income Statement": 109206.0,
        "Depreciation And Amortization In Income Statement": 109206.0,
        "Selling General And Administration": 1991267.0,
        "Selling And Marketing Expense": 234579.0,
        "General And Administrative Expense": 1756688.0,
        "Other Gand A": 1756688.0,
        "Gross Profit": 154468.0,
        "Cost Of Revenue": 293299.0,
        "Total Revenue": 447767.0,
        "Operating Revenue": 447767.0
    },
    "2022-12-31": {
        "Tax Effect Of Unusual Items": NaN,
        "Tax Rate For Calcs": NaN,
        "Normalized EBITDA": NaN,
        "Total Unusual Items": NaN,
        "Total Unusual Items Excluding Goodwill": NaN,
        "Net Income From Continuing Operation Net Minority Interest": NaN,
        "Reconciled Depreciation": NaN,
        "Reconciled Cost Of Revenue": NaN,
        "EBITDA": NaN,
        "EBIT": NaN,
        "Net Interest Income": NaN,
        "Interest Expense": NaN,
        "Interest Income": NaN,
        "Normalized Income": NaN,
        "Net Income From Continuing And Discontinued Operation": NaN,
        "Total Expenses": NaN,
        "Total Operating Income As Reported": NaN,
        "Diluted Average Shares": NaN,
        "Basic Average Shares": NaN,
        "Diluted EPS": NaN,
        "Basic EPS": NaN,
        "Diluted NI Availto Com Stockholders": NaN,
        "Net Income Common Stockholders": NaN,
        "Net Income": NaN,
        "Minority Interests": 0.0,
        "Net Income Including Noncontrolling Interests": NaN,
        "Net Income Continuous Operations": NaN,
        "Pretax Income": NaN,
        "Other Income Expense": NaN,
        "Other Non Operating Income Expenses": 75000.0,
        "Special Income Charges": NaN,
        "Other Special Charges": 0.0,
        "Gain On Sale Of Security": NaN,
        "Net Non Operating Interest Income Expense": NaN,
        "Interest Expense Non Operating": NaN,
        "Interest Income Non Operating": NaN,
        "Operating Income": NaN,
        "Operating Expense": NaN,
        "Depreciation Amortization Depletion Income Statement": NaN,
        "Depreciation And Amortization In Income Statement": NaN,
        "Selling General And Administration": NaN,
        "Selling And Marketing Expense": NaN,
        "General And Administrative Expense": NaN,
        "Other Gand A": NaN,
        "Gross Profit": NaN,
        "Cost Of Revenue": NaN,
        "Total Revenue": NaN,
        "Operating Revenue": NaN
    },
    "2022-09-30": {
        "Tax Effect Of Unusual Items": NaN,
        "Tax Rate For Calcs": NaN,
        "Normalized EBITDA": NaN,
        "Total Unusual Items": NaN,
        "Total Unusual Items Excluding Goodwill": NaN,
        "Net Income From Continuing Operation Net Minority Interest": NaN,
        "Reconciled Depreciation": NaN,
        "Reconciled Cost Of Revenue": NaN,
        "EBITDA": NaN,
        "EBIT": NaN,
        "Net Interest Income": NaN,
        "Interest Expense": NaN,
        "Interest Income": NaN,
        "Normalized Income": NaN,
        "Net Income From Continuing And Discontinued Operation": NaN,
        "Total Expenses": NaN,
        "Total Operating Income As Reported": NaN,
        "Diluted Average Shares": 21538.0,
        "Basic Average Shares": 21538.0,
        "Diluted EPS": -219.4,
        "Basic EPS": -219.4,
        "Diluted NI Availto Com Stockholders": NaN,
        "Net Income Common Stockholders": NaN,
        "Net Income": NaN,
        "Minority Interests": NaN,
        "Net Income Including Noncontrolling Interests": NaN,
        "Net Income Continuous Operations": NaN,
        "Pretax Income": NaN,
        "Other Income Expense": NaN,
        "Other Non Operating Income Expenses": NaN,
        "Special Income Charges": NaN,
        "Other Special Charges": 2965222.0,
        "Gain On Sale Of Security": NaN,
        "Net Non Operating Interest Income Expense": NaN,
        "Interest Expense Non Operating": NaN,
        "Interest Income Non Operating": NaN,
        "Operating Income": NaN,
        "Operating Expense": NaN,
        "Depreciation Amortization Depletion Income Statement": NaN,
        "Depreciation And Amortization In Income Statement": NaN,
        "Selling General And Administration": NaN,
        "Selling And Marketing Expense": NaN,
        "General And Administrative Expense": NaN,
        "Other Gand A": NaN,
        "Gross Profit": NaN,
        "Cost Of Revenue": NaN,
        "Total Revenue": NaN,
        "Operating Revenue": NaN
    },
    "2022-06-30": {
        "Tax Effect Of Unusual Items": 0.0,
        "Tax Rate For Calcs": 0.0,
        "Normalized EBITDA": -2513529.0,
        "Total Unusual Items": -2062114.0,
        "Total Unusual Items Excluding Goodwill": -2062114.0,
        "Net Income From Continuing Operation Net Minority Interest": -5292799.0,
        "Reconciled Depreciation": 49000.0,
        "Reconciled Cost Of Revenue": 533466.0,
        "EBITDA": -4575643.0,
        "EBIT": -4624643.0,
        "Net Interest Income": -668156.0,
        "Interest Expense": 668156.0,
        "Interest Income": NaN,
        "Normalized Income": -3230685.0,
        "Net Income From Continuing And Discontinued Operation": -5292799.0,
        "Total Expenses": 2844768.0,
        "Total Operating Income As Reported": -2439433.0,
        "Diluted Average Shares": 1103130.0,
        "Basic Average Shares": 1103130.0,
        "Diluted EPS": -4.8,
        "Basic EPS": -4.8,
        "Diluted NI Availto Com Stockholders": -5292799.0,
        "Net Income Common Stockholders": -5292799.0,
        "Net Income": -5292799.0,
        "Minority Interests": 0.0,
        "Net Income Including Noncontrolling Interests": -5292799.0,
        "Net Income Continuous Operations": -5292799.0,
        "Pretax Income": -5292799.0,
        "Other Income Expense": -2185210.0,
        "Other Non Operating Income Expenses": -123096.0,
        "Special Income Charges": -2105119.0,
        "Other Special Charges": 2105119.0,
        "Gain On Sale Of Security": 43005.0,
        "Net Non Operating Interest Income Expense": -668156.0,
        "Interest Expense Non Operating": 668156.0,
        "Interest Income Non Operating": NaN,
        "Operating Income": -2439433.0,
        "Operating Expense": 2311302.0,
        "Depreciation Amortization Depletion Income Statement": 49000.0,
        "Depreciation And Amortization In Income Statement": 49000.0,
        "Selling General And Administration": 2262302.0,
        "Selling And Marketing Expense": 333410.0,
        "General And Administrative Expense": 1928892.0,
        "Other Gand A": 1928892.0,
        "Gross Profit": -128131.0,
        "Cost Of Revenue": 533466.0,
        "Total Revenue": 405335.0,
        "Operating Revenue": 405335.0
    },
    "2022-03-31": {
        "Diluted EPS": -2.53,
        "Total Revenue": 0,
        "Gross Profit": 0,
        "Operating Income": -2,
        "EBIT": -1,
        "Net Income": -2
    },
    "2021-12-31": {
        "Diluted EPS": -0.55,
        "Total Revenue": 2,
        "Gross Profit": 1,
        "Operating Income": -1,
        "EBIT": 0,
        "Net Income": -1
    },
    "2021-09-30": {
        "Diluted EPS": 1.35,
        "Total Revenue": 3,
        "Gross Profit": 2,
        "Operating Income": 1,
        "EBIT": 1,
        "Net Income": 1
    },
    "2021-06-30": {
        "Diluted EPS": -1.92,
        "Total Revenue": 0,
        "Gross Profit": 0,
        "Operating Income": -1,
        "EBIT": -1,
        "Net Income": -1
    },
    "2021-03-31": {
        "Diluted EPS": -2.16,
        "Total Revenue": 0,
        "Gross Profit": 0,
        "Operating Income": -1,
        "EBIT": -1,
        "Net Income": -1
    },
    "2020-12-31": {
        "Diluted EPS": -5.52,
        "Total Revenue": 0,
        "Gross Profit": 0,
        "Operating Income": -2,
        "EBIT": -2,
        "Net Income": -2
    },
    "2020-09-30": {
        "Diluted EPS": -3.12,
        "Total Revenue": 0,
        "Gross Profit": 0,
        "Operating Income": -1,
        "EBIT": -1,
        "Net Income": -1
    },
    "2020-06-30": {
        "Diluted EPS": -4.92,
        "Total Revenue": 0,
        "Gross Profit": 0,
        "Operating Income": -1,
        "EBIT": -1,
        "Net Income": -2
    },
    "2020-03-31": {
        "Diluted EPS": -4.2,
        "Total Revenue": 0,
        "Gross Profit": 0,
        "Operating Income": -1,
        "EBIT": -1,
        "Net Income": -1
    },
    "2019-12-31": {
        "Diluted EPS": -23.17,
        "Total Revenue": 0,
        "Gross Profit": 0,
        "Operating Income": -2,
        "EBIT": -2,
        "Net Income": -2
    },
    "2019-09-30": {
        "Diluted EPS": -0.36,
        "Total Revenue": 0,
        "Gross Profit": 0,
        "Operating Income": -1,
        "EBIT": -1,
        "Net Income": -1
    },
    "2019-06-30": {
        "Diluted EPS": -0.48,
        "Total Revenue": 0,
        "Gross Profit": 0,
        "Operating Income": -2,
        "EBIT": -2,
        "Net Income": -2
    },
    "2019-03-31": {
        "Diluted EPS": -0.36,
        "Total Revenue": 0,
        "Gross Profit": 0,
        "Operating Income": -1,
        "EBIT": -1,
        "Net Income": -2
    },
    "2018-12-31": {
        "Diluted EPS": -0.12,
        "Total Revenue": 1,
        "Gross Profit": 1,
        "Operating Income": 0,
        "EBIT": 0,
        "Net Income": -1
    },
    "2018-09-30": {
        "Diluted EPS": -0.36,
        "Total Revenue": 0,
        "Gross Profit": 0,
        "Operating Income": -1,
        "EBIT": -1,
        "Net Income": -2
    },
    "2018-06-30": {
        "Diluted EPS": -0.72,
        "Total Revenue": 0,
        "Gross Profit": 0,
        "Operating Income": -2,
        "EBIT": -2,
        "Net Income": -3
    },
    "2018-03-31": {
        "Diluted EPS": -0.48,
        "Total Revenue": 1,
        "Gross Profit": 1,
        "Operating Income": -1,
        "EBIT": -1,
        "Net Income": -2
    },
    "2017-12-31": {
        "Diluted EPS": -0.84,
        "Total Revenue": 1,
        "Gross Profit": 0,
        "Operating Income": -2,
        "EBIT": -2,
        "Net Income": -2
    },
    "2017-09-30": {
        "Diluted EPS": -0.48,
        "Total Revenue": 0,
        "Gross Profit": 0,
        "Operating Income": -2,
        "EBIT": -2,
        "Net Income": -2
    },
    "2017-06-30": {
        "Diluted EPS": -0.48,
        "Total Revenue": 0,
        "Gross Profit": 0,
        "Operating Income": -2,
        "EBIT": -2,
        "Net Income": -2
    },
    "2017-03-31": {
        "Diluted EPS": -0.48,
        "Total Revenue": 1,
        "Gross Profit": 0,
        "Operating Income": -2,
        "EBIT": -2,
        "Net Income": -2
    },
    "2016-12-31": {
        "Diluted EPS": -0.72,
        "Total Revenue": 1,
        "Gross Profit": 0,
        "Operating Income": -1,
        "EBIT": -1,
        "Net Income": -3
    },
    "2016-09-30": {
        "Diluted EPS": -0.6,
        "Total Revenue": 0,
        "Gross Profit": 0,
        "Operating Income": -2,
        "EBIT": -2,
        "Net Income": -2
    },
    "2016-06-30": {
        "Diluted EPS": -0.96,
        "Total Revenue": 0,
        "Gross Profit": 0,
        "Operating Income": -2,
        "EBIT": -2,
        "Net Income": -3
    },
    "2016-03-31": {
        "Diluted EPS": -0.6,
        "Total Revenue": 0,
        "Gross Profit": 0,
        "Operating Income": -2,
        "EBIT": -2,
        "Net Income": -2
    },
    "2015-12-31": {
        "Diluted EPS": -0.48,
        "Total Revenue": 0,
        "Gross Profit": 0,
        "Operating Income": 0,
        "EBIT": 0,
        "Net Income": -2
    },
    "2015-09-30": {
        "Diluted EPS": -0.48,
        "Total Revenue": 1,
        "Gross Profit": 0,
        "Operating Income": -2,
        "EBIT": -2,
        "Net Income": -2
    },
    "2015-06-30": {
        "Diluted EPS": -0.96,
        "Total Revenue": 0,
        "Gross Profit": 0,
        "Operating Income": -3,
        "EBIT": -3,
        "Net Income": -3
    },
    "2015-03-31": {
        "Diluted EPS": -0.72,
        "Total Revenue": 1,
        "Gross Profit": 0,
        "Operating Income": -2,
        "EBIT": -2,
        "Net Income": -2
    },
    "2014-12-31": {
        "Diluted EPS": -0.72,
        "Total Revenue": 1,
        "Gross Profit": 0,
        "Operating Income": -2,
        "EBIT": -2,
        "Net Income": -2
    },
    "2014-09-30": {
        "Diluted EPS": -0.72,
        "Total Revenue": 1,
        "Gross Profit": 0,
        "Operating Income": -2,
        "EBIT": -2,
        "Net Income": -2
    },
    "2014-06-30": {
        "Diluted EPS": -1.44,
        "Total Revenue": 0,
        "Gross Profit": 0,
        "Operating Income": -3,
        "EBIT": -3,
        "Net Income": -3
    },
    "2014-03-31": {
        "Diluted EPS": -1.2,
        "Total Revenue": 1,
        "Gross Profit": 0,
        "Operating Income": -2,
        "EBIT": -2,
        "Net Income": -2
    },
    "2013-12-31": {
        "Diluted EPS": 0.0,
        "Total Revenue": NaN,
        "Gross Profit": NaN,
        "Operating Income": NaN,
        "EBIT": NaN,
        "Net Income": NaN
    },
    "2013-09-30": {
        "Diluted EPS": -0.84,
        "Total Revenue": 1,
        "Gross Profit": 0,
        "Operating Income": -1,
        "EBIT": -1,
        "Net Income": -2
    },
    "2013-06-30": {
        "Diluted EPS": -2.04,
        "Total Revenue": 1,
        "Gross Profit": 0,
        "Operating Income": -4,
        "EBIT": -4,
        "Net Income": -4
    },
    "2023-06-30": {
        "Tax Effect Of Unusual Items": 0.0,
        "Tax Rate For Calcs": 0.0,
        "Normalized EBITDA": -1741931.0,
        "Total Unusual Items": -2070295.0,
        "Total Unusual Items Excluding Goodwill": -2070295.0,
        "Net Income From Continuing Operation Net Minority Interest": -4982127.0,
        "Reconciled Depreciation": 104281.0,
        "Reconciled Cost Of Revenue": 668619.0,
        "EBITDA": -3812226.0,
        "EBIT": -3916507.0,
        "Net Interest Income": -1001245.0,
        "Interest Expense": 1065620.0,
        "Interest Income": 64375.0,
        "Normalized Income": -2911832.0,
        "Net Income From Continuing And Discontinued Operation": -4982127.0,
        "Total Expenses": 2696562.0,
        "Total Operating Income As Reported": -1985587.0,
        "Diluted Average Shares": 62367.0,
        "Basic Average Shares": 62367.0,
        "Diluted EPS": -80.0,
        "Basic EPS": -80.0,
        "Diluted NI Availto Com Stockholders": -4982127.0,
        "Net Income Common Stockholders": -4982127.0,
        "Net Income": -4982127.0,
        "Minority Interests": 0.0,
        "Net Income Including Noncontrolling Interests": -4982127.0,
        "Net Income Continuous Operations": -4982127.0,
        "Pretax Income": -4982127.0,
        "Other Income Expense": -1995295.0,
        "Other Non Operating Income Expenses": 75000.0,
        "Special Income Charges": -32094.0,
        "Other Special Charges": 32094.0,
        "Gain On Sale Of Security": -2038201.0,
        "Net Non Operating Interest Income Expense": -1001245.0,
        "Interest Expense Non Operating": 1065620.0,
        "Interest Income Non Operating": 64375.0,
        "Operating Income": -1985587.0,
        "Operating Expense": 2027943.0,
        "Depreciation Amortization Depletion Income Statement": 104281.0,
        "Depreciation And Amortization In Income Statement": 104281.0,
        "Selling General And Administration": 1923662.0,
        "Selling And Marketing Expense": 213157.0,
        "General And Administrative Expense": 1710505.0,
        "Other Gand A": 1710505.0,
        "Gross Profit": 42356.0,
        "Cost Of Revenue": 668619.0,
        "Total Revenue": 710975.0,
        "Operating Revenue": 710975.0
    },
    "2023-09-30": {
        "Tax Effect Of Unusual Items": 0.0,
        "Tax Rate For Calcs": 0.0,
        "Normalized EBITDA": -1054779.0,
        "Total Unusual Items": 36766.0,
        "Total Unusual Items Excluding Goodwill": 36766.0,
        "Net Income From Continuing Operation Net Minority Interest": -2298575.0,
        "Reconciled Depreciation": 123946.0,
        "Reconciled Cost Of Revenue": 311478.0,
        "EBITDA": -1018013.0,
        "EBIT": -1141959.0,
        "Net Interest Income": -1103806.0,
        "Interest Expense": 1156616.0,
        "Interest Income": 52810.0,
        "Normalized Income": -2335341.0,
        "Net Income From Continuing And Discontinued Operation": -2298575.0,
        "Total Expenses": 1907761.0,
        "Total Operating Income As Reported": -1443757.0,
        "Diluted Average Shares": 75703.0,
        "Basic Average Shares": 75703.0,
        "Diluted EPS": -30.4,
        "Basic EPS": -30.4,
        "Diluted NI Availto Com Stockholders": -2298575.0,
        "Net Income Common Stockholders": -2298575.0,
        "Net Income": -2298575.0,
        "Minority Interests": 0.0,
        "Net Income Including Noncontrolling Interests": -2298575.0,
        "Net Income Continuous Operations": -2298575.0,
        "Pretax Income": -2298575.0,
        "Other Income Expense": 248988.0,
        "Other Non Operating Income Expenses": 212222.0,
        "Special Income Charges": 0.0,
        "Other Special Charges": NaN,
        "Gain On Sale Of Security": 36766.0,
        "Net Non Operating Interest Income Expense": -1103806.0,
        "Interest Expense Non Operating": 1156616.0,
        "Interest Income Non Operating": 52810.0,
        "Operating Income": -1443757.0,
        "Operating Expense": 1586707.0,
        "Depreciation Amortization Depletion Income Statement": 114370.0,
        "Depreciation And Amortization In Income Statement": 114370.0,
        "Selling General And Administration": 1472337.0,
        "Selling And Marketing Expense": 204938.0,
        "General And Administrative Expense": 1267399.0,
        "Other Gand A": 1267399.0,
        "Gross Profit": 142950.0,
        "Cost Of Revenue": 321054.0,
        "Total Revenue": 464004.0,
        "Operating Revenue": 464004.0
    },
    "2023-12-31": {
        "Tax Effect Of Unusual Items": 0.0,
        "Tax Rate For Calcs": 0.0,
        "Normalized EBITDA": -5433526.0,
        "Total Unusual Items": -10557.0,
        "Total Unusual Items Excluding Goodwill": -10557.0,
        "Net Income From Continuing Operation Net Minority Interest": -6222160.0,
        "Reconciled Depreciation": 114492.0,
        "Reconciled Cost Of Revenue": 293806.0,
        "EBITDA": -5444083.0,
        "EBIT": -5558575.0,
        "Net Interest Income": -759136.0,
        "Interest Expense": 663585.0,
        "Interest Income": -95551.0,
        "Normalized Income": -6211603.0,
        "Net Income From Continuing And Discontinued Operation": -6222160.0,
        "Total Expenses": 5980735.0,
        "Total Operating Income As Reported": -5452467.0,
        "Diluted Average Shares": NaN,
        "Basic Average Shares": NaN,
        "Diluted EPS": NaN,
        "Basic EPS": NaN,
        "Diluted NI Availto Com Stockholders": -6222160.0,
        "Net Income Common Stockholders": -6222160.0,
        "Net Income": -6222160.0,
        "Minority Interests": 0.0,
        "Net Income Including Noncontrolling Interests": -6222160.0,
        "Net Income Continuous Operations": -6222160.0,
        "Pretax Income": -6222160.0,
        "Other Income Expense": -10557.0,
        "Other Non Operating Income Expenses": 0.0,
        "Special Income Charges": 0.0,
        "Other Special Charges": 0.0,
        "Gain On Sale Of Security": -10557.0,
        "Net Non Operating Interest Income Expense": -759136.0,
        "Interest Expense Non Operating": 663585.0,
        "Interest Income Non Operating": -95551.0,
        "Operating Income": -5452467.0,
        "Operating Expense": 5647644.0,
        "Depreciation Amortization Depletion Income Statement": 75207.0,
        "Depreciation And Amortization In Income Statement": 75207.0,
        "Selling General And Administration": 5572437.0,
        "Selling And Marketing Expense": 307927.0,
        "General And Administrative Expense": 5264510.0,
        "Other Gand A": 5264510.0,
        "Gross Profit": 195177.0,
        "Cost Of Revenue": 333091.0,
        "Total Revenue": 528268.0,
        "Operating Revenue": 528268.0
    },
    "2024-03-31": {
        "Tax Effect Of Unusual Items": 0.0,
        "Tax Rate For Calcs": 0.0,
        "Normalized EBITDA": -2120396.0,
        "Total Unusual Items": -70607.0,
        "Total Unusual Items Excluding Goodwill": -70607.0,
        "Net Income From Continuing Operation Net Minority Interest": -2733646.0,
        "Reconciled Depreciation": 115453.0,
        "Reconciled Cost Of Revenue": 362535.0,
        "EBITDA": -2191003.0,
        "EBIT": -2306456.0,
        "Net Interest Income": -411790.0,
        "Interest Expense": 427190.0,
        "Interest Income": 15400.0,
        "Normalized Income": -2663039.0,
        "Net Income From Continuing And Discontinued Operation": -2733646.0,
        "Total Expenses": 2838627.0,
        "Total Operating Income As Reported": -2251249.0,
        "Diluted Average Shares": 61220.0,
        "Basic Average Shares": 61220.0,
        "Diluted EPS": -44.7,
        "Basic EPS": -44.7,
        "Diluted NI Availto Com Stockholders": -2733646.0,
        "Net Income Common Stockholders": -2733646.0,
        "Net Income": -2733646.0,
        "Minority Interests": NaN,
        "Net Income Including Noncontrolling Interests": -2733646.0,
        "Net Income Continuous Operations": -2733646.0,
        "Pretax Income": -2733646.0,
        "Other Income Expense": -70607.0,
        "Other Non Operating Income Expenses": NaN,
        "Special Income Charges": 0.0,
        "Other Special Charges": NaN,
        "Gain On Sale Of Security": -70607.0,
        "Net Non Operating Interest Income Expense": -411790.0,
        "Interest Expense Non Operating": 427190.0,
        "Interest Income Non Operating": 15400.0,
        "Operating Income": -2251249.0,
        "Operating Expense": 2470978.0,
        "Depreciation Amortization Depletion Income Statement": 110339.0,
        "Depreciation And Amortization In Income Statement": 110339.0,
        "Selling General And Administration": 2360639.0,
        "Selling And Marketing Expense": 96037.0,
        "General And Administrative Expense": 2264602.0,
        "Other Gand A": 2264602.0,
        "Gross Profit": 219729.0,
        "Cost Of Revenue": 367649.0,
        "Total Revenue": 587378.0,
        "Operating Revenue": 587378.0
    }
}