{
    "2023-03-31": {
        "Tax Effect Of Unusual Items": 5896979.346473,
        "Tax Rate For Calcs": 0.174503,
        "Normalized EBITDA": 2207657000.0,
        "Total Unusual Items": 33793000.0,
        "Total Unusual Items Excluding Goodwill": 33793000.0,
        "Net Income From Continuing Operation Net Minority Interest": 1858731000.0,
        "Reconciled Cost Of Revenue": 21631820000.0,
        "EBITDA": 2241450000.0,
        "EBIT": 2241450000.0,
        "Net Interest Income": 216259000.0,
        "Interest Expense": 5706000.0,
        "Interest Income": 221965000.0,
        "Normalized Income": 1830834979.346473,
        "Net Income From Continuing And Discontinued Operation": 1858731000.0,
        "Total Expenses": 25550691000.0,
        "Total Operating Income As Reported": 1985692000.0,
        "Diluted Average Shares": 588062755.0,
        "Basic Average Shares": 579654060.0,
        "Diluted EPS": 3.16,
        "Basic EPS": 3.206,
        "Diluted NI Availto Com Stockholders": 1858731000.0,
        "Net Income Common Stockholders": 1858731000.0,
        "Net Income": 1858731000.0,
        "Minority Interests": -18676000.0,
        "Net Income Including Noncontrolling Interests": 1877407000.0,
        "Net Income Continuous Operations": 1877407000.0,
        "Earnings From Equity Interest Net Of Tax": 31807000.0,
        "Tax Provision": 390144000.0,
        "Pretax Income": 2235744000.0,
        "Other Income Expense": 33793000.0,
        "Special Income Charges": NaN,
        "Write Off": NaN,
        "Gain On Sale Of Security": 33793000.0,
        "Net Non Operating Interest Income Expense": 216259000.0,
        "Interest Expense Non Operating": 5706000.0,
        "Interest Income Non Operating": 221965000.0,
        "Operating Income": 1985692000.0,
        "Operating Expense": 3918871000.0,
        "Other Operating Expenses": 2034305000.0,
        "Selling General And Administration": 1884566000.0,
        "Selling And Marketing Expense": 836894000.0,
        "General And Administrative Expense": 1047672000.0,
        "Other Gand A": 1047672000.0,
        "Gross Profit": 5904563000.0,
        "Cost Of Revenue": 21631820000.0,
        "Total Revenue": 27536383000.0,
        "Operating Revenue": 25937830000.0
    },
    "2022-12-31": {
        "Tax Effect Of Unusual Items": NaN,
        "Tax Rate For Calcs": NaN,
        "Normalized EBITDA": NaN,
        "Total Unusual Items": NaN,
        "Total Unusual Items Excluding Goodwill": NaN,
        "Net Income From Continuing Operation Net Minority Interest": NaN,
        "Reconciled Cost Of Revenue": NaN,
        "EBITDA": NaN,
        "EBIT": NaN,
        "Net Interest Income": NaN,
        "Interest Expense": NaN,
        "Interest Income": NaN,
        "Normalized Income": NaN,
        "Net Income From Continuing And Discontinued Operation": NaN,
        "Total Expenses": NaN,
        "Total Operating Income As Reported": NaN,
        "Diluted Average Shares": NaN,
        "Basic Average Shares": NaN,
        "Diluted EPS": NaN,
        "Basic EPS": NaN,
        "Diluted NI Availto Com Stockholders": NaN,
        "Net Income Common Stockholders": NaN,
        "Net Income": NaN,
        "Minority Interests": NaN,
        "Net Income Including Noncontrolling Interests": NaN,
        "Net Income Continuous Operations": NaN,
        "Earnings From Equity Interest Net Of Tax": NaN,
        "Tax Provision": NaN,
        "Pretax Income": NaN,
        "Other Income Expense": NaN,
        "Special Income Charges": 168302000.0,
        "Write Off": 34347000.0,
        "Gain On Sale Of Security": NaN,
        "Net Non Operating Interest Income Expense": NaN,
        "Interest Expense Non Operating": NaN,
        "Interest Income Non Operating": NaN,
        "Operating Income": NaN,
        "Operating Expense": NaN,
        "Other Operating Expenses": NaN,
        "Selling General And Administration": NaN,
        "Selling And Marketing Expense": NaN,
        "General And Administrative Expense": NaN,
        "Other Gand A": NaN,
        "Gross Profit": NaN,
        "Cost Of Revenue": NaN,
        "Total Revenue": NaN,
        "Operating Revenue": NaN
    },
    "2022-09-30": {
        "Tax Effect Of Unusual Items": NaN,
        "Tax Rate For Calcs": NaN,
        "Normalized EBITDA": NaN,
        "Total Unusual Items": NaN,
        "Total Unusual Items Excluding Goodwill": NaN,
        "Net Income From Continuing Operation Net Minority Interest": NaN,
        "Reconciled Cost Of Revenue": NaN,
        "EBITDA": NaN,
        "EBIT": NaN,
        "Net Interest Income": NaN,
        "Interest Expense": NaN,
        "Interest Income": NaN,
        "Normalized Income": NaN,
        "Net Income From Continuing And Discontinued Operation": NaN,
        "Total Expenses": NaN,
        "Total Operating Income As Reported": NaN,
        "Diluted Average Shares": NaN,
        "Basic Average Shares": NaN,
        "Diluted EPS": NaN,
        "Basic EPS": NaN,
        "Diluted NI Availto Com Stockholders": NaN,
        "Net Income Common Stockholders": NaN,
        "Net Income": NaN,
        "Minority Interests": NaN,
        "Net Income Including Noncontrolling Interests": NaN,
        "Net Income Continuous Operations": NaN,
        "Earnings From Equity Interest Net Of Tax": NaN,
        "Tax Provision": NaN,
        "Pretax Income": NaN,
        "Other Income Expense": NaN,
        "Special Income Charges": -9557000.0,
        "Write Off": 9557000.0,
        "Gain On Sale Of Security": NaN,
        "Net Non Operating Interest Income Expense": NaN,
        "Interest Expense Non Operating": NaN,
        "Interest Income Non Operating": NaN,
        "Operating Income": NaN,
        "Operating Expense": NaN,
        "Other Operating Expenses": NaN,
        "Selling General And Administration": NaN,
        "Selling And Marketing Expense": NaN,
        "General And Administrative Expense": NaN,
        "Other Gand A": NaN,
        "Gross Profit": NaN,
        "Cost Of Revenue": NaN,
        "Total Revenue": NaN,
        "Operating Revenue": NaN
    },
    "2022-06-30": {
        "Tax Effect Of Unusual Items": 29447504.62547,
        "Tax Rate For Calcs": 0.184099,
        "Normalized EBITDA": 1458267000.0,
        "Total Unusual Items": 159955000.0,
        "Total Unusual Items Excluding Goodwill": 159955000.0,
        "Net Income From Continuing Operation Net Minority Interest": 1282890000.0,
        "Reconciled Cost Of Revenue": 19510909000.0,
        "EBITDA": 1618222000.0,
        "EBIT": 1618222000.0,
        "Net Interest Income": 183488000.0,
        "Interest Expense": 6494000.0,
        "Interest Income": 189982000.0,
        "Normalized Income": 1152382504.62547,
        "Net Income From Continuing And Discontinued Operation": 1282890000.0,
        "Total Expenses": 23266969000.0,
        "Total Operating Income As Reported": 1268285000.0,
        "Diluted Average Shares": 649671995.0,
        "Basic Average Shares": 645749705.0,
        "Diluted EPS": 1.974,
        "Basic EPS": 1.986,
        "Diluted NI Availto Com Stockholders": 1282890000.0,
        "Net Income Common Stockholders": 1282890000.0,
        "Net Income": 1282890000.0,
        "Minority Interests": -4236000.0,
        "Net Income Including Noncontrolling Interests": 1287126000.0,
        "Net Income Continuous Operations": 1287126000.0,
        "Earnings From Equity Interest Net Of Tax": -27885000.0,
        "Tax Provision": 296717000.0,
        "Pretax Income": 1611728000.0,
        "Other Income Expense": 159955000.0,
        "Special Income Charges": -50000000.0,
        "Write Off": 50000000.0,
        "Gain On Sale Of Security": 209955000.0,
        "Net Non Operating Interest Income Expense": 183488000.0,
        "Interest Expense Non Operating": 6494000.0,
        "Interest Income Non Operating": 189982000.0,
        "Operating Income": 1268285000.0,
        "Operating Expense": 3756060000.0,
        "Other Operating Expenses": -182444000.0,
        "Selling General And Administration": 3938504000.0,
        "Selling And Marketing Expense": 555570000.0,
        "General And Administrative Expense": 3382934000.0,
        "Other Gand A": 3382934000.0,
        "Gross Profit": 5024345000.0,
        "Cost Of Revenue": 19510909000.0,
        "Total Revenue": 24535254000.0,
        "Operating Revenue": 23160136000.0
    },
    "2022-03-31": {
        "Diluted EPS": 0.25,
        "Total Revenue": NaN,
        "Gross Profit": 790,
        "Operating Income": 202,
        "EBIT": 202,
        "Net Income": 173
    },
    "2021-12-31": {
        "Diluted EPS": 0.35,
        "Total Revenue": NaN,
        "Gross Profit": NaN,
        "Operating Income": 298,
        "EBIT": 298,
        "Net Income": 232
    },
    "2021-09-30": {
        "Diluted EPS": 0.14,
        "Total Revenue": NaN,
        "Gross Profit": 751,
        "Operating Income": 120,
        "EBIT": 120,
        "Net Income": 98
    },
    "2021-06-30": {
        "Diluted EPS": 0.24,
        "Total Revenue": NaN,
        "Gross Profit": 923,
        "Operating Income": 228,
        "EBIT": 228,
        "Net Income": 169
    },
    "2021-03-31": {
        "Diluted EPS": 0.33,
        "Total Revenue": NaN,
        "Gross Profit": 854,
        "Operating Income": 231,
        "EBIT": 231,
        "Net Income": 236
    },
    "2020-12-31": {
        "Diluted EPS": 0.58,
        "Total Revenue": NaN,
        "Gross Profit": NaN,
        "Operating Income": 428,
        "EBIT": 428,
        "Net Income": 408
    },
    "2020-09-30": {
        "Diluted EPS": 0.27,
        "Total Revenue": NaN,
        "Gross Profit": 719,
        "Operating Income": 184,
        "EBIT": 184,
        "Net Income": 183
    },
    "2020-06-30": {
        "Diluted EPS": 0.32,
        "Total Revenue": NaN,
        "Gross Profit": 699,
        "Operating Income": 176,
        "EBIT": 176,
        "Net Income": 218
    },
    "2020-03-31": {
        "Diluted EPS": 0.14,
        "Total Revenue": NaN,
        "Gross Profit": 511,
        "Operating Income": 110,
        "EBIT": 110,
        "Net Income": 97
    },
    "2019-12-31": {
        "Diluted EPS": 0.3,
        "Total Revenue": NaN,
        "Gross Profit": 988,
        "Operating Income": 253,
        "EBIT": 253,
        "Net Income": 206
    },
    "2019-09-30": {
        "Diluted EPS": 0.18,
        "Total Revenue": NaN,
        "Gross Profit": 592,
        "Operating Income": 164,
        "EBIT": 164,
        "Net Income": 122
    },
    "2019-06-30": {
        "Diluted EPS": 0.18,
        "Total Revenue": NaN,
        "Gross Profit": 741,
        "Operating Income": 141,
        "EBIT": 141,
        "Net Income": 119
    },
    "2019-03-31": {
        "Diluted EPS": 0.19,
        "Total Revenue": NaN,
        "Gross Profit": 649,
        "Operating Income": 129,
        "EBIT": 129,
        "Net Income": 130
    },
    "2018-12-31": {
        "Diluted EPS": 0.13,
        "Total Revenue": NaN,
        "Gross Profit": 704,
        "Operating Income": 134,
        "EBIT": 134,
        "Net Income": 89
    },
    "2018-09-30": {
        "Diluted EPS": 0.05,
        "Total Revenue": NaN,
        "Gross Profit": 529,
        "Operating Income": 52,
        "EBIT": 52,
        "Net Income": 33
    },
    "2018-06-30": {
        "Diluted EPS": 0.15,
        "Total Revenue": NaN,
        "Gross Profit": 611,
        "Operating Income": 60,
        "EBIT": 60,
        "Net Income": 103
    },
    "2018-03-31": {
        "Diluted EPS": 0.12,
        "Total Revenue": NaN,
        "Gross Profit": 639,
        "Operating Income": 106,
        "EBIT": 106,
        "Net Income": 84
    },
    "2017-12-31": {
        "Diluted EPS": 0.19,
        "Total Revenue": NaN,
        "Gross Profit": 872,
        "Operating Income": 147,
        "EBIT": 147,
        "Net Income": 112
    },
    "2017-09-30": {
        "Diluted EPS": 0.08,
        "Total Revenue": NaN,
        "Gross Profit": 526,
        "Operating Income": 67,
        "EBIT": 67,
        "Net Income": 51
    },
    "2017-06-30": {
        "Diluted EPS": 0.09,
        "Total Revenue": NaN,
        "Gross Profit": 569,
        "Operating Income": 92,
        "EBIT": 92,
        "Net Income": 57
    },
    "2017-03-31": {
        "Diluted EPS": 0.13,
        "Total Revenue": NaN,
        "Gross Profit": 537,
        "Operating Income": 107,
        "EBIT": 107,
        "Net Income": 80
    },
    "2016-12-31": {
        "Diluted EPS": 0.17,
        "Total Revenue": NaN,
        "Gross Profit": 572,
        "Operating Income": 121,
        "EBIT": 121,
        "Net Income": 100
    },
    "2016-09-30": {
        "Diluted EPS": 0.09,
        "Total Revenue": NaN,
        "Gross Profit": 440,
        "Operating Income": 79,
        "EBIT": 79,
        "Net Income": 51
    },
    "2016-06-30": {
        "Diluted EPS": 0.11,
        "Total Revenue": NaN,
        "Gross Profit": 488,
        "Operating Income": 97,
        "EBIT": 97,
        "Net Income": 68
    },
    "2016-03-31": {
        "Diluted EPS": 0.12,
        "Total Revenue": NaN,
        "Gross Profit": 458,
        "Operating Income": 92,
        "EBIT": 92,
        "Net Income": 74
    },
    "2015-12-31": {
        "Diluted EPS": 0.12,
        "Total Revenue": NaN,
        "Gross Profit": 628,
        "Operating Income": 286,
        "EBIT": 286,
        "Net Income": 78
    },
    "2015-09-30": {
        "Diluted EPS": 0.08,
        "Total Revenue": NaN,
        "Gross Profit": 339,
        "Operating Income": 56,
        "EBIT": 56,
        "Net Income": 50
    },
    "2015-06-30": {
        "Diluted EPS": 0.11,
        "Total Revenue": NaN,
        "Gross Profit": 363,
        "Operating Income": 64,
        "EBIT": 64,
        "Net Income": 64
    },
    "2015-03-31": {
        "Diluted EPS": 0.1,
        "Total Revenue": NaN,
        "Gross Profit": 345,
        "Operating Income": 61,
        "EBIT": 61,
        "Net Income": 59
    },
    "2014-12-31": {
        "Diluted EPS": 0.09,
        "Total Revenue": NaN,
        "Gross Profit": 338,
        "Operating Income": 51,
        "EBIT": 51,
        "Net Income": 57
    },
    "2014-09-30": {
        "Diluted EPS": 0.05,
        "Total Revenue": 883,
        "Gross Profit": 220,
        "Operating Income": 14,
        "EBIT": 14,
        "Net Income": 28
    },
    "2014-06-30": {
        "Diluted EPS": 0.04,
        "Total Revenue": 829,
        "Gross Profit": 206,
        "Operating Income": 19,
        "EBIT": 19,
        "Net Income": 26
    },
    "2014-03-31": {
        "Diluted EPS": 0.05,
        "Total Revenue": 702,
        "Gross Profit": 175,
        "Operating Income": 27,
        "EBIT": 27,
        "Net Income": 27
    },
    "2013-12-31": {
        "Diluted EPS": 0.04,
        "Total Revenue": 651,
        "Gross Profit": 159,
        "Operating Income": 26,
        "EBIT": 26,
        "Net Income": 25
    },
    "2013-09-30": {
        "Diluted EPS": 0.02,
        "Total Revenue": 384,
        "Gross Profit": 93,
        "Operating Income": 10,
        "EBIT": 10,
        "Net Income": 12
    },
    "2013-06-30": {
        "Diluted EPS": 0.02,
        "Total Revenue": 351,
        "Gross Profit": 83,
        "Operating Income": 5,
        "EBIT": 5,
        "Net Income": 9
    },
    "2013-03-31": {
        "Diluted EPS": 0.01,
        "Total Revenue": 311,
        "Gross Profit": 73,
        "Operating Income": 4,
        "EBIT": 4,
        "Net Income": 6
    },
    "2012-12-31": {
        "Diluted EPS": 0.01,
        "Total Revenue": 300,
        "Gross Profit": 69,
        "Operating Income": 3,
        "EBIT": 3,
        "Net Income": 6
    },
    "2012-09-30": {
        "Diluted EPS": -0.0,
        "Total Revenue": 156,
        "Gross Profit": 35,
        "Operating Income": -3,
        "EBIT": -3,
        "Net Income": -1
    },
    "2012-06-30": {
        "Diluted EPS": -0.01,
        "Total Revenue": 135,
        "Gross Profit": 30,
        "Operating Income": -5,
        "EBIT": -5,
        "Net Income": -6
    },
    "2012-03-31": {
        "Diluted EPS": -0.03,
        "Total Revenue": 101,
        "Gross Profit": 21,
        "Operating Income": -9,
        "EBIT": -9,
        "Net Income": -9
    },
    "2011-12-31": {
        "Diluted EPS": 0.0,
        "Total Revenue": NaN,
        "Gross Profit": NaN,
        "Operating Income": NaN,
        "EBIT": NaN,
        "Net Income": NaN
    },
    "2011-09-30": {
        "Diluted EPS": -0.08,
        "Total Revenue": 53,
        "Gross Profit": 53,
        "Operating Income": 53,
        "EBIT": 53,
        "Net Income": -18
    },
    "2023-06-30": {
        "Tax Effect Of Unusual Items": 42779538.199997,
        "Tax Rate For Calcs": 0.14124,
        "Normalized EBITDA": 2099667000.0,
        "Total Unusual Items": 302885000.0,
        "Total Unusual Items Excluding Goodwill": 302885000.0,
        "Net Income From Continuing Operation Net Minority Interest": 2097454000.0,
        "Reconciled Cost Of Revenue": 21677355000.0,
        "EBITDA": 2402552000.0,
        "EBIT": 2402552000.0,
        "Net Interest Income": 181179000.0,
        "Interest Expense": 1989000.0,
        "Interest Income": 183168000.0,
        "Normalized Income": 1837348538.199997,
        "Net Income From Continuing And Discontinued Operation": 2097454000.0,
        "Total Expenses": 25962801000.0,
        "Total Operating Income As Reported": 1916499000.0,
        "Diluted Average Shares": 559098330.0,
        "Basic Average Shares": 550267365.0,
        "Diluted EPS": 3.752,
        "Basic EPS": 3.812,
        "Diluted NI Availto Com Stockholders": 2097454000.0,
        "Net Income Common Stockholders": 2097454000.0,
        "Net Income": 2097454000.0,
        "Minority Interests": -13255000.0,
        "Net Income Including Noncontrolling Interests": 2110709000.0,
        "Net Income Continuous Operations": 2110709000.0,
        "Earnings From Equity Interest Net Of Tax": 49202000.0,
        "Tax Provision": 339056000.0,
        "Pretax Income": 2400563000.0,
        "Other Income Expense": 302885000.0,
        "Special Income Charges": -19105000.0,
        "Write Off": 19105000.0,
        "Gain On Sale Of Security": 321990000.0,
        "Net Non Operating Interest Income Expense": 181179000.0,
        "Interest Expense Non Operating": 1989000.0,
        "Interest Income Non Operating": 183168000.0,
        "Operating Income": 1916499000.0,
        "Operating Expense": 4285446000.0,
        "Other Operating Expenses": -194288000.0,
        "Selling General And Administration": 4479734000.0,
        "Selling And Marketing Expense": 892505000.0,
        "General And Administrative Expense": 3587229000.0,
        "Other Gand A": 3587229000.0,
        "Gross Profit": 6201945000.0,
        "Cost Of Revenue": 21677355000.0,
        "Total Revenue": 27879300000.0,
        "Operating Revenue": 26163113000.0
    },
    "2023-09-30": {
        "Tax Effect Of Unusual Items": -29860593.940439,
        "Tax Rate For Calcs": 0.23225,
        "Normalized EBITDA": 1699910000.0,
        "Total Unusual Items": -128571000.0,
        "Total Unusual Items Excluding Goodwill": -128571000.0,
        "Net Income From Continuing Operation Net Minority Interest": 1208292000.0,
        "Reconciled Cost Of Revenue": 17384331000.0,
        "EBITDA": 1571339000.0,
        "EBIT": 1571339000.0,
        "Net Interest Income": 165780000.0,
        "Interest Expense": 466000.0,
        "Interest Income": 166246000.0,
        "Normalized Income": 1307002406.059561,
        "Net Income From Continuing And Discontinued Operation": 1208292000.0,
        "Total Expenses": 21232197000.0,
        "Total Operating Income As Reported": 1533664000.0,
        "Diluted Average Shares": 552080770.0,
        "Basic Average Shares": 542319955.0,
        "Diluted EPS": 2.188,
        "Basic EPS": 2.228,
        "Diluted NI Availto Com Stockholders": 1208292000.0,
        "Net Income Common Stockholders": 1208292000.0,
        "Net Income": 1208292000.0,
        "Minority Interests": -22274000.0,
        "Net Income Including Noncontrolling Interests": 1230566000.0,
        "Net Income Continuous Operations": 1230566000.0,
        "Earnings From Equity Interest Net Of Tax": 24528000.0,
        "Tax Provision": 364835000.0,
        "Pretax Income": 1570873000.0,
        "Other Income Expense": -128571000.0,
        "Special Income Charges": 0.0,
        "Write Off": 0.0,
        "Gain On Sale Of Security": -128571000.0,
        "Net Non Operating Interest Income Expense": 165780000.0,
        "Interest Expense Non Operating": 466000.0,
        "Interest Income Non Operating": 166246000.0,
        "Operating Income": 1533664000.0,
        "Operating Expense": 3847866000.0,
        "Other Operating Expenses": 2047017000.0,
        "Selling General And Administration": 1800849000.0,
        "Selling And Marketing Expense": 669608000.0,
        "General And Administrative Expense": 1131241000.0,
        "Other Gand A": 1131241000.0,
        "Gross Profit": 5381530000.0,
        "Cost Of Revenue": 17384331000.0,
        "Total Revenue": 22765861000.0,
        "Operating Revenue": 21077354000.0
    },
    "2023-12-31": {
        "Tax Effect Of Unusual Items": 17633559.760222,
        "Tax Rate For Calcs": 0.204234,
        "Normalized EBITDA": 3708252000.0,
        "Total Unusual Items": 86340000.0,
        "Total Unusual Items Excluding Goodwill": 86340000.0,
        "Net Income From Continuing Operation Net Minority Interest": 2952148000.0,
        "Reconciled Cost Of Revenue": 26441622000.0,
        "EBITDA": 3794592000.0,
        "EBIT": 3794592000.0,
        "Net Interest Income": 194143000.0,
        "Interest Expense": 14770000.0,
        "Interest Income": 208913000.0,
        "Normalized Income": 2883441559.760222,
        "Net Income From Continuing And Discontinued Operation": 2952148000.0,
        "Total Expenses": 31175137000.0,
        "Total Operating Income As Reported": 3668279000.0,
        "Diluted Average Shares": 551902525.0,
        "Basic Average Shares": 542208295.0,
        "Diluted EPS": 5.35,
        "Basic EPS": 5.444,
        "Diluted NI Availto Com Stockholders": 2952148000.0,
        "Net Income Common Stockholders": 2952148000.0,
        "Net Income": 2952148000.0,
        "Minority Interests": -30470000.0,
        "Net Income Including Noncontrolling Interests": 2982618000.0,
        "Net Income Continuous Operations": 2982618000.0,
        "Earnings From Equity Interest Net Of Tax": -25236000.0,
        "Tax Provision": 771968000.0,
        "Pretax Income": 3779822000.0,
        "Other Income Expense": 86340000.0,
        "Special Income Charges": 168940000.0,
        "Write Off": 0.0,
        "Gain On Sale Of Security": -82600000.0,
        "Net Non Operating Interest Income Expense": 194143000.0,
        "Interest Expense Non Operating": 14770000.0,
        "Interest Income Non Operating": 208913000.0,
        "Operating Income": 3499339000.0,
        "Operating Expense": 4733515000.0,
        "Other Operating Expenses": 7686474000.0,
        "Selling General And Administration": -2952959000.0,
        "Selling And Marketing Expense": 843208000.0,
        "General And Administrative Expense": -3796167000.0,
        "Other Gand A": -3796167000.0,
        "Gross Profit": 8232854000.0,
        "Cost Of Revenue": 26441622000.0,
        "Total Revenue": 34674476000.0,
        "Operating Revenue": 32435188000.0
    },
    "2024-03-31": {
        "Tax Effect Of Unusual Items": -1239920.112298,
        "Tax Rate For Calcs": 0.209269,
        "Normalized EBITDA": 2975759000.0,
        "Total Unusual Items": -5925000.0,
        "Total Unusual Items Excluding Goodwill": -5925000.0,
        "Net Income From Continuing Operation Net Minority Interest": 2316709000.0,
        "Reconciled Cost Of Revenue": 21100380000.0,
        "EBITDA": 2969834000.0,
        "EBIT": 2969834000.0,
        "Net Interest Income": 205503000.0,
        "Interest Expense": 10555000.0,
        "Interest Income": 216058000.0,
        "Normalized Income": 2321394079.887702,
        "Net Income From Continuing And Discontinued Operation": 2316709000.0,
        "Total Expenses": 24886180000.0,
        "Total Operating Income As Reported": 2759701000.0,
        "Diluted Average Shares": 554564765.0,
        "Basic Average Shares": 542295235.0,
        "Diluted EPS": 4.178,
        "Basic EPS": 4.272,
        "Diluted NI Availto Com Stockholders": 2316709000.0,
        "Net Income Common Stockholders": 2316709000.0,
        "Net Income": 2316709000.0,
        "Minority Interests": -31218000.0,
        "Net Income Including Noncontrolling Interests": 2347927000.0,
        "Net Income Continuous Operations": 2347927000.0,
        "Earnings From Equity Interest Net Of Tax": 7934000.0,
        "Tax Provision": 619286000.0,
        "Pretax Income": 2959279000.0,
        "Other Income Expense": -5925000.0,
        "Special Income Charges": NaN,
        "Write Off": NaN,
        "Gain On Sale Of Security": -5925000.0,
        "Net Non Operating Interest Income Expense": 205503000.0,
        "Interest Expense Non Operating": 10555000.0,
        "Interest Income Non Operating": 216058000.0,
        "Operating Income": 2759701000.0,
        "Operating Expense": 3785800000.0,
        "Other Operating Expenses": 2165828000.0,
        "Selling General And Administration": 1619972000.0,
        "Selling And Marketing Expense": 690884000.0,
        "General And Administrative Expense": 929088000.0,
        "Other Gand A": 929088000.0,
        "Gross Profit": 6545501000.0,
        "Cost Of Revenue": 21100380000.0,
        "Total Revenue": 27645881000.0,
        "Operating Revenue": 25847130000.0
    }
}