{
    "2023-03-31": {
        "Tax Effect Of Unusual Items": NaN,
        "Tax Rate For Calcs": NaN,
        "Normalized EBITDA": NaN,
        "Net Income From Continuing Operation Net Minority Interest": NaN,
        "EBITDA": NaN,
        "EBIT": NaN,
        "Net Interest Income": NaN,
        "Interest Income": NaN,
        "Normalized Income": NaN,
        "Net Income From Continuing And Discontinued Operation": NaN,
        "Total Expenses": NaN,
        "Total Operating Income As Reported": NaN,
        "Diluted Average Shares": NaN,
        "Basic Average Shares": NaN,
        "Diluted EPS": NaN,
        "Basic EPS": NaN,
        "Diluted NI Availto Com Stockholders": NaN,
        "Net Income Common Stockholders": NaN,
        "Net Income": NaN,
        "Net Income Including Noncontrolling Interests": NaN,
        "Net Income Continuous Operations": NaN,
        "Tax Provision": NaN,
        "Pretax Income": NaN,
        "Other Income Expense": 40423.0,
        "Other Non Operating Income Expenses": 40423.0,
        "Net Non Operating Interest Income Expense": NaN,
        "Interest Income Non Operating": NaN,
        "Operating Income": NaN,
        "Operating Expense": NaN,
        "Research And Development": NaN,
        "Selling General And Administration": NaN,
        "General And Administrative Expense": NaN,
        "Other Gand A": NaN,
        "Total Revenue": NaN,
        "Operating Revenue": NaN
    },
    "2022-12-31": {
        "Tax Effect Of Unusual Items": NaN,
        "Tax Rate For Calcs": NaN,
        "Normalized EBITDA": NaN,
        "Net Income From Continuing Operation Net Minority Interest": NaN,
        "EBITDA": NaN,
        "EBIT": NaN,
        "Net Interest Income": 45160.0,
        "Interest Income": NaN,
        "Normalized Income": NaN,
        "Net Income From Continuing And Discontinued Operation": NaN,
        "Total Expenses": NaN,
        "Total Operating Income As Reported": NaN,
        "Diluted Average Shares": NaN,
        "Basic Average Shares": NaN,
        "Diluted EPS": NaN,
        "Basic EPS": NaN,
        "Diluted NI Availto Com Stockholders": NaN,
        "Net Income Common Stockholders": NaN,
        "Net Income": NaN,
        "Net Income Including Noncontrolling Interests": NaN,
        "Net Income Continuous Operations": NaN,
        "Tax Provision": NaN,
        "Pretax Income": NaN,
        "Other Income Expense": NaN,
        "Other Non Operating Income Expenses": NaN,
        "Net Non Operating Interest Income Expense": 45160.0,
        "Interest Income Non Operating": NaN,
        "Operating Income": NaN,
        "Operating Expense": NaN,
        "Research And Development": NaN,
        "Selling General And Administration": NaN,
        "General And Administrative Expense": NaN,
        "Other Gand A": NaN,
        "Total Revenue": NaN,
        "Operating Revenue": NaN
    },
    "2022-09-30": {
        "Tax Effect Of Unusual Items": NaN,
        "Tax Rate For Calcs": NaN,
        "Normalized EBITDA": NaN,
        "Net Income From Continuing Operation Net Minority Interest": NaN,
        "EBITDA": NaN,
        "EBIT": NaN,
        "Net Interest Income": NaN,
        "Interest Income": 16605.0,
        "Normalized Income": NaN,
        "Net Income From Continuing And Discontinued Operation": NaN,
        "Total Expenses": NaN,
        "Total Operating Income As Reported": NaN,
        "Diluted Average Shares": NaN,
        "Basic Average Shares": NaN,
        "Diluted EPS": NaN,
        "Basic EPS": NaN,
        "Diluted NI Availto Com Stockholders": NaN,
        "Net Income Common Stockholders": NaN,
        "Net Income": NaN,
        "Net Income Including Noncontrolling Interests": NaN,
        "Net Income Continuous Operations": NaN,
        "Tax Provision": NaN,
        "Pretax Income": NaN,
        "Other Income Expense": NaN,
        "Other Non Operating Income Expenses": NaN,
        "Net Non Operating Interest Income Expense": NaN,
        "Interest Income Non Operating": 16605.0,
        "Operating Income": NaN,
        "Operating Expense": NaN,
        "Research And Development": NaN,
        "Selling General And Administration": NaN,
        "General And Administrative Expense": NaN,
        "Other Gand A": NaN,
        "Total Revenue": NaN,
        "Operating Revenue": NaN
    },
    "2022-06-30": {
        "Tax Effect Of Unusual Items": 0.0,
        "Tax Rate For Calcs": 0.0,
        "Normalized EBITDA": -3672059.0,
        "Net Income From Continuing Operation Net Minority Interest": -3667255.0,
        "EBITDA": -3672059.0,
        "EBIT": -3672059.0,
        "Net Interest Income": 4804.0,
        "Interest Income": 4804.0,
        "Normalized Income": -3667255.0,
        "Net Income From Continuing And Discontinued Operation": -3667255.0,
        "Total Expenses": 3672059.0,
        "Total Operating Income As Reported": -3672059.0,
        "Diluted Average Shares": 8330390.0,
        "Basic Average Shares": 8330390.0,
        "Diluted EPS": -0.44,
        "Basic EPS": -0.44,
        "Diluted NI Availto Com Stockholders": -3667255.0,
        "Net Income Common Stockholders": -3667255.0,
        "Net Income": -3667255.0,
        "Net Income Including Noncontrolling Interests": -3667255.0,
        "Net Income Continuous Operations": -3667255.0,
        "Tax Provision": 0.0,
        "Pretax Income": -3667255.0,
        "Other Income Expense": 4804.0,
        "Other Non Operating Income Expenses": 4804.0,
        "Net Non Operating Interest Income Expense": 4804.0,
        "Interest Income Non Operating": 4804.0,
        "Operating Income": -3672059.0,
        "Operating Expense": 3672059.0,
        "Research And Development": 2406438.0,
        "Selling General And Administration": 1265621.0,
        "General And Administrative Expense": 1265621.0,
        "Other Gand A": 1265621.0,
        "Total Revenue": 0.0,
        "Operating Revenue": 0.0
    },
    "2022-03-31": {
        "Diluted EPS": -0.48,
        "Total Revenue": NaN,
        "Gross Profit": NaN,
        "Operating Income": -4,
        "EBIT": -4,
        "Net Income": -4
    },
    "2021-12-31": {
        "Diluted EPS": -0.55,
        "Total Revenue": NaN,
        "Gross Profit": NaN,
        "Operating Income": -4,
        "EBIT": -4,
        "Net Income": -5
    },
    "2021-09-30": {
        "Diluted EPS": -0.49,
        "Total Revenue": NaN,
        "Gross Profit": NaN,
        "Operating Income": -4,
        "EBIT": -4,
        "Net Income": -4
    },
    "2021-06-30": {
        "Diluted EPS": -0.51,
        "Total Revenue": NaN,
        "Gross Profit": NaN,
        "Operating Income": -4,
        "EBIT": -4,
        "Net Income": -4
    },
    "2021-03-31": {
        "Diluted EPS": -0.37,
        "Total Revenue": NaN,
        "Gross Profit": NaN,
        "Operating Income": -3,
        "EBIT": -3,
        "Net Income": -3
    },
    "2020-12-31": {
        "Diluted EPS": -1.25,
        "Total Revenue": NaN,
        "Gross Profit": NaN,
        "Operating Income": -6,
        "EBIT": -6,
        "Net Income": -7
    },
    "2020-09-30": {
        "Diluted EPS": -0.56,
        "Total Revenue": NaN,
        "Gross Profit": NaN,
        "Operating Income": -3,
        "EBIT": -3,
        "Net Income": -3
    },
    "2020-06-30": {
        "Diluted EPS": -0.14,
        "Total Revenue": NaN,
        "Gross Profit": NaN,
        "Operating Income": -1,
        "EBIT": -1,
        "Net Income": -1
    },
    "2020-03-31": {
        "Diluted EPS": -0.1,
        "Total Revenue": NaN,
        "Gross Profit": NaN,
        "Operating Income": 0,
        "EBIT": 0,
        "Net Income": 0
    },
    "2019-12-31": {
        "Diluted EPS": 0.0,
        "Total Revenue": NaN,
        "Gross Profit": NaN,
        "Operating Income": NaN,
        "EBIT": NaN,
        "Net Income": NaN
    },
    "2023-06-30": {
        "Tax Effect Of Unusual Items": 0.0,
        "Tax Rate For Calcs": 0.0,
        "Normalized EBITDA": -1477217.0,
        "Net Income From Continuing Operation Net Minority Interest": -1440904.0,
        "EBITDA": -1477217.0,
        "EBIT": -1477217.0,
        "Net Interest Income": 36313.0,
        "Interest Income": 36313.0,
        "Normalized Income": -1440904.0,
        "Net Income From Continuing And Discontinued Operation": -1440904.0,
        "Total Expenses": 1477217.0,
        "Total Operating Income As Reported": -1477217.0,
        "Diluted Average Shares": 18411399.0,
        "Basic Average Shares": 18411399.0,
        "Diluted EPS": -0.08,
        "Basic EPS": -0.08,
        "Diluted NI Availto Com Stockholders": -1440904.0,
        "Net Income Common Stockholders": -1440904.0,
        "Net Income": -1440904.0,
        "Net Income Including Noncontrolling Interests": -1440904.0,
        "Net Income Continuous Operations": -1440904.0,
        "Tax Provision": 0.0,
        "Pretax Income": -1440904.0,
        "Other Income Expense": NaN,
        "Other Non Operating Income Expenses": NaN,
        "Net Non Operating Interest Income Expense": 36313.0,
        "Interest Income Non Operating": 36313.0,
        "Operating Income": -1477217.0,
        "Operating Expense": 1477217.0,
        "Research And Development": 557843.0,
        "Selling General And Administration": 919374.0,
        "General And Administrative Expense": 919374.0,
        "Other Gand A": 919374.0,
        "Total Revenue": 0.0,
        "Operating Revenue": 0.0
    },
    "2023-09-30": {
        "Tax Effect Of Unusual Items": 0.0,
        "Tax Rate For Calcs": 0.0,
        "Normalized EBITDA": -1274289.0,
        "Net Income From Continuing Operation Net Minority Interest": -1235074.0,
        "EBITDA": -1274289.0,
        "EBIT": -1274289.0,
        "Net Interest Income": 39215.0,
        "Interest Income": 39215.0,
        "Normalized Income": -1235074.0,
        "Net Income From Continuing And Discontinued Operation": -1235074.0,
        "Total Expenses": 1274289.0,
        "Total Operating Income As Reported": -1274289.0,
        "Diluted Average Shares": 19093758.0,
        "Basic Average Shares": 19093758.0,
        "Diluted EPS": -0.06,
        "Basic EPS": -0.06,
        "Diluted NI Availto Com Stockholders": -1235074.0,
        "Net Income Common Stockholders": -1235074.0,
        "Net Income": -1235074.0,
        "Net Income Including Noncontrolling Interests": -1235074.0,
        "Net Income Continuous Operations": -1235074.0,
        "Tax Provision": 0.0,
        "Pretax Income": -1235074.0,
        "Other Income Expense": NaN,
        "Other Non Operating Income Expenses": NaN,
        "Net Non Operating Interest Income Expense": 39215.0,
        "Interest Income Non Operating": 39215.0,
        "Operating Income": -1274289.0,
        "Operating Expense": 1274289.0,
        "Research And Development": 374200.0,
        "Selling General And Administration": 900089.0,
        "General And Administrative Expense": 900089.0,
        "Other Gand A": 900089.0,
        "Total Revenue": 0.0,
        "Operating Revenue": 0.0
    },
    "2023-12-31": {
        "Tax Effect Of Unusual Items": 0.0,
        "Tax Rate For Calcs": 0.0,
        "Normalized EBITDA": -1138126.0,
        "Net Income From Continuing Operation Net Minority Interest": -1103173.0,
        "EBITDA": -1138126.0,
        "EBIT": -1138126.0,
        "Net Interest Income": 34953.0,
        "Interest Income": 34953.0,
        "Normalized Income": -1103173.0,
        "Net Income From Continuing And Discontinued Operation": -1103173.0,
        "Total Expenses": 1138126.0,
        "Total Operating Income As Reported": -1138126.0,
        "Diluted Average Shares": 19257937.0,
        "Basic Average Shares": 19257937.0,
        "Diluted EPS": -0.06,
        "Basic EPS": -0.06,
        "Diluted NI Availto Com Stockholders": -1103173.0,
        "Net Income Common Stockholders": -1103173.0,
        "Net Income": -1103173.0,
        "Net Income Including Noncontrolling Interests": -1103173.0,
        "Net Income Continuous Operations": -1103173.0,
        "Tax Provision": 0.0,
        "Pretax Income": -1103173.0,
        "Other Income Expense": NaN,
        "Other Non Operating Income Expenses": NaN,
        "Net Non Operating Interest Income Expense": 34953.0,
        "Interest Income Non Operating": 34953.0,
        "Operating Income": -1138126.0,
        "Operating Expense": 1138126.0,
        "Research And Development": 298321.0,
        "Selling General And Administration": 839805.0,
        "General And Administrative Expense": 839805.0,
        "Other Gand A": 839805.0,
        "Total Revenue": 0.0,
        "Operating Revenue": 0.0
    },
    "2024-03-31": {
        "Tax Effect Of Unusual Items": 0.0,
        "Tax Rate For Calcs": 0.0,
        "Normalized EBITDA": -1314101.0,
        "Net Income From Continuing Operation Net Minority Interest": -1291335.0,
        "EBITDA": -1314101.0,
        "EBIT": -1314101.0,
        "Net Interest Income": 22766.0,
        "Interest Income": 22766.0,
        "Normalized Income": -1291335.0,
        "Net Income From Continuing And Discontinued Operation": -1291335.0,
        "Total Expenses": 1314101.0,
        "Total Operating Income As Reported": -1314101.0,
        "Diluted Average Shares": 19257937.0,
        "Basic Average Shares": 19257937.0,
        "Diluted EPS": -0.07,
        "Basic EPS": -0.07,
        "Diluted NI Availto Com Stockholders": -1291335.0,
        "Net Income Common Stockholders": -1291335.0,
        "Net Income": -1291335.0,
        "Net Income Including Noncontrolling Interests": -1291335.0,
        "Net Income Continuous Operations": -1291335.0,
        "Tax Provision": 0.0,
        "Pretax Income": -1291335.0,
        "Other Income Expense": NaN,
        "Other Non Operating Income Expenses": NaN,
        "Net Non Operating Interest Income Expense": 22766.0,
        "Interest Income Non Operating": 22766.0,
        "Operating Income": -1314101.0,
        "Operating Expense": 1314101.0,
        "Research And Development": 343717.0,
        "Selling General And Administration": 970384.0,
        "General And Administrative Expense": 970384.0,
        "Other Gand A": 970384.0,
        "Total Revenue": 0.0,
        "Operating Revenue": 0.0
    },
    "2024-06-30": {
        "Tax Effect Of Unusual Items": 0.0,
        "Tax Rate For Calcs": 0.0,
        "Normalized EBITDA": -1069824.0,
        "Net Income From Continuing Operation Net Minority Interest": -1049833.0,
        "EBITDA": -1069824.0,
        "EBIT": -1069824.0,
        "Net Interest Income": 19991.0,
        "Interest Income": 19991.0,
        "Normalized Income": -1049833.0,
        "Net Income From Continuing And Discontinued Operation": -1049833.0,
        "Total Expenses": 1069824.0,
        "Total Operating Income As Reported": -1069824.0,
        "Diluted Average Shares": 22900794.0,
        "Basic Average Shares": 22900794.0,
        "Diluted EPS": -0.05,
        "Basic EPS": -0.05,
        "Diluted NI Availto Com Stockholders": -1049833.0,
        "Net Income Common Stockholders": -1049833.0,
        "Net Income": -1049833.0,
        "Net Income Including Noncontrolling Interests": -1049833.0,
        "Net Income Continuous Operations": -1049833.0,
        "Tax Provision": 0.0,
        "Pretax Income": -1049833.0,
        "Other Income Expense": NaN,
        "Other Non Operating Income Expenses": NaN,
        "Net Non Operating Interest Income Expense": 19991.0,
        "Interest Income Non Operating": 19991.0,
        "Operating Income": -1069824.0,
        "Operating Expense": 1069824.0,
        "Research And Development": 336084.0,
        "Selling General And Administration": 733740.0,
        "General And Administrative Expense": 733740.0,
        "Other Gand A": 733740.0,
        "Total Revenue": 0.0,
        "Operating Revenue": 0.0
    }
}