{
    "2023-03-31": {
        "Tax Effect Of Unusual Items": 0.0,
        "Tax Rate For Calcs": 0.0,
        "Normalized EBITDA": -12298000.0,
        "Total Unusual Items": 91000.0,
        "Total Unusual Items Excluding Goodwill": 91000.0,
        "Net Income From Continuing Operation Net Minority Interest": -12118000.0,
        "Reconciled Depreciation": 122000.0,
        "EBITDA": -12207000.0,
        "EBIT": -12207000.0,
        "Net Interest Income": -2000.0,
        "Interest Expense": 880000.0,
        "Interest Income": 878000.0,
        "Normalized Income": -12209000.0,
        "Net Income From Continuing And Discontinued Operation": -12118000.0,
        "Total Expenses": 12207000.0,
        "Total Operating Income As Reported": -12207000.0,
        "Diluted Average Shares": 38458837.0,
        "Basic Average Shares": 38458837.0,
        "Diluted EPS": -0.32,
        "Basic EPS": -0.32,
        "Diluted NI Availto Com Stockholders": -12118000.0,
        "Net Income Common Stockholders": -12118000.0,
        "Net Income": -12118000.0,
        "Net Income Including Noncontrolling Interests": -12118000.0,
        "Net Income Continuous Operations": -12118000.0,
        "Pretax Income": -12118000.0,
        "Other Income Expense": 89000.0,
        "Other Non Operating Income Expenses": -2000.0,
        "Special Income Charges": NaN,
        "Gain On Sale Of Security": 91000.0,
        "Net Non Operating Interest Income Expense": -2000.0,
        "Interest Expense Non Operating": 880000.0,
        "Interest Income Non Operating": 878000.0,
        "Operating Income": -12207000.0,
        "Operating Expense": 12207000.0,
        "Research And Development": 7607000.0,
        "Selling General And Administration": 4600000.0,
        "General And Administrative Expense": 4600000.0,
        "Other Gand A": 4600000.0,
        "Total Revenue": 0.0,
        "Operating Revenue": 0.0
    },
    "2022-12-31": {
        "Tax Effect Of Unusual Items": 0.0,
        "Tax Rate For Calcs": 0.0,
        "Normalized EBITDA": -11574000.0,
        "Total Unusual Items": 0.0,
        "Total Unusual Items Excluding Goodwill": 0.0,
        "Net Income From Continuing Operation Net Minority Interest": -10326000.0,
        "Reconciled Depreciation": 57000.0,
        "EBITDA": -11574000.0,
        "EBIT": -11574000.0,
        "Net Interest Income": 450000.0,
        "Interest Expense": 187000.0,
        "Interest Income": 637000.0,
        "Normalized Income": -10326000.0,
        "Net Income From Continuing And Discontinued Operation": -10326000.0,
        "Total Expenses": 11574000.0,
        "Total Operating Income As Reported": -11574000.0,
        "Diluted Average Shares": 38321426.0,
        "Basic Average Shares": 38321426.0,
        "Diluted EPS": -0.27,
        "Basic EPS": -0.27,
        "Diluted NI Availto Com Stockholders": -10326000.0,
        "Net Income Common Stockholders": -10326000.0,
        "Net Income": -10326000.0,
        "Net Income Including Noncontrolling Interests": -10326000.0,
        "Net Income Continuous Operations": -10326000.0,
        "Pretax Income": -10326000.0,
        "Other Income Expense": 1248000.0,
        "Other Non Operating Income Expenses": 1248000.0,
        "Special Income Charges": 0.0,
        "Gain On Sale Of Security": NaN,
        "Net Non Operating Interest Income Expense": 450000.0,
        "Interest Expense Non Operating": 187000.0,
        "Interest Income Non Operating": 637000.0,
        "Operating Income": -11574000.0,
        "Operating Expense": 11574000.0,
        "Research And Development": 6703000.0,
        "Selling General And Administration": 4871000.0,
        "General And Administrative Expense": 4871000.0,
        "Other Gand A": 4871000.0,
        "Total Revenue": 0.0,
        "Operating Revenue": 0.0
    },
    "2022-09-30": {
        "Tax Effect Of Unusual Items": 0.0,
        "Tax Rate For Calcs": 0.0,
        "Normalized EBITDA": -17559000.0,
        "Total Unusual Items": 0.0,
        "Total Unusual Items Excluding Goodwill": 0.0,
        "Net Income From Continuing Operation Net Minority Interest": -17743000.0,
        "Reconciled Depreciation": 45000.0,
        "EBITDA": -17559000.0,
        "EBIT": -17604000.0,
        "Net Interest Income": 335000.0,
        "Interest Expense": 139000.0,
        "Interest Income": 474000.0,
        "Normalized Income": -17743000.0,
        "Net Income From Continuing And Discontinued Operation": -17743000.0,
        "Total Expenses": 18078000.0,
        "Total Operating Income As Reported": -18078000.0,
        "Diluted Average Shares": 37705517.0,
        "Basic Average Shares": 37705517.0,
        "Diluted EPS": -0.47,
        "Basic EPS": -0.47,
        "Diluted NI Availto Com Stockholders": -17743000.0,
        "Net Income Common Stockholders": -17743000.0,
        "Net Income": -17743000.0,
        "Net Income Including Noncontrolling Interests": -17743000.0,
        "Net Income Continuous Operations": -17743000.0,
        "Pretax Income": -17743000.0,
        "Other Income Expense": NaN,
        "Other Non Operating Income Expenses": NaN,
        "Special Income Charges": 0.0,
        "Gain On Sale Of Security": NaN,
        "Net Non Operating Interest Income Expense": 335000.0,
        "Interest Expense Non Operating": 139000.0,
        "Interest Income Non Operating": 474000.0,
        "Operating Income": -18078000.0,
        "Operating Expense": 18078000.0,
        "Research And Development": 7139000.0,
        "Selling General And Administration": 10939000.0,
        "General And Administrative Expense": 10939000.0,
        "Other Gand A": 10939000.0,
        "Total Revenue": 0.0,
        "Operating Revenue": 0.0
    },
    "2022-06-30": {
        "Tax Effect Of Unusual Items": 0.0,
        "Tax Rate For Calcs": 0.0,
        "Normalized EBITDA": -10401000.0,
        "Total Unusual Items": 0.0,
        "Total Unusual Items Excluding Goodwill": 0.0,
        "Net Income From Continuing Operation Net Minority Interest": -10582000.0,
        "Reconciled Depreciation": 54000.0,
        "EBITDA": -10401000.0,
        "EBIT": -10455000.0,
        "Net Interest Income": -77000.0,
        "Interest Expense": 127000.0,
        "Interest Income": 50000.0,
        "Normalized Income": -10582000.0,
        "Net Income From Continuing And Discontinued Operation": -10582000.0,
        "Total Expenses": 10505000.0,
        "Total Operating Income As Reported": -10505000.0,
        "Diluted Average Shares": 37599244.0,
        "Basic Average Shares": 37599244.0,
        "Diluted EPS": -0.28,
        "Basic EPS": -0.28,
        "Diluted NI Availto Com Stockholders": -10582000.0,
        "Net Income Common Stockholders": -10582000.0,
        "Net Income": -10582000.0,
        "Net Income Including Noncontrolling Interests": -10582000.0,
        "Net Income Continuous Operations": -10582000.0,
        "Pretax Income": -10582000.0,
        "Other Income Expense": NaN,
        "Other Non Operating Income Expenses": NaN,
        "Special Income Charges": 0.0,
        "Gain On Sale Of Security": NaN,
        "Net Non Operating Interest Income Expense": -77000.0,
        "Interest Expense Non Operating": 127000.0,
        "Interest Income Non Operating": 50000.0,
        "Operating Income": -10505000.0,
        "Operating Expense": 10505000.0,
        "Research And Development": 6324000.0,
        "Selling General And Administration": 4181000.0,
        "General And Administrative Expense": 4181000.0,
        "Other Gand A": 4181000.0,
        "Total Revenue": 0.0,
        "Operating Revenue": 0.0
    },
    "2022-03-31": {
        "Diluted EPS": -0.28,
        "Total Revenue": NaN,
        "Gross Profit": NaN,
        "Operating Income": -10,
        "EBIT": -10,
        "Net Income": -11
    },
    "2021-12-31": {
        "Diluted EPS": 2.27,
        "Total Revenue": NaN,
        "Gross Profit": NaN,
        "Operating Income": -11,
        "EBIT": -11,
        "Net Income": -11
    },
    "2021-09-30": {
        "Diluted EPS": -0.4,
        "Total Revenue": NaN,
        "Gross Profit": NaN,
        "Operating Income": -15,
        "EBIT": -15,
        "Net Income": -15
    },
    "2021-06-30": {
        "Diluted EPS": -0.25,
        "Total Revenue": NaN,
        "Gross Profit": NaN,
        "Operating Income": -9,
        "EBIT": -9,
        "Net Income": -9
    },
    "2021-03-31": {
        "Diluted EPS": -5.22,
        "Total Revenue": NaN,
        "Gross Profit": NaN,
        "Operating Income": -79,
        "EBIT": -79,
        "Net Income": -79
    },
    "2020-12-31": {
        "Diluted EPS": -26.96,
        "Total Revenue": NaN,
        "Gross Profit": NaN,
        "Operating Income": -6,
        "EBIT": -6,
        "Net Income": -6
    },
    "2020-09-30": {
        "Diluted EPS": -14.22,
        "Total Revenue": NaN,
        "Gross Profit": NaN,
        "Operating Income": -4,
        "EBIT": -4,
        "Net Income": -4
    },
    "2020-06-30": {
        "Diluted EPS": -15.52,
        "Total Revenue": NaN,
        "Gross Profit": NaN,
        "Operating Income": -4,
        "EBIT": -4,
        "Net Income": -4
    },
    "2020-03-31": {
        "Diluted EPS": -1.86,
        "Total Revenue": NaN,
        "Gross Profit": NaN,
        "Operating Income": -4,
        "EBIT": -4,
        "Net Income": -4
    },
    "2019-12-31": {
        "Diluted EPS": -0.74,
        "Total Revenue": NaN,
        "Gross Profit": NaN,
        "Operating Income": -7,
        "EBIT": -7,
        "Net Income": -5
    },
    "2019-09-30": {
        "Diluted EPS": -2.0,
        "Total Revenue": NaN,
        "Gross Profit": NaN,
        "Operating Income": -6,
        "EBIT": -6,
        "Net Income": -6
    },
    "2019-06-30": {
        "Diluted EPS": -3.15,
        "Total Revenue": NaN,
        "Gross Profit": NaN,
        "Operating Income": -6,
        "EBIT": -6,
        "Net Income": -6
    },
    "2019-03-31": {
        "Diluted EPS": -3.5,
        "Total Revenue": NaN,
        "Gross Profit": NaN,
        "Operating Income": -6,
        "EBIT": -6,
        "Net Income": -6
    },
    "2018-12-31": {
        "Diluted EPS": -5.6,
        "Total Revenue": NaN,
        "Gross Profit": NaN,
        "Operating Income": -6,
        "EBIT": -6,
        "Net Income": -6
    },
    "2018-09-30": {
        "Diluted EPS": -6.3,
        "Total Revenue": NaN,
        "Gross Profit": NaN,
        "Operating Income": -6,
        "EBIT": -6,
        "Net Income": -7
    },
    "2018-06-30": {
        "Diluted EPS": -7.0,
        "Total Revenue": NaN,
        "Gross Profit": NaN,
        "Operating Income": -7,
        "EBIT": -7,
        "Net Income": -7
    },
    "2018-03-31": {
        "Diluted EPS": -7.35,
        "Total Revenue": 0,
        "Gross Profit": 0,
        "Operating Income": -7,
        "EBIT": -7,
        "Net Income": -7
    },
    "2017-12-31": {
        "Diluted EPS": -4.9,
        "Total Revenue": NaN,
        "Gross Profit": NaN,
        "Operating Income": -6,
        "EBIT": -6,
        "Net Income": -7
    },
    "2017-09-30": {
        "Diluted EPS": -15.05,
        "Total Revenue": NaN,
        "Gross Profit": NaN,
        "Operating Income": -10,
        "EBIT": -10,
        "Net Income": -10
    },
    "2017-06-30": {
        "Diluted EPS": -14.35,
        "Total Revenue": NaN,
        "Gross Profit": NaN,
        "Operating Income": -9,
        "EBIT": -9,
        "Net Income": -9
    },
    "2017-03-31": {
        "Diluted EPS": -16.45,
        "Total Revenue": 1,
        "Gross Profit": 1,
        "Operating Income": -9,
        "EBIT": -9,
        "Net Income": -10
    },
    "2016-12-31": {
        "Diluted EPS": -13.3,
        "Total Revenue": 1,
        "Gross Profit": 1,
        "Operating Income": -8,
        "EBIT": -8,
        "Net Income": -9
    },
    "2016-09-30": {
        "Diluted EPS": -21.7,
        "Total Revenue": 1,
        "Gross Profit": 1,
        "Operating Income": -9,
        "EBIT": -8,
        "Net Income": -9
    },
    "2016-06-30": {
        "Diluted EPS": -25.2,
        "Total Revenue": 1,
        "Gross Profit": 1,
        "Operating Income": -10,
        "EBIT": -10,
        "Net Income": -10
    },
    "2016-03-31": {
        "Diluted EPS": -24.5,
        "Total Revenue": 1,
        "Gross Profit": 1,
        "Operating Income": -10,
        "EBIT": -10,
        "Net Income": -10
    },
    "2015-12-31": {
        "Diluted EPS": -27.31,
        "Total Revenue": 1,
        "Gross Profit": 1,
        "Operating Income": -11,
        "EBIT": -11,
        "Net Income": -12
    },
    "2015-09-30": {
        "Diluted EPS": -19.6,
        "Total Revenue": 1,
        "Gross Profit": 1,
        "Operating Income": -9,
        "EBIT": -9,
        "Net Income": -7
    },
    "2015-06-30": {
        "Diluted EPS": -31.5,
        "Total Revenue": 1,
        "Gross Profit": 1,
        "Operating Income": -11,
        "EBIT": -11,
        "Net Income": -9
    },
    "2015-03-31": {
        "Diluted EPS": -27.3,
        "Total Revenue": 1,
        "Gross Profit": 1,
        "Operating Income": -9,
        "EBIT": -9,
        "Net Income": -9
    },
    "2014-12-31": {
        "Diluted EPS": -10.88,
        "Total Revenue": 1,
        "Gross Profit": 1,
        "Operating Income": -11,
        "EBIT": -11,
        "Net Income": -1
    },
    "2014-09-30": {
        "Diluted EPS": -52.49,
        "Total Revenue": 1,
        "Gross Profit": 1,
        "Operating Income": -13,
        "EBIT": -13,
        "Net Income": -15
    },
    "2014-06-30": {
        "Diluted EPS": -41.99,
        "Total Revenue": 2,
        "Gross Profit": 2,
        "Operating Income": -12,
        "EBIT": -11,
        "Net Income": -12
    },
    "2014-03-31": {
        "Diluted EPS": -54.59,
        "Total Revenue": 2,
        "Gross Profit": 2,
        "Operating Income": -9,
        "EBIT": -9,
        "Net Income": -15
    },
    "2013-12-31": {
        "Diluted EPS": -18.9,
        "Total Revenue": 2,
        "Gross Profit": 2,
        "Operating Income": -8,
        "EBIT": -7,
        "Net Income": -7
    },
    "2013-09-30": {
        "Diluted EPS": -33.6,
        "Total Revenue": 2,
        "Gross Profit": 2,
        "Operating Income": -8,
        "EBIT": -8,
        "Net Income": -8
    },
    "2013-06-30": {
        "Diluted EPS": -37.79,
        "Total Revenue": 2,
        "Gross Profit": 2,
        "Operating Income": -9,
        "EBIT": -8,
        "Net Income": -8
    },
    "2013-03-31": {
        "Diluted EPS": -48.29,
        "Total Revenue": 2,
        "Gross Profit": 2,
        "Operating Income": -8,
        "EBIT": -8,
        "Net Income": -12
    },
    "2012-12-31": {
        "Diluted EPS": -8.4,
        "Total Revenue": 2,
        "Gross Profit": 2,
        "Operating Income": -8,
        "EBIT": -8,
        "Net Income": -4
    },
    "2012-09-30": {
        "Diluted EPS": -77.69,
        "Total Revenue": 0,
        "Gross Profit": 0,
        "Operating Income": -9,
        "EBIT": -9,
        "Net Income": -17
    },
    "2012-06-30": {
        "Diluted EPS": -41.99,
        "Total Revenue": 2,
        "Gross Profit": 2,
        "Operating Income": -9,
        "EBIT": -9,
        "Net Income": -9
    },
    "2012-03-31": {
        "Diluted EPS": -62.99,
        "Total Revenue": NaN,
        "Gross Profit": NaN,
        "Operating Income": -9,
        "EBIT": -9,
        "Net Income": -14
    },
    "2011-12-31": {
        "Diluted EPS": -37.79,
        "Total Revenue": NaN,
        "Gross Profit": NaN,
        "Operating Income": -8,
        "EBIT": -8,
        "Net Income": -9
    },
    "2011-09-30": {
        "Diluted EPS": -23.1,
        "Total Revenue": 1,
        "Gross Profit": 1,
        "Operating Income": -7,
        "EBIT": -7,
        "Net Income": -5
    },
    "2011-06-30": {
        "Diluted EPS": -37.79,
        "Total Revenue": NaN,
        "Gross Profit": NaN,
        "Operating Income": -8,
        "EBIT": -8,
        "Net Income": -8
    },
    "2011-03-31": {
        "Diluted EPS": 8.4,
        "Total Revenue": 4,
        "Gross Profit": 4,
        "Operating Income": -2,
        "EBIT": -2,
        "Net Income": 2
    },
    "2010-12-31": {
        "Diluted EPS": 50.39,
        "Total Revenue": 0,
        "Gross Profit": 0,
        "Operating Income": -12,
        "EBIT": -12,
        "Net Income": -10
    },
    "2010-09-30": {
        "Diluted EPS": -29.4,
        "Total Revenue": NaN,
        "Gross Profit": NaN,
        "Operating Income": -5,
        "EBIT": 0,
        "Net Income": -5
    },
    "2010-06-30": {
        "Diluted EPS": -92.39,
        "Total Revenue": 0,
        "Gross Profit": 0,
        "Operating Income": -5,
        "EBIT": -5,
        "Net Income": -5
    },
    "2010-03-31": {
        "Diluted EPS": -136.48,
        "Total Revenue": 0,
        "Gross Profit": 0,
        "Operating Income": -5,
        "EBIT": -5,
        "Net Income": -5
    },
    "2009-12-31": {
        "Diluted EPS": -197.83,
        "Total Revenue": 0,
        "Gross Profit": 0,
        "Operating Income": -4,
        "EBIT": -4,
        "Net Income": -5
    },
    "2009-09-30": {
        "Diluted EPS": -176.34,
        "Total Revenue": 0,
        "Gross Profit": 0,
        "Operating Income": -5,
        "EBIT": -5,
        "Net Income": -5
    },
    "2009-06-30": {
        "Diluted EPS": NaN,
        "Total Revenue": 4,
        "Gross Profit": 4,
        "Operating Income": -2,
        "EBIT": -2,
        "Net Income": -49
    },
    "2009-03-31": {
        "Diluted EPS": -302.29,
        "Total Revenue": 0,
        "Gross Profit": 0,
        "Operating Income": -8,
        "EBIT": -8,
        "Net Income": -8
    },
    "2023-06-30": {
        "Tax Effect Of Unusual Items": 0.0,
        "Tax Rate For Calcs": 0.0,
        "Normalized EBITDA": -12450000.0,
        "Total Unusual Items": NaN,
        "Total Unusual Items Excluding Goodwill": NaN,
        "Net Income From Continuing Operation Net Minority Interest": -12484000.0,
        "Reconciled Depreciation": 119000.0,
        "EBITDA": -12450000.0,
        "EBIT": -12450000.0,
        "Net Interest Income": -34000.0,
        "Interest Expense": 921000.0,
        "Interest Income": 887000.0,
        "Normalized Income": -12484000.0,
        "Net Income From Continuing And Discontinued Operation": -12484000.0,
        "Total Expenses": 12450000.0,
        "Total Operating Income As Reported": -12450000.0,
        "Diluted Average Shares": 38560376.0,
        "Basic Average Shares": 38560376.0,
        "Diluted EPS": -0.32,
        "Basic EPS": -0.32,
        "Diluted NI Availto Com Stockholders": -12484000.0,
        "Net Income Common Stockholders": -12484000.0,
        "Net Income": -12484000.0,
        "Net Income Including Noncontrolling Interests": -12484000.0,
        "Net Income Continuous Operations": -12484000.0,
        "Pretax Income": -12484000.0,
        "Other Income Expense": -34000.0,
        "Other Non Operating Income Expenses": -34000.0,
        "Special Income Charges": NaN,
        "Gain On Sale Of Security": NaN,
        "Net Non Operating Interest Income Expense": -34000.0,
        "Interest Expense Non Operating": 921000.0,
        "Interest Income Non Operating": 887000.0,
        "Operating Income": -12450000.0,
        "Operating Expense": 12450000.0,
        "Research And Development": 8197000.0,
        "Selling General And Administration": 4253000.0,
        "General And Administrative Expense": 4253000.0,
        "Other Gand A": 4253000.0,
        "Total Revenue": 0.0,
        "Operating Revenue": 0.0
    }
}