{
    "2023-03-31": {
        "Tax Effect Of Unusual Items": NaN,
        "Tax Rate For Calcs": NaN,
        "Normalized EBITDA": NaN,
        "Total Unusual Items": NaN,
        "Total Unusual Items Excluding Goodwill": NaN,
        "Net Income From Continuing Operation Net Minority Interest": NaN,
        "Reconciled Depreciation": NaN,
        "Reconciled Cost Of Revenue": NaN,
        "EBITDA": NaN,
        "EBIT": NaN,
        "Net Interest Income": NaN,
        "Interest Income": 133000.0,
        "Normalized Income": NaN,
        "Net Income From Continuing And Discontinued Operation": NaN,
        "Total Expenses": NaN,
        "Total Operating Income As Reported": NaN,
        "Diluted Average Shares": 2375000.0,
        "Basic Average Shares": 2375000.0,
        "Diluted EPS": -0.74,
        "Basic EPS": -0.74,
        "Diluted NI Availto Com Stockholders": NaN,
        "Net Income Common Stockholders": NaN,
        "Net Income": NaN,
        "Net Income Including Noncontrolling Interests": NaN,
        "Net Income Continuous Operations": NaN,
        "Tax Provision": NaN,
        "Pretax Income": NaN,
        "Other Income Expense": NaN,
        "Other Non Operating Income Expenses": NaN,
        "Special Income Charges": NaN,
        "Impairment Of Capital Assets": NaN,
        "Gain On Sale Of Security": NaN,
        "Net Non Operating Interest Income Expense": NaN,
        "Interest Income Non Operating": 133000.0,
        "Operating Income": NaN,
        "Operating Expense": NaN,
        "Depreciation Amortization Depletion Income Statement": NaN,
        "Depreciation And Amortization In Income Statement": NaN,
        "Research And Development": NaN,
        "Selling General And Administration": NaN,
        "General And Administrative Expense": NaN,
        "Other Gand A": NaN,
        "Gross Profit": NaN,
        "Cost Of Revenue": NaN,
        "Total Revenue": NaN,
        "Operating Revenue": NaN
    },
    "2022-12-31": {
        "Tax Effect Of Unusual Items": NaN,
        "Tax Rate For Calcs": NaN,
        "Normalized EBITDA": NaN,
        "Total Unusual Items": NaN,
        "Total Unusual Items Excluding Goodwill": NaN,
        "Net Income From Continuing Operation Net Minority Interest": NaN,
        "Reconciled Depreciation": NaN,
        "Reconciled Cost Of Revenue": NaN,
        "EBITDA": NaN,
        "EBIT": NaN,
        "Net Interest Income": NaN,
        "Interest Expense": 30000.0,
        "Interest Income": NaN,
        "Normalized Income": NaN,
        "Net Income From Continuing And Discontinued Operation": NaN,
        "Total Expenses": NaN,
        "Total Operating Income As Reported": NaN,
        "Diluted Average Shares": NaN,
        "Basic Average Shares": NaN,
        "Diluted EPS": NaN,
        "Basic EPS": NaN,
        "Diluted NI Availto Com Stockholders": NaN,
        "Net Income Common Stockholders": NaN,
        "Net Income": NaN,
        "Net Income Including Noncontrolling Interests": NaN,
        "Net Income Continuous Operations": NaN,
        "Tax Provision": NaN,
        "Pretax Income": NaN,
        "Other Income Expense": NaN,
        "Other Non Operating Income Expenses": NaN,
        "Special Income Charges": 20000.0,
        "Other Special Charges": -20000.0,
        "Impairment Of Capital Assets": 0.0,
        "Gain On Sale Of Security": NaN,
        "Net Non Operating Interest Income Expense": NaN,
        "Interest Expense Non Operating": 30000.0,
        "Interest Income Non Operating": NaN,
        "Operating Income": NaN,
        "Operating Expense": NaN,
        "Depreciation Amortization Depletion Income Statement": NaN,
        "Depreciation And Amortization In Income Statement": NaN,
        "Research And Development": NaN,
        "Selling General And Administration": NaN,
        "General And Administrative Expense": NaN,
        "Other Gand A": NaN,
        "Gross Profit": NaN,
        "Cost Of Revenue": NaN,
        "Total Revenue": NaN,
        "Operating Revenue": NaN
    },
    "2022-09-30": {
        "Tax Effect Of Unusual Items": NaN,
        "Tax Rate For Calcs": NaN,
        "Normalized EBITDA": NaN,
        "Total Unusual Items": NaN,
        "Total Unusual Items Excluding Goodwill": NaN,
        "Net Income From Continuing Operation Net Minority Interest": NaN,
        "Reconciled Depreciation": NaN,
        "Reconciled Cost Of Revenue": NaN,
        "EBITDA": NaN,
        "EBIT": NaN,
        "Net Interest Income": NaN,
        "Interest Expense": 3000.0,
        "Interest Income": NaN,
        "Normalized Income": NaN,
        "Net Income From Continuing And Discontinued Operation": NaN,
        "Total Expenses": NaN,
        "Total Operating Income As Reported": NaN,
        "Diluted Average Shares": 2370000.0,
        "Basic Average Shares": 2370000.0,
        "Diluted EPS": -1.16,
        "Basic EPS": -1.16,
        "Diluted NI Availto Com Stockholders": NaN,
        "Net Income Common Stockholders": NaN,
        "Net Income": NaN,
        "Net Income Including Noncontrolling Interests": NaN,
        "Net Income Continuous Operations": NaN,
        "Tax Provision": NaN,
        "Pretax Income": NaN,
        "Other Income Expense": NaN,
        "Other Non Operating Income Expenses": NaN,
        "Special Income Charges": -71000.0,
        "Other Special Charges": -17000.0,
        "Impairment Of Capital Assets": 88000.0,
        "Gain On Sale Of Security": NaN,
        "Net Non Operating Interest Income Expense": NaN,
        "Interest Expense Non Operating": 3000.0,
        "Interest Income Non Operating": NaN,
        "Operating Income": NaN,
        "Operating Expense": NaN,
        "Depreciation Amortization Depletion Income Statement": NaN,
        "Depreciation And Amortization In Income Statement": NaN,
        "Research And Development": NaN,
        "Selling General And Administration": NaN,
        "General And Administrative Expense": NaN,
        "Other Gand A": NaN,
        "Gross Profit": NaN,
        "Cost Of Revenue": NaN,
        "Total Revenue": NaN,
        "Operating Revenue": NaN
    },
    "2022-06-30": {
        "Tax Effect Of Unusual Items": 195.197521,
        "Tax Rate For Calcs": 0.021689,
        "Normalized EBITDA": -2069000.0,
        "Total Unusual Items": 9000.0,
        "Total Unusual Items Excluding Goodwill": 9000.0,
        "Net Income From Continuing Operation Net Minority Interest": -2526000.0,
        "Reconciled Depreciation": 517000.0,
        "Reconciled Cost Of Revenue": 3235000.0,
        "EBITDA": -2060000.0,
        "EBIT": -2577000.0,
        "Net Interest Income": -5000.0,
        "Interest Expense": 5000.0,
        "Interest Income": NaN,
        "Normalized Income": -2534804.802479,
        "Net Income From Continuing And Discontinued Operation": -2526000.0,
        "Total Expenses": 9342000.0,
        "Total Operating Income As Reported": -2586000.0,
        "Diluted Average Shares": 2305000.0,
        "Basic Average Shares": 2305000.0,
        "Diluted EPS": -1.1,
        "Basic EPS": -1.1,
        "Diluted NI Availto Com Stockholders": -2526000.0,
        "Net Income Common Stockholders": -2526000.0,
        "Net Income": -2526000.0,
        "Net Income Including Noncontrolling Interests": -2526000.0,
        "Net Income Continuous Operations": -2526000.0,
        "Tax Provision": -56000.0,
        "Pretax Income": -2582000.0,
        "Other Income Expense": 9000.0,
        "Other Non Operating Income Expenses": NaN,
        "Special Income Charges": 9000.0,
        "Other Special Charges": -9000.0,
        "Impairment Of Capital Assets": NaN,
        "Gain On Sale Of Security": NaN,
        "Net Non Operating Interest Income Expense": -5000.0,
        "Interest Expense Non Operating": 5000.0,
        "Interest Income Non Operating": NaN,
        "Operating Income": -2586000.0,
        "Operating Expense": 6055000.0,
        "Depreciation Amortization Depletion Income Statement": 465000.0,
        "Depreciation And Amortization In Income Statement": 465000.0,
        "Research And Development": 1151000.0,
        "Selling General And Administration": 4439000.0,
        "General And Administrative Expense": 4439000.0,
        "Other Gand A": 4439000.0,
        "Gross Profit": 3469000.0,
        "Cost Of Revenue": 3287000.0,
        "Total Revenue": 6756000.0,
        "Operating Revenue": 6766000.0
    },
    "2022-03-31": {
        "Diluted EPS": -1.2,
        "Total Revenue": 7,
        "Gross Profit": 3,
        "Operating Income": -3,
        "EBIT": -3,
        "Net Income": -3
    },
    "2021-12-31": {
        "Diluted EPS": -5.6,
        "Total Revenue": 11,
        "Gross Profit": 6,
        "Operating Income": -14,
        "EBIT": -5,
        "Net Income": -14
    },
    "2021-09-30": {
        "Diluted EPS": -0.2,
        "Total Revenue": 11,
        "Gross Profit": 7,
        "Operating Income": 0,
        "EBIT": 0,
        "Net Income": 1
    },
    "2021-06-30": {
        "Diluted EPS": -0.4,
        "Total Revenue": 8,
        "Gross Profit": 4,
        "Operating Income": -1,
        "EBIT": -1,
        "Net Income": -1
    },
    "2021-03-31": {
        "Diluted EPS": -1.4,
        "Total Revenue": 4,
        "Gross Profit": 2,
        "Operating Income": -3,
        "EBIT": -2,
        "Net Income": -3
    },
    "2020-12-31": {
        "Diluted EPS": -8.6,
        "Total Revenue": 7,
        "Gross Profit": 1,
        "Operating Income": -10,
        "EBIT": -9,
        "Net Income": -10
    },
    "2020-09-30": {
        "Diluted EPS": -3.4,
        "Total Revenue": 5,
        "Gross Profit": 2,
        "Operating Income": -3,
        "EBIT": -2,
        "Net Income": -3
    },
    "2020-06-30": {
        "Diluted EPS": -1.0,
        "Total Revenue": 6,
        "Gross Profit": 4,
        "Operating Income": -1,
        "EBIT": 0,
        "Net Income": -1
    },
    "2020-03-31": {
        "Diluted EPS": -10.8,
        "Total Revenue": 5,
        "Gross Profit": 3,
        "Operating Income": -5,
        "EBIT": -4,
        "Net Income": -4
    },
    "2019-12-31": {
        "Diluted EPS": 214.96,
        "Total Revenue": 8,
        "Gross Profit": 3,
        "Operating Income": -6,
        "EBIT": -6,
        "Net Income": -6
    },
    "2019-09-30": {
        "Diluted EPS": -48.2,
        "Total Revenue": 5,
        "Gross Profit": 2,
        "Operating Income": -5,
        "EBIT": -4,
        "Net Income": -5
    },
    "2019-06-30": {
        "Diluted EPS": -214.0,
        "Total Revenue": 7,
        "Gross Profit": 4,
        "Operating Income": -3,
        "EBIT": -2,
        "Net Income": -4
    },
    "2019-03-31": {
        "Diluted EPS": -194.36,
        "Total Revenue": 8,
        "Gross Profit": 4,
        "Operating Income": -3,
        "EBIT": -2,
        "Net Income": -3
    },
    "2018-12-31": {
        "Diluted EPS": -149.97,
        "Total Revenue": 11,
        "Gross Profit": 5,
        "Operating Income": -2,
        "EBIT": -4,
        "Net Income": -3
    },
    "2018-09-30": {
        "Diluted EPS": -155.97,
        "Total Revenue": 8,
        "Gross Profit": 4,
        "Operating Income": -3,
        "EBIT": -2,
        "Net Income": -2
    },
    "2018-06-30": {
        "Diluted EPS": -473.91,
        "Total Revenue": 9,
        "Gross Profit": 5,
        "Operating Income": -5,
        "EBIT": -2,
        "Net Income": -6
    },
    "2018-03-31": {
        "Diluted EPS": -302.34,
        "Total Revenue": 10,
        "Gross Profit": 5,
        "Operating Income": -4,
        "EBIT": -3,
        "Net Income": -4
    },
    "2017-12-31": {
        "Diluted EPS": NaN,
        "Total Revenue": 14,
        "Gross Profit": 6,
        "Operating Income": -7,
        "EBIT": -5,
        "Net Income": -12
    },
    "2017-09-30": {
        "Diluted EPS": -503.9,
        "Total Revenue": 10,
        "Gross Profit": 5,
        "Operating Income": -5,
        "EBIT": -4,
        "Net Income": -5
    },
    "2017-06-30": {
        "Diluted EPS": -107.98,
        "Total Revenue": 14,
        "Gross Profit": 5,
        "Operating Income": -6,
        "EBIT": -4,
        "Net Income": -1
    },
    "2017-03-31": {
        "Diluted EPS": NaN,
        "Total Revenue": 9,
        "Gross Profit": 4,
        "Operating Income": -6,
        "EBIT": -5,
        "Net Income": 8
    },
    "2016-12-31": {
        "Diluted EPS": NaN,
        "Total Revenue": 2,
        "Gross Profit": 1,
        "Operating Income": -10,
        "EBIT": -8,
        "Net Income": -9
    },
    "2016-09-30": {
        "Diluted EPS": NaN,
        "Total Revenue": 2,
        "Gross Profit": 1,
        "Operating Income": -4,
        "EBIT": -3,
        "Net Income": -3
    },
    "2016-06-30": {
        "Diluted EPS": NaN,
        "Total Revenue": 2,
        "Gross Profit": 1,
        "Operating Income": -5,
        "EBIT": -3,
        "Net Income": -6
    },
    "2016-03-31": {
        "Diluted EPS": NaN,
        "Total Revenue": 1,
        "Gross Profit": 1,
        "Operating Income": -5,
        "EBIT": -3,
        "Net Income": -4
    },
    "2015-12-31": {
        "Diluted EPS": NaN,
        "Total Revenue": 0,
        "Gross Profit": 0,
        "Operating Income": -8,
        "EBIT": -6,
        "Net Income": -7
    },
    "2015-09-30": {
        "Diluted EPS": NaN,
        "Total Revenue": 0,
        "Gross Profit": 0,
        "Operating Income": -4,
        "EBIT": -3,
        "Net Income": -3
    },
    "2015-06-30": {
        "Diluted EPS": NaN,
        "Total Revenue": 0,
        "Gross Profit": 0,
        "Operating Income": -4,
        "EBIT": -3,
        "Net Income": -6
    },
    "2015-03-31": {
        "Diluted EPS": -1.54,
        "Total Revenue": 1,
        "Gross Profit": 0,
        "Operating Income": -4,
        "EBIT": -3,
        "Net Income": -5
    },
    "2014-12-31": {
        "Diluted EPS": -4.29,
        "Total Revenue": 0,
        "Gross Profit": 0,
        "Operating Income": -5,
        "EBIT": -4,
        "Net Income": -5
    },
    "2014-09-30": {
        "Diluted EPS": -1.77,
        "Total Revenue": 0,
        "Gross Profit": 0,
        "Operating Income": -4,
        "EBIT": -3,
        "Net Income": -4
    },
    "2014-06-30": {
        "Diluted EPS": -1.98,
        "Total Revenue": 0,
        "Gross Profit": 0,
        "Operating Income": -4,
        "EBIT": -4,
        "Net Income": -5
    },
    "2014-03-31": {
        "Diluted EPS": -0.27,
        "Total Revenue": 0,
        "Gross Profit": 0,
        "Operating Income": -5,
        "EBIT": -4,
        "Net Income": -5
    },
    "2013-12-31": {
        "Diluted EPS": 0.01,
        "Total Revenue": 0,
        "Gross Profit": 0,
        "Operating Income": -3,
        "EBIT": -2,
        "Net Income": -4
    },
    "2013-09-30": {
        "Diluted EPS": -1.7,
        "Total Revenue": 0,
        "Gross Profit": 0,
        "Operating Income": -4,
        "EBIT": -4,
        "Net Income": -16
    },
    "2013-06-30": {
        "Diluted EPS": -0.49,
        "Total Revenue": NaN,
        "Gross Profit": NaN,
        "Operating Income": -3,
        "EBIT": -3,
        "Net Income": -4
    },
    "2013-03-31": {
        "Diluted EPS": -0.68,
        "Total Revenue": NaN,
        "Gross Profit": NaN,
        "Operating Income": -4,
        "EBIT": -3,
        "Net Income": -4
    },
    "2012-12-31": {
        "Diluted EPS": NaN,
        "Total Revenue": NaN,
        "Gross Profit": NaN,
        "Operating Income": -4,
        "EBIT": -4,
        "Net Income": -5
    },
    "2012-09-30": {
        "Diluted EPS": -0.54,
        "Total Revenue": NaN,
        "Gross Profit": NaN,
        "Operating Income": -3,
        "EBIT": -3,
        "Net Income": -3
    },
    "2012-06-30": {
        "Diluted EPS": -0.5,
        "Total Revenue": NaN,
        "Gross Profit": NaN,
        "Operating Income": -3,
        "EBIT": -2,
        "Net Income": -3
    },
    "2012-03-31": {
        "Diluted EPS": -0.48,
        "Total Revenue": NaN,
        "Gross Profit": NaN,
        "Operating Income": -3,
        "EBIT": -2,
        "Net Income": -3
    },
    "2011-12-31": {
        "Diluted EPS": 0.0,
        "Total Revenue": NaN,
        "Gross Profit": NaN,
        "Operating Income": NaN,
        "EBIT": NaN,
        "Net Income": NaN
    },
    "2023-06-30": {
        "Tax Effect Of Unusual Items": NaN,
        "Tax Rate For Calcs": NaN,
        "Normalized EBITDA": NaN,
        "Total Unusual Items": NaN,
        "Total Unusual Items Excluding Goodwill": NaN,
        "Net Income From Continuing Operation Net Minority Interest": NaN,
        "Reconciled Depreciation": NaN,
        "Reconciled Cost Of Revenue": NaN,
        "EBITDA": NaN,
        "EBIT": NaN,
        "Net Interest Income": NaN,
        "Interest Income": 220000.0,
        "Normalized Income": NaN,
        "Net Income From Continuing And Discontinued Operation": NaN,
        "Total Expenses": NaN,
        "Total Operating Income As Reported": NaN,
        "Diluted Average Shares": 2377000.0,
        "Basic Average Shares": 2377000.0,
        "Diluted EPS": -1.27,
        "Basic EPS": -1.27,
        "Diluted NI Availto Com Stockholders": NaN,
        "Net Income Common Stockholders": NaN,
        "Net Income": NaN,
        "Net Income Including Noncontrolling Interests": NaN,
        "Net Income Continuous Operations": NaN,
        "Tax Provision": NaN,
        "Pretax Income": NaN,
        "Other Income Expense": NaN,
        "Other Non Operating Income Expenses": NaN,
        "Special Income Charges": 0.0,
        "Impairment Of Capital Assets": NaN,
        "Gain On Sale Of Security": NaN,
        "Net Non Operating Interest Income Expense": NaN,
        "Interest Income Non Operating": 220000.0,
        "Operating Income": NaN,
        "Operating Expense": NaN,
        "Depreciation Amortization Depletion Income Statement": NaN,
        "Depreciation And Amortization In Income Statement": NaN,
        "Research And Development": NaN,
        "Selling General And Administration": NaN,
        "General And Administrative Expense": NaN,
        "Other Gand A": NaN,
        "Gross Profit": NaN,
        "Cost Of Revenue": NaN,
        "Total Revenue": NaN,
        "Operating Revenue": NaN
    },
    "2023-09-30": {
        "Tax Effect Of Unusual Items": 461.728395,
        "Tax Rate For Calcs": 0.02716,
        "Normalized EBITDA": -1773000.0,
        "Total Unusual Items": 17000.0,
        "Total Unusual Items Excluding Goodwill": 17000.0,
        "Net Income From Continuing Operation Net Minority Interest": -1970000.0,
        "Reconciled Depreciation": 452000.0,
        "Reconciled Cost Of Revenue": 3337000.0,
        "EBITDA": -1756000.0,
        "EBIT": -2208000.0,
        "Net Interest Income": 202000.0,
        "Interest Income": 202000.0,
        "Normalized Income": -1986538.271605,
        "Net Income From Continuing And Discontinued Operation": -1970000.0,
        "Total Expenses": 9387000.0,
        "Total Operating Income As Reported": -2291000.0,
        "Diluted Average Shares": 2382000.0,
        "Basic Average Shares": 2382000.0,
        "Diluted EPS": -0.83,
        "Basic EPS": -0.83,
        "Diluted NI Availto Com Stockholders": -1970000.0,
        "Net Income Common Stockholders": -1970000.0,
        "Net Income": -1970000.0,
        "Net Income Including Noncontrolling Interests": -1970000.0,
        "Net Income Continuous Operations": -1970000.0,
        "Tax Provision": -55000.0,
        "Pretax Income": -2025000.0,
        "Other Income Expense": -19000.0,
        "Other Non Operating Income Expenses": -36000.0,
        "Special Income Charges": -83000.0,
        "Impairment Of Capital Assets": 83000.0,
        "Gain On Sale Of Security": 100000.0,
        "Net Non Operating Interest Income Expense": 202000.0,
        "Interest Income Non Operating": 202000.0,
        "Operating Income": -2208000.0,
        "Operating Expense": 5909000.0,
        "Depreciation Amortization Depletion Income Statement": 311000.0,
        "Depreciation And Amortization In Income Statement": 311000.0,
        "Research And Development": 805000.0,
        "Selling General And Administration": 4793000.0,
        "General And Administrative Expense": 4793000.0,
        "Other Gand A": 4793000.0,
        "Gross Profit": 3701000.0,
        "Cost Of Revenue": 3478000.0,
        "Total Revenue": 7179000.0,
        "Operating Revenue": 7179000.0
    },
    "2023-12-31": {
        "Tax Effect Of Unusual Items": 2336.217553,
        "Tax Rate For Calcs": 0.02225,
        "Normalized EBITDA": -2233000.0,
        "Total Unusual Items": 105000.0,
        "Total Unusual Items Excluding Goodwill": 105000.0,
        "Net Income From Continuing Operation Net Minority Interest": -2373000.0,
        "Reconciled Depreciation": 447000.0,
        "Reconciled Cost Of Revenue": 4311000.0,
        "EBITDA": -2128000.0,
        "EBIT": -2575000.0,
        "Net Interest Income": 5000.0,
        "Interest Income": NaN,
        "Normalized Income": -2475663.782447,
        "Net Income From Continuing And Discontinued Operation": -2373000.0,
        "Total Expenses": 10647000.0,
        "Total Operating Income As Reported": -2575000.0,
        "Diluted Average Shares": NaN,
        "Basic Average Shares": NaN,
        "Diluted EPS": NaN,
        "Basic EPS": NaN,
        "Diluted NI Availto Com Stockholders": -2373000.0,
        "Net Income Common Stockholders": -2373000.0,
        "Net Income": -2373000.0,
        "Net Income Including Noncontrolling Interests": -2373000.0,
        "Net Income Continuous Operations": -2373000.0,
        "Tax Provision": -54000.0,
        "Pretax Income": -2427000.0,
        "Other Income Expense": 143000.0,
        "Other Non Operating Income Expenses": 38000.0,
        "Special Income Charges": 0.0,
        "Impairment Of Capital Assets": 0.0,
        "Gain On Sale Of Security": 105000.0,
        "Net Non Operating Interest Income Expense": 5000.0,
        "Interest Income Non Operating": NaN,
        "Operating Income": -2575000.0,
        "Operating Expense": 6237000.0,
        "Depreciation Amortization Depletion Income Statement": 348000.0,
        "Depreciation And Amortization In Income Statement": 348000.0,
        "Research And Development": 1013000.0,
        "Selling General And Administration": 4876000.0,
        "General And Administrative Expense": 4876000.0,
        "Other Gand A": 4876000.0,
        "Gross Profit": 3662000.0,
        "Cost Of Revenue": 4410000.0,
        "Total Revenue": 8072000.0,
        "Operating Revenue": 8072000.0
    },
    "2024-03-31": {
        "Tax Effect Of Unusual Items": 7073.778664,
        "Tax Rate For Calcs": 0.054835,
        "Normalized EBITDA": -1290000.0,
        "Total Unusual Items": 129000.0,
        "Total Unusual Items Excluding Goodwill": 129000.0,
        "Net Income From Continuing Operation Net Minority Interest": -948000.0,
        "Reconciled Depreciation": 437000.0,
        "Reconciled Cost Of Revenue": 3666000.0,
        "EBITDA": -1161000.0,
        "EBIT": -1598000.0,
        "Net Interest Income": 91000.0,
        "Interest Income": 91000.0,
        "Normalized Income": -1069926.221336,
        "Net Income From Continuing And Discontinued Operation": -948000.0,
        "Total Expenses": 10196000.0,
        "Total Operating Income As Reported": -1598000.0,
        "Diluted Average Shares": 2444000.0,
        "Basic Average Shares": 2444000.0,
        "Diluted EPS": -0.39,
        "Basic EPS": -0.39,
        "Diluted NI Availto Com Stockholders": -948000.0,
        "Net Income Common Stockholders": -948000.0,
        "Net Income": -948000.0,
        "Net Income Including Noncontrolling Interests": -948000.0,
        "Net Income Continuous Operations": -948000.0,
        "Tax Provision": -55000.0,
        "Pretax Income": -1003000.0,
        "Other Income Expense": 504000.0,
        "Other Non Operating Income Expenses": 375000.0,
        "Special Income Charges": NaN,
        "Impairment Of Capital Assets": NaN,
        "Gain On Sale Of Security": 129000.0,
        "Net Non Operating Interest Income Expense": 91000.0,
        "Interest Income Non Operating": 91000.0,
        "Operating Income": -1598000.0,
        "Operating Expense": 6440000.0,
        "Depreciation Amortization Depletion Income Statement": 347000.0,
        "Depreciation And Amortization In Income Statement": 347000.0,
        "Research And Development": 799000.0,
        "Selling General And Administration": 5294000.0,
        "General And Administrative Expense": 5294000.0,
        "Other Gand A": 5294000.0,
        "Gross Profit": 4842000.0,
        "Cost Of Revenue": 3756000.0,
        "Total Revenue": 8598000.0,
        "Operating Revenue": 8598000.0
    },
    "2024-06-30": {
        "Tax Effect Of Unusual Items": 3578.313253,
        "Tax Rate For Calcs": 0.023236,
        "Normalized EBITDA": -2236000.0,
        "Total Unusual Items": 154000.0,
        "Total Unusual Items Excluding Goodwill": 154000.0,
        "Net Income From Continuing Operation Net Minority Interest": -2270000.0,
        "Reconciled Depreciation": 482000.0,
        "Reconciled Cost Of Revenue": 3900000.0,
        "EBITDA": -2082000.0,
        "EBIT": -2564000.0,
        "Net Interest Income": 87000.0,
        "Interest Income": 87000.0,
        "Normalized Income": -2420421.686747,
        "Net Income From Continuing And Discontinued Operation": -2270000.0,
        "Total Expenses": 11266000.0,
        "Total Operating Income As Reported": -2564000.0,
        "Diluted Average Shares": 2452000.0,
        "Basic Average Shares": 2452000.0,
        "Diluted EPS": -0.93,
        "Basic EPS": -0.93,
        "Diluted NI Availto Com Stockholders": -2270000.0,
        "Net Income Common Stockholders": -2270000.0,
        "Net Income": -2270000.0,
        "Net Income Including Noncontrolling Interests": -2270000.0,
        "Net Income Continuous Operations": -2270000.0,
        "Tax Provision": -54000.0,
        "Pretax Income": -2324000.0,
        "Other Income Expense": 153000.0,
        "Other Non Operating Income Expenses": -1000.0,
        "Special Income Charges": NaN,
        "Impairment Of Capital Assets": NaN,
        "Gain On Sale Of Security": 154000.0,
        "Net Non Operating Interest Income Expense": 87000.0,
        "Interest Income Non Operating": 87000.0,
        "Operating Income": -2564000.0,
        "Operating Expense": 7227000.0,
        "Depreciation Amortization Depletion Income Statement": 343000.0,
        "Depreciation And Amortization In Income Statement": 343000.0,
        "Research And Development": 966000.0,
        "Selling General And Administration": 5918000.0,
        "General And Administrative Expense": 5918000.0,
        "Other Gand A": 5918000.0,
        "Gross Profit": 4663000.0,
        "Cost Of Revenue": 4039000.0,
        "Total Revenue": 8702000.0,
        "Operating Revenue": 8702000.0
    },
    "2024-09-30": {
        "Tax Effect Of Unusual Items": 303.944316,
        "Tax Rate For Calcs": 0.00232,
        "Normalized EBITDA": -3063000.0,
        "Total Unusual Items": 131000.0,
        "Total Unusual Items Excluding Goodwill": 131000.0,
        "Net Income From Continuing Operation Net Minority Interest": -3010000.0,
        "Reconciled Depreciation": 328000.0,
        "Reconciled Cost Of Revenue": 3788000.0,
        "EBITDA": -2932000.0,
        "EBIT": -3260000.0,
        "Net Interest Income": 86000.0,
        "Interest Income": 86000.0,
        "Normalized Income": -3140696.055684,
        "Net Income From Continuing And Discontinued Operation": -3010000.0,
        "Total Expenses": 10326000.0,
        "Total Operating Income As Reported": -3260000.0,
        "Diluted Average Shares": 2464000.0,
        "Basic Average Shares": 2464000.0,
        "Diluted EPS": -1.22,
        "Basic EPS": -1.22,
        "Diluted NI Availto Com Stockholders": -3010000.0,
        "Net Income Common Stockholders": -3010000.0,
        "Net Income": -3010000.0,
        "Net Income Including Noncontrolling Interests": -3010000.0,
        "Net Income Continuous Operations": -3010000.0,
        "Tax Provision": -7000.0,
        "Pretax Income": -3017000.0,
        "Other Income Expense": 157000.0,
        "Other Non Operating Income Expenses": 26000.0,
        "Special Income Charges": 0.0,
        "Impairment Of Capital Assets": 0.0,
        "Gain On Sale Of Security": 131000.0,
        "Net Non Operating Interest Income Expense": 86000.0,
        "Interest Income Non Operating": 86000.0,
        "Operating Income": -3260000.0,
        "Operating Expense": 6531000.0,
        "Depreciation Amortization Depletion Income Statement": 321000.0,
        "Depreciation And Amortization In Income Statement": 321000.0,
        "Research And Development": 1160000.0,
        "Selling General And Administration": 5050000.0,
        "General And Administrative Expense": 5050000.0,
        "Other Gand A": 5050000.0,
        "Gross Profit": 3271000.0,
        "Cost Of Revenue": 3795000.0,
        "Total Revenue": 7066000.0,
        "Operating Revenue": 7066000.0
    }
}