{
    "2022-12-31": {
        "Tax Effect Of Unusual Items": -70500379.377,
        "Tax Rate For Calcs": 0.170289,
        "Normalized EBITDA": 5139302000.0,
        "Total Unusual Items": -414004000.0,
        "Total Unusual Items Excluding Goodwill": -414004000.0,
        "Net Income From Continuing Operation Net Minority Interest": 1126334000.0,
        "Reconciled Depreciation": 3263223000.0,
        "Reconciled Cost Of Revenue": 4584694000.0,
        "EBITDA": 4725298000.0,
        "EBIT": 1462075000.0,
        "Net Interest Income": -315663000.0,
        "Interest Expense": 105124000.0,
        "Interest Income": 148026000.0,
        "Normalized Income": 1469837620.623,
        "Net Income From Continuing And Discontinued Operation": 1126334000.0,
        "Total Expenses": 10562068000.0,
        "Rent Expense Supplemental": 362901000.0,
        "Total Operating Income As Reported": 1960693000.0,
        "Diluted Average Shares": NaN,
        "Basic Average Shares": NaN,
        "Diluted EPS": NaN,
        "Basic EPS": NaN,
        "Diluted NI Availto Com Stockholders": 1126334000.0,
        "Net Income Common Stockholders": 1126334000.0,
        "Net Income": 1126334000.0,
        "Minority Interests": 457000.0,
        "Net Income Including Noncontrolling Interests": 1125877000.0,
        "Net Income Continuous Operations": 1125877000.0,
        "Tax Provision": 231074000.0,
        "Pretax Income": 1356951000.0,
        "Other Income Expense": -424556000.0,
        "Special Income Charges": -315131000.0,
        "Write Off": 315131000.0,
        "Earnings From Equity Interest": -10552000.0,
        "Gain On Sale Of Security": -98873000.0,
        "Net Non Operating Interest Income Expense": -315663000.0,
        "Total Other Finance Cost": 358565000.0,
        "Interest Expense Non Operating": 105124000.0,
        "Interest Income Non Operating": 148026000.0,
        "Operating Income": 2097170000.0,
        "Operating Expense": 3308352000.0,
        "Other Operating Expenses": -120371000.0,
        "Other Taxes": 54070000.0,
        "Provision For Doubtful Accounts": NaN,
        "Depreciation Amortization Depletion Income Statement": 594201000.0,
        "Depreciation And Amortization In Income Statement": 594201000.0,
        "Selling General And Administration": 2780452000.0,
        "Selling And Marketing Expense": 1393900000.0,
        "General And Administrative Expense": 1386552000.0,
        "Other Gand A": 324267000.0,
        "Rent And Landing Fees": 31183000.0,
        "Salaries And Wages": 1031102000.0,
        "Gross Profit": 5405522000.0,
        "Cost Of Revenue": 7253716000.0,
        "Total Revenue": 12659238000.0,
        "Operating Revenue": 32379098000.0
    },
    "2022-09-30": {
        "Tax Effect Of Unusual Items": NaN,
        "Tax Rate For Calcs": NaN,
        "Normalized EBITDA": NaN,
        "Total Unusual Items": NaN,
        "Total Unusual Items Excluding Goodwill": NaN,
        "Net Income From Continuing Operation Net Minority Interest": NaN,
        "Reconciled Depreciation": NaN,
        "Reconciled Cost Of Revenue": NaN,
        "EBITDA": NaN,
        "EBIT": NaN,
        "Net Interest Income": NaN,
        "Interest Expense": NaN,
        "Interest Income": NaN,
        "Normalized Income": NaN,
        "Net Income From Continuing And Discontinued Operation": NaN,
        "Total Expenses": NaN,
        "Rent Expense Supplemental": NaN,
        "Total Operating Income As Reported": NaN,
        "Diluted Average Shares": 1667332831.0,
        "Basic Average Shares": 1667332831.0,
        "Diluted EPS": 0.863531,
        "Basic EPS": 0.863531,
        "Diluted NI Availto Com Stockholders": NaN,
        "Net Income Common Stockholders": NaN,
        "Net Income": NaN,
        "Minority Interests": NaN,
        "Net Income Including Noncontrolling Interests": NaN,
        "Net Income Continuous Operations": NaN,
        "Tax Provision": NaN,
        "Pretax Income": NaN,
        "Other Income Expense": NaN,
        "Special Income Charges": NaN,
        "Other Special Charges": NaN,
        "Write Off": NaN,
        "Earnings From Equity Interest": NaN,
        "Gain On Sale Of Security": NaN,
        "Net Non Operating Interest Income Expense": NaN,
        "Total Other Finance Cost": NaN,
        "Interest Expense Non Operating": NaN,
        "Interest Income Non Operating": NaN,
        "Operating Income": NaN,
        "Operating Expense": NaN,
        "Other Operating Expenses": NaN,
        "Other Taxes": NaN,
        "Provision For Doubtful Accounts": 301000000.0,
        "Depreciation Amortization Depletion Income Statement": NaN,
        "Depreciation And Amortization In Income Statement": NaN,
        "Amortization": NaN,
        "Amortization Of Intangibles Income Statement": NaN,
        "Depreciation Income Statement": NaN,
        "Selling General And Administration": NaN,
        "Selling And Marketing Expense": NaN,
        "General And Administrative Expense": NaN,
        "Other Gand A": NaN,
        "Rent And Landing Fees": NaN,
        "Salaries And Wages": NaN,
        "Gross Profit": NaN,
        "Cost Of Revenue": NaN,
        "Total Revenue": NaN,
        "Excise Taxes": NaN,
        "Operating Revenue": NaN
    },
    "2022-06-30": {
        "Tax Effect Of Unusual Items": -63358013.078609,
        "Tax Rate For Calcs": 0.149057,
        "Normalized EBITDA": 4883222000.0,
        "Total Unusual Items": -425058000.0,
        "Total Unusual Items Excluding Goodwill": -425058000.0,
        "Net Income From Continuing Operation Net Minority Interest": 762672000.0,
        "Reconciled Depreciation": 3096965000.0,
        "Reconciled Cost Of Revenue": 4157178000.0,
        "EBITDA": 4458164000.0,
        "EBIT": 1361199000.0,
        "Net Interest Income": -329397000.0,
        "Interest Expense": 484959000.0,
        "Interest Income": 135048000.0,
        "Normalized Income": 1124371986.921391,
        "Net Income From Continuing And Discontinued Operation": 762672000.0,
        "Total Expenses": 10223530000.0,
        "Rent Expense Supplemental": 321335000.0,
        "Total Operating Income As Reported": 1477305000.0,
        "Diluted Average Shares": 1672837000.0,
        "Basic Average Shares": 1672837000.0,
        "Diluted EPS": 0.46,
        "Basic EPS": 0.46,
        "Diluted NI Availto Com Stockholders": 762672000.0,
        "Net Income Common Stockholders": 762672000.0,
        "Net Income": 762672000.0,
        "Minority Interests": 17042000.0,
        "Net Income Including Noncontrolling Interests": 745630000.0,
        "Net Income Continuous Operations": 745630000.0,
        "Tax Provision": 130610000.0,
        "Pretax Income": 876240000.0,
        "Other Income Expense": -429142000.0,
        "Special Income Charges": -183570000.0,
        "Gain On Sale Of Ppe": 160740000.0,
        "Write Off": 344310000.0,
        "Earnings From Equity Interest": -4084000.0,
        "Gain On Sale Of Security": -241488000.0,
        "Net Non Operating Interest Income Expense": -329397000.0,
        "Total Other Finance Cost": -20514000.0,
        "Interest Expense Non Operating": 484959000.0,
        "Interest Income Non Operating": 135048000.0,
        "Operating Income": 1607779000.0,
        "Operating Expense": 3556121000.0,
        "Other Operating Expenses": 166122000.0,
        "Other Taxes": 45756000.0,
        "Depreciation Amortization Depletion Income Statement": 586734000.0,
        "Depreciation And Amortization In Income Statement": 586734000.0,
        "Selling General And Administration": 2757509000.0,
        "Selling And Marketing Expense": 1545192000.0,
        "General And Administrative Expense": 1212317000.0,
        "Other Gand A": 261292000.0,
        "Rent And Landing Fees": 29849000.0,
        "Salaries And Wages": 921176000.0,
        "Gross Profit": 5163900000.0,
        "Cost Of Revenue": 6667409000.0,
        "Total Revenue": 11831309000.0,
        "Operating Revenue": 11831309000.0
    },
    "2023-06-30": {
        "Tax Effect Of Unusual Items": NaN,
        "Tax Rate For Calcs": NaN,
        "Normalized EBITDA": NaN,
        "Total Unusual Items": NaN,
        "Total Unusual Items Excluding Goodwill": NaN,
        "Net Income From Continuing Operation Net Minority Interest": NaN,
        "Reconciled Depreciation": NaN,
        "Reconciled Cost Of Revenue": NaN,
        "EBITDA": NaN,
        "EBIT": NaN,
        "Net Interest Income": NaN,
        "Interest Expense": 143269000.0,
        "Interest Income": 153614000.0,
        "Normalized Income": NaN,
        "Net Income From Continuing And Discontinued Operation": NaN,
        "Total Expenses": NaN,
        "Rent Expense Supplemental": 340026000.0,
        "Total Operating Income As Reported": 1872454000.0,
        "Diluted Average Shares": NaN,
        "Basic Average Shares": NaN,
        "Diluted EPS": NaN,
        "Basic EPS": NaN,
        "Diluted NI Availto Com Stockholders": NaN,
        "Net Income Common Stockholders": NaN,
        "Net Income": NaN,
        "Minority Interests": NaN,
        "Net Income Including Noncontrolling Interests": NaN,
        "Net Income Continuous Operations": NaN,
        "Tax Provision": NaN,
        "Pretax Income": NaN,
        "Other Income Expense": NaN,
        "Special Income Charges": -379570000.0,
        "Other Special Charges": NaN,
        "Write Off": 379570000.0,
        "Earnings From Equity Interest": -5446000.0,
        "Gain On Sale Of Security": NaN,
        "Net Non Operating Interest Income Expense": NaN,
        "Total Other Finance Cost": NaN,
        "Interest Expense Non Operating": 143269000.0,
        "Interest Income Non Operating": 153614000.0,
        "Operating Income": NaN,
        "Operating Expense": NaN,
        "Other Operating Expenses": NaN,
        "Other Taxes": 19942000.0,
        "Provision For Doubtful Accounts": 380000000.0,
        "Depreciation Amortization Depletion Income Statement": NaN,
        "Depreciation And Amortization In Income Statement": NaN,
        "Amortization": 631000000.0,
        "Amortization Of Intangibles Income Statement": 631000000.0,
        "Depreciation Income Statement": 2576000000.0,
        "Selling General And Administration": NaN,
        "Selling And Marketing Expense": 1463990000.0,
        "General And Administrative Expense": NaN,
        "Other Gand A": NaN,
        "Rent And Landing Fees": 31375000.0,
        "Salaries And Wages": NaN,
        "Gross Profit": NaN,
        "Cost Of Revenue": NaN,
        "Total Revenue": NaN,
        "Excise Taxes": NaN,
        "Operating Revenue": NaN
    },
    "2023-03-31": {
        "Tax Effect Of Unusual Items": NaN,
        "Tax Rate For Calcs": NaN,
        "Normalized EBITDA": NaN,
        "Total Unusual Items": NaN,
        "Total Unusual Items Excluding Goodwill": NaN,
        "Net Income From Continuing Operation Net Minority Interest": NaN,
        "Reconciled Depreciation": NaN,
        "Reconciled Cost Of Revenue": NaN,
        "EBITDA": NaN,
        "EBIT": NaN,
        "Net Interest Income": NaN,
        "Interest Expense": NaN,
        "Interest Income": NaN,
        "Normalized Income": NaN,
        "Net Income From Continuing And Discontinued Operation": NaN,
        "Total Expenses": NaN,
        "Rent Expense Supplemental": NaN,
        "Total Operating Income As Reported": NaN,
        "Diluted Average Shares": NaN,
        "Basic Average Shares": NaN,
        "Diluted EPS": NaN,
        "Basic EPS": NaN,
        "Diluted NI Availto Com Stockholders": NaN,
        "Net Income Common Stockholders": NaN,
        "Net Income": NaN,
        "Minority Interests": NaN,
        "Net Income Including Noncontrolling Interests": NaN,
        "Net Income Continuous Operations": NaN,
        "Tax Provision": NaN,
        "Pretax Income": NaN,
        "Other Income Expense": NaN,
        "Special Income Charges": NaN,
        "Other Special Charges": 157036000.0,
        "Write Off": NaN,
        "Earnings From Equity Interest": NaN,
        "Gain On Sale Of Security": NaN,
        "Net Non Operating Interest Income Expense": NaN,
        "Total Other Finance Cost": NaN,
        "Interest Expense Non Operating": NaN,
        "Interest Income Non Operating": NaN,
        "Operating Income": NaN,
        "Operating Expense": NaN,
        "Other Operating Expenses": NaN,
        "Other Taxes": NaN,
        "Provision For Doubtful Accounts": NaN,
        "Depreciation Amortization Depletion Income Statement": NaN,
        "Depreciation And Amortization In Income Statement": NaN,
        "Amortization": NaN,
        "Amortization Of Intangibles Income Statement": NaN,
        "Depreciation Income Statement": NaN,
        "Selling General And Administration": NaN,
        "Selling And Marketing Expense": NaN,
        "General And Administrative Expense": NaN,
        "Other Gand A": NaN,
        "Rent And Landing Fees": NaN,
        "Salaries And Wages": NaN,
        "Gross Profit": NaN,
        "Cost Of Revenue": NaN,
        "Total Revenue": NaN,
        "Excise Taxes": 2451304000.0,
        "Operating Revenue": NaN
    },
    "2022-03-31": {
        "Diluted EPS": 0.09,
        "Total Revenue": NaN,
        "Gross Profit": 936,
        "Operating Income": 275,
        "EBIT": 863,
        "Net Income": 145
    },
    "2021-09-30": {
        "Diluted EPS": 0.15,
        "Total Revenue": NaN,
        "Gross Profit": 927,
        "Operating Income": 340,
        "EBIT": 340,
        "Net Income": 252
    },
    "2020-12-31": {
        "Diluted EPS": 0.11,
        "Total Revenue": NaN,
        "Gross Profit": 924,
        "Operating Income": 345,
        "EBIT": 978,
        "Net Income": 232
    },
    "2020-09-30": {
        "Diluted EPS": 0.13,
        "Total Revenue": NaN,
        "Gross Profit": 918,
        "Operating Income": 286,
        "EBIT": 802,
        "Net Income": 225
    },
    "2020-06-30": {
        "Diluted EPS": 0.12,
        "Total Revenue": NaN,
        "Gross Profit": 913,
        "Operating Income": 247,
        "EBIT": 657,
        "Net Income": 208
    },
    "2020-03-31": {
        "Diluted EPS": 0.17,
        "Total Revenue": NaN,
        "Gross Profit": NaN,
        "Operating Income": 398,
        "EBIT": NaN,
        "Net Income": 261
    },
    "2019-12-31": {
        "Diluted EPS": 0.21,
        "Total Revenue": NaN,
        "Gross Profit": NaN,
        "Operating Income": 479,
        "EBIT": NaN,
        "Net Income": 305
    },
    "2019-09-30": {
        "Diluted EPS": 0.14,
        "Total Revenue": NaN,
        "Gross Profit": NaN,
        "Operating Income": 463,
        "EBIT": NaN,
        "Net Income": 244
    },
    "2019-06-30": {
        "Diluted EPS": 0.22,
        "Total Revenue": NaN,
        "Gross Profit": NaN,
        "Operating Income": 415,
        "EBIT": NaN,
        "Net Income": 362
    },
    "2019-03-31": {
        "Diluted EPS": 0.21,
        "Total Revenue": NaN,
        "Gross Profit": NaN,
        "Operating Income": 470,
        "EBIT": NaN,
        "Net Income": 356
    },
    "2018-12-31": {
        "Diluted EPS": 0.26,
        "Total Revenue": NaN,
        "Gross Profit": NaN,
        "Operating Income": NaN,
        "EBIT": NaN,
        "Net Income": 416
    },
    "2018-09-30": {
        "Diluted EPS": 0.48,
        "Total Revenue": NaN,
        "Gross Profit": NaN,
        "Operating Income": 697,
        "EBIT": NaN,
        "Net Income": 807
    },
    "2018-06-30": {
        "Diluted EPS": 0.52,
        "Total Revenue": NaN,
        "Gross Profit": NaN,
        "Operating Income": 888,
        "EBIT": NaN,
        "Net Income": 881
    },
    "2018-03-31": {
        "Diluted EPS": 0.23,
        "Total Revenue": NaN,
        "Gross Profit": NaN,
        "Operating Income": -358,
        "EBIT": 258,
        "Net Income": 339
    },
    "2017-12-31": {
        "Diluted EPS": 0.31,
        "Total Revenue": NaN,
        "Gross Profit": NaN,
        "Operating Income": 545,
        "EBIT": 545,
        "Net Income": 468
    },
    "2017-09-30": {
        "Diluted EPS": 0.23,
        "Total Revenue": NaN,
        "Gross Profit": NaN,
        "Operating Income": 542,
        "EBIT": 542,
        "Net Income": 387
    },
    "2017-06-30": {
        "Diluted EPS": 0.16,
        "Total Revenue": NaN,
        "Gross Profit": NaN,
        "Operating Income": 490,
        "EBIT": NaN,
        "Net Income": 272
    },
    "2017-03-31": {
        "Diluted EPS": 0.19,
        "Total Revenue": NaN,
        "Gross Profit": NaN,
        "Operating Income": 500,
        "EBIT": NaN,
        "Net Income": 317
    },
    "2016-12-31": {
        "Diluted EPS": 0.22,
        "Total Revenue": NaN,
        "Gross Profit": NaN,
        "Operating Income": 544,
        "EBIT": 937,
        "Net Income": 364
    },
    "2016-09-30": {
        "Diluted EPS": 0.17,
        "Total Revenue": NaN,
        "Gross Profit": NaN,
        "Operating Income": 444,
        "EBIT": NaN,
        "Net Income": 294
    },
    "2016-06-30": {
        "Diluted EPS": 0.12,
        "Total Revenue": NaN,
        "Gross Profit": NaN,
        "Operating Income": 356,
        "EBIT": 969,
        "Net Income": 200
    },
    "2016-03-31": {
        "Diluted EPS": 0.19,
        "Total Revenue": NaN,
        "Gross Profit": NaN,
        "Operating Income": 482,
        "EBIT": 974,
        "Net Income": 313
    },
    "2015-12-31": {
        "Diluted EPS": 0.18,
        "Total Revenue": NaN,
        "Gross Profit": NaN,
        "Operating Income": 402,
        "EBIT": NaN,
        "Net Income": 304
    },
    "2015-09-30": {
        "Diluted EPS": 0.15,
        "Total Revenue": NaN,
        "Gross Profit": NaN,
        "Operating Income": 380,
        "EBIT": 779,
        "Net Income": 253
    },
    "2015-06-30": {
        "Diluted EPS": 0.19,
        "Total Revenue": NaN,
        "Gross Profit": NaN,
        "Operating Income": 409,
        "EBIT": 925,
        "Net Income": 283
    },
    "2015-03-31": {
        "Diluted EPS": 0.18,
        "Total Revenue": NaN,
        "Gross Profit": NaN,
        "Operating Income": 409,
        "EBIT": 903,
        "Net Income": 204
    },
    "2014-12-31": {
        "Diluted EPS": 0.42,
        "Total Revenue": NaN,
        "Gross Profit": NaN,
        "Operating Income": 311,
        "EBIT": 833,
        "Net Income": 464
    },
    "2014-09-30": {
        "Diluted EPS": 0.4,
        "Total Revenue": NaN,
        "Gross Profit": NaN,
        "Operating Income": 546,
        "EBIT": NaN,
        "Net Income": 451
    },
    "2014-06-30": {
        "Diluted EPS": 0.79,
        "Total Revenue": NaN,
        "Gross Profit": NaN,
        "Operating Income": 606,
        "EBIT": NaN,
        "Net Income": 894
    },
    "2014-03-31": {
        "Diluted EPS": 0.27,
        "Total Revenue": NaN,
        "Gross Profit": NaN,
        "Operating Income": 721,
        "EBIT": NaN,
        "Net Income": 299
    },
    "2013-12-31": {
        "Diluted EPS": 0.36,
        "Total Revenue": NaN,
        "Gross Profit": 578,
        "Operating Income": NaN,
        "EBIT": NaN,
        "Net Income": 409
    },
    "2013-09-30": {
        "Diluted EPS": 0.29,
        "Total Revenue": NaN,
        "Gross Profit": NaN,
        "Operating Income": 427,
        "EBIT": 890,
        "Net Income": 331
    },
    "2013-06-30": {
        "Diluted EPS": 0.36,
        "Total Revenue": NaN,
        "Gross Profit": NaN,
        "Operating Income": 229,
        "EBIT": 911,
        "Net Income": 410
    },
    "2013-03-31": {
        "Diluted EPS": 0.36,
        "Total Revenue": NaN,
        "Gross Profit": NaN,
        "Operating Income": 637,
        "EBIT": NaN,
        "Net Income": 402
    },
    "2012-12-31": {
        "Diluted EPS": 0.64,
        "Total Revenue": NaN,
        "Gross Profit": NaN,
        "Operating Income": NaN,
        "EBIT": NaN,
        "Net Income": 717
    },
    "2012-09-30": {
        "Diluted EPS": 0.41,
        "Total Revenue": NaN,
        "Gross Profit": NaN,
        "Operating Income": 754,
        "EBIT": 754,
        "Net Income": 462
    },
    "2012-06-30": {
        "Diluted EPS": 0.47,
        "Total Revenue": NaN,
        "Gross Profit": NaN,
        "Operating Income": NaN,
        "EBIT": NaN,
        "Net Income": 531
    },
    "2012-03-31": {
        "Diluted EPS": 0.48,
        "Total Revenue": NaN,
        "Gross Profit": NaN,
        "Operating Income": 866,
        "EBIT": NaN,
        "Net Income": 542
    },
    "2011-12-31": {
        "Diluted EPS": 0.52,
        "Total Revenue": NaN,
        "Gross Profit": NaN,
        "Operating Income": NaN,
        "EBIT": NaN,
        "Net Income": 815
    },
    "2011-09-30": {
        "Diluted EPS": 0.7,
        "Total Revenue": NaN,
        "Gross Profit": NaN,
        "Operating Income": NaN,
        "EBIT": -814,
        "Net Income": 821
    },
    "2011-06-30": {
        "Diluted EPS": 0.78,
        "Total Revenue": NaN,
        "Gross Profit": NaN,
        "Operating Income": NaN,
        "EBIT": NaN,
        "Net Income": 718
    },
    "2011-03-31": {
        "Diluted EPS": 0.5,
        "Total Revenue": NaN,
        "Gross Profit": 945,
        "Operating Income": 378,
        "EBIT": 701,
        "Net Income": 251
    },
    "2010-12-31": {
        "Diluted EPS": 0.5,
        "Total Revenue": NaN,
        "Gross Profit": -728,
        "Operating Income": 482,
        "EBIT": 776,
        "Net Income": 342
    },
    "2010-09-30": {
        "Diluted EPS": 0.75,
        "Total Revenue": NaN,
        "Gross Profit": NaN,
        "Operating Income": 513,
        "EBIT": 804,
        "Net Income": 379
    },
    "2010-06-30": {
        "Diluted EPS": 0.77,
        "Total Revenue": NaN,
        "Gross Profit": NaN,
        "Operating Income": NaN,
        "EBIT": NaN,
        "Net Income": 390
    },
    "2010-03-31": {
        "Diluted EPS": 0.45,
        "Total Revenue": NaN,
        "Gross Profit": NaN,
        "Operating Income": 405,
        "EBIT": 722,
        "Net Income": 226
    },
    "2009-12-31": {
        "Diluted EPS": 0.0,
        "Total Revenue": NaN,
        "Gross Profit": 90,
        "Operating Income": 443,
        "EBIT": 696,
        "Net Income": 309
    },
    "2009-09-30": {
        "Diluted EPS": 0.69,
        "Total Revenue": NaN,
        "Gross Profit": NaN,
        "Operating Income": 631,
        "EBIT": NaN,
        "Net Income": 351
    },
    "2009-06-30": {
        "Diluted EPS": 0.57,
        "Total Revenue": NaN,
        "Gross Profit": NaN,
        "Operating Income": 560,
        "EBIT": 899,
        "Net Income": 289
    },
    "2009-03-31": {
        "Diluted EPS": 0.46,
        "Total Revenue": NaN,
        "Gross Profit": NaN,
        "Operating Income": 534,
        "EBIT": 816,
        "Net Income": 234
    },
    "2023-09-30": {
        "Tax Effect Of Unusual Items": -139534.883721,
        "Tax Rate For Calcs": 0.046512,
        "Normalized EBITDA": 5541047000.0,
        "Total Unusual Items": -3000000.0,
        "Total Unusual Items Excluding Goodwill": -3000000.0,
        "Net Income From Continuing Operation Net Minority Interest": 1472000000.0,
        "Reconciled Depreciation": 3418047000.0,
        "Reconciled Cost Of Revenue": 2484953000.0,
        "EBITDA": 5538047000.0,
        "EBIT": 2120000000.0,
        "Net Interest Income": -570000000.0,
        "Interest Expense": 145900000.0,
        "Interest Income": 293223000.0,
        "Normalized Income": 1474860465.116279,
        "Net Income From Continuing And Discontinued Operation": 1472000000.0,
        "Total Expenses": 10991000000.0,
        "Rent Expense Supplemental": 358755000.0,
        "Total Operating Income As Reported": 2118012000.0,
        "Diluted Average Shares": 1653932584.0,
        "Basic Average Shares": 1653932584.0,
        "Diluted EPS": 0.89,
        "Basic EPS": 0.89,
        "Diluted NI Availto Com Stockholders": 1472000000.0,
        "Net Income Common Stockholders": 1472000000.0,
        "Net Income": 1472000000.0,
        "Minority Interests": -5000000.0,
        "Net Income Including Noncontrolling Interests": 1477000000.0,
        "Net Income Continuous Operations": 1477000000.0,
        "Tax Provision": 72000000.0,
        "Pretax Income": 1548000000.0,
        "Other Income Expense": -3000000.0,
        "Special Income Charges": -291029000.0,
        "Other Special Charges": NaN,
        "Write Off": 291029000.0,
        "Earnings From Equity Interest": -3023000.0,
        "Gain On Sale Of Security": -3000000.0,
        "Net Non Operating Interest Income Expense": -570000000.0,
        "Total Other Finance Cost": 570000000.0,
        "Interest Expense Non Operating": 145900000.0,
        "Interest Income Non Operating": 293223000.0,
        "Operating Income": 2120000000.0,
        "Operating Expense": 8506000000.0,
        "Other Operating Expenses": 3041000000.0,
        "Other Taxes": 14971000.0,
        "Provision For Doubtful Accounts": 291000000.0,
        "Depreciation Amortization Depletion Income Statement": 3418000000.0,
        "Depreciation And Amortization In Income Statement": 3418000000.0,
        "Amortization": 850000000.0,
        "Amortization Of Intangibles Income Statement": 850000000.0,
        "Depreciation Income Statement": 2568000000.0,
        "Selling General And Administration": 1756000000.0,
        "Selling And Marketing Expense": 1458123000.0,
        "General And Administrative Expense": 1756000000.0,
        "Other Gand A": 333000000.0,
        "Rent And Landing Fees": 30293000.0,
        "Salaries And Wages": 1423000000.0,
        "Gross Profit": 10626000000.0,
        "Cost Of Revenue": 2485000000.0,
        "Total Revenue": 13111000000.0,
        "Excise Taxes": NaN,
        "Operating Revenue": 11909000000.0
    },
    "2023-12-31": {
        "Tax Effect Of Unusual Items": -2633147.452051,
        "Tax Rate For Calcs": 0.007947,
        "Normalized EBITDA": 5602234000.0,
        "Total Unusual Items": -331326000.0,
        "Total Unusual Items Excluding Goodwill": -331326000.0,
        "Net Income From Continuing Operation Net Minority Interest": 1600646000.0,
        "Reconciled Depreciation": 3504292000.0,
        "Reconciled Cost Of Revenue": 4800419000.0,
        "EBITDA": 5270908000.0,
        "EBIT": 1766616000.0,
        "Net Interest Income": -468864000.0,
        "Interest Expense": 145940000.0,
        "Interest Income": -8576000.0,
        "Normalized Income": 1929338852.547949,
        "Net Income From Continuing And Discontinued Operation": 1600646000.0,
        "Total Expenses": 11117828000.0,
        "Rent Expense Supplemental": 340755000.0,
        "Total Operating Income As Reported": 2251474000.0,
        "Diluted Average Shares": 1650515464.0,
        "Basic Average Shares": 1650515464.0,
        "Diluted EPS": 0.97,
        "Basic EPS": 0.97,
        "Diluted NI Availto Com Stockholders": 1600646000.0,
        "Net Income Common Stockholders": 1600646000.0,
        "Net Income": 1600646000.0,
        "Minority Interests": -7150000.0,
        "Net Income Including Noncontrolling Interests": 1607796000.0,
        "Net Income Continuous Operations": 1607796000.0,
        "Tax Provision": 12880000.0,
        "Pretax Income": 1620676000.0,
        "Other Income Expense": -327358000.0,
        "Special Income Charges": -338632000.0,
        "Other Special Charges": NaN,
        "Write Off": 338632000.0,
        "Earnings From Equity Interest": 3968000.0,
        "Gain On Sale Of Security": 7306000.0,
        "Net Non Operating Interest Income Expense": -468864000.0,
        "Total Other Finance Cost": 314348000.0,
        "Interest Expense Non Operating": 145940000.0,
        "Interest Income Non Operating": -8576000.0,
        "Operating Income": 2416898000.0,
        "Operating Expense": 3413254000.0,
        "Other Operating Expenses": -145058000.0,
        "Other Taxes": 16559000.0,
        "Provision For Doubtful Accounts": NaN,
        "Depreciation Amortization Depletion Income Statement": 600137000.0,
        "Depreciation And Amortization In Income Statement": 600137000.0,
        "Amortization": NaN,
        "Amortization Of Intangibles Income Statement": NaN,
        "Depreciation Income Statement": NaN,
        "Selling General And Administration": 2941616000.0,
        "Selling And Marketing Expense": 1512798000.0,
        "General And Administrative Expense": 1428818000.0,
        "Other Gand A": 285699000.0,
        "Rent And Landing Fees": 31661000.0,
        "Salaries And Wages": 1111458000.0,
        "Gross Profit": 5830152000.0,
        "Cost Of Revenue": 7704574000.0,
        "Total Revenue": 13534726000.0,
        "Excise Taxes": NaN,
        "Operating Revenue": 32664128000.0
    },
    "2024-03-31": {
        "Tax Effect Of Unusual Items": -146689800.0,
        "Tax Rate For Calcs": 0.268,
        "Normalized EBITDA": 5777011000.0,
        "Total Unusual Items": -547350000.0,
        "Total Unusual Items Excluding Goodwill": -547350000.0,
        "Net Income From Continuing Operation Net Minority Interest": 895631000.0,
        "Reconciled Depreciation": 3366327000.0,
        "Reconciled Cost Of Revenue": 4752400000.0,
        "EBITDA": 5229661000.0,
        "EBIT": 1863334000.0,
        "Net Interest Income": -707605000.0,
        "Interest Expense": 639603000.0,
        "Interest Income": 195761000.0,
        "Normalized Income": 1296291200.0,
        "Net Income From Continuing And Discontinued Operation": 895631000.0,
        "Total Expenses": 11066831000.0,
        "Rent Expense Supplemental": 387707000.0,
        "Total Operating Income As Reported": 1910488000.0,
        "Diluted Average Shares": 1652584000.0,
        "Basic Average Shares": 1652584000.0,
        "Diluted EPS": 0.54,
        "Basic EPS": 0.54,
        "Diluted NI Availto Com Stockholders": 895631000.0,
        "Net Income Common Stockholders": 895631000.0,
        "Net Income": 895631000.0,
        "Minority Interests": -478000.0,
        "Net Income Including Noncontrolling Interests": 896109000.0,
        "Net Income Continuous Operations": 896109000.0,
        "Tax Provision": 327622000.0,
        "Pretax Income": 1223731000.0,
        "Other Income Expense": -547468000.0,
        "Special Income Charges": -568198000.0,
        "Other Special Charges": 169896000.0,
        "Write Off": 398302000.0,
        "Earnings From Equity Interest": -118000.0,
        "Gain On Sale Of Security": 20848000.0,
        "Net Non Operating Interest Income Expense": -707605000.0,
        "Total Other Finance Cost": 263763000.0,
        "Interest Expense Non Operating": 639603000.0,
        "Interest Income Non Operating": 195761000.0,
        "Operating Income": 2478804000.0,
        "Operating Expense": 3548339000.0,
        "Other Operating Expenses": -3921000.0,
        "Other Taxes": 24168000.0,
        "Provision For Doubtful Accounts": 398000000.0,
        "Depreciation Amortization Depletion Income Statement": 600235000.0,
        "Depreciation And Amortization In Income Statement": 600235000.0,
        "Amortization": 700000000.0,
        "Amortization Of Intangibles Income Statement": 700000000.0,
        "Depreciation Income Statement": 2666000000.0,
        "Selling General And Administration": 2927857000.0,
        "Selling And Marketing Expense": 1529175000.0,
        "General And Administrative Expense": 1398682000.0,
        "Other Gand A": 263840000.0,
        "Rent And Landing Fees": 31036000.0,
        "Salaries And Wages": 1103806000.0,
        "Gross Profit": 6027143000.0,
        "Cost Of Revenue": 7518492000.0,
        "Total Revenue": 13545635000.0,
        "Excise Taxes": 2730328000.0,
        "Operating Revenue": 18595841000.0
    },
    "2024-06-30": {
        "Tax Effect Of Unusual Items": -72201446.0,
        "Tax Rate For Calcs": 0.271,
        "Normalized EBITDA": 5519794000.0,
        "Total Unusual Items": -266426000.0,
        "Total Unusual Items Excluding Goodwill": -266426000.0,
        "Net Income From Continuing Operation Net Minority Interest": 1221830000.0,
        "Reconciled Depreciation": 3413911000.0,
        "Reconciled Cost Of Revenue": 4793455000.0,
        "EBITDA": 5253368000.0,
        "EBIT": 1839457000.0,
        "Net Interest Income": -469489000.0,
        "Interest Expense": 149779000.0,
        "Interest Income": 211812000.0,
        "Normalized Income": 1416054554.0,
        "Net Income From Continuing And Discontinued Operation": 1221830000.0,
        "Total Expenses": 11253640000.0,
        "Rent Expense Supplemental": 394516000.0,
        "Total Operating Income As Reported": 2041208000.0,
        "Diluted Average Shares": 1650731000.0,
        "Basic Average Shares": 1650731000.0,
        "Diluted EPS": 0.74,
        "Basic EPS": 0.74,
        "Diluted NI Availto Com Stockholders": 1221830000.0,
        "Net Income Common Stockholders": 1221830000.0,
        "Net Income": 1221830000.0,
        "Minority Interests": -9679000.0,
        "Net Income Including Noncontrolling Interests": 1231509000.0,
        "Net Income Continuous Operations": 1231509000.0,
        "Tax Provision": 458169000.0,
        "Pretax Income": 1689678000.0,
        "Other Income Expense": -266129000.0,
        "Special Income Charges": -384385000.0,
        "Other Special Charges": NaN,
        "Write Off": 384385000.0,
        "Earnings From Equity Interest": 297000.0,
        "Gain On Sale Of Security": 117959000.0,
        "Net Non Operating Interest Income Expense": -469489000.0,
        "Total Other Finance Cost": 531522000.0,
        "Interest Expense Non Operating": 149779000.0,
        "Interest Income Non Operating": 211812000.0,
        "Operating Income": 2425296000.0,
        "Operating Expense": 3645621000.0,
        "Other Operating Expenses": 166839000.0,
        "Other Taxes": 18429000.0,
        "Provision For Doubtful Accounts": 384000000.0,
        "Depreciation Amortization Depletion Income Statement": 599347000.0,
        "Depreciation And Amortization In Income Statement": 599347000.0,
        "Amortization": 719000000.0,
        "Amortization Of Intangibles Income Statement": 719000000.0,
        "Depreciation Income Statement": 2695000000.0,
        "Selling General And Administration": 2861006000.0,
        "Selling And Marketing Expense": 1381368000.0,
        "General And Administrative Expense": 1479638000.0,
        "Other Gand A": 294955000.0,
        "Rent And Landing Fees": 31382000.0,
        "Salaries And Wages": 1153301000.0,
        "Gross Profit": 6070917000.0,
        "Cost Of Revenue": 7608019000.0,
        "Total Revenue": 13678936000.0,
        "Excise Taxes": NaN,
        "Operating Revenue": 13678936000.0
    },
    "2024-09-30": {
        "Tax Effect Of Unusual Items": 106696.935301,
        "Tax Rate For Calcs": 0.053348,
        "Normalized EBITDA": 5949000000.0,
        "Total Unusual Items": 2000000.0,
        "Total Unusual Items Excluding Goodwill": 2000000.0,
        "Net Income From Continuing Operation Net Minority Interest": 1667000000.0,
        "Reconciled Depreciation": 3661000000.0,
        "Reconciled Cost Of Revenue": 2503000000.0,
        "EBITDA": 5951000000.0,
        "EBIT": 2290000000.0,
        "Net Interest Income": -529000000.0,
        "Interest Expense": NaN,
        "Interest Income": NaN,
        "Normalized Income": 1665106696.935301,
        "Net Income From Continuing And Discontinued Operation": 1667000000.0,
        "Total Expenses": 11750000000.0,
        "Rent Expense Supplemental": NaN,
        "Total Operating Income As Reported": NaN,
        "Diluted Average Shares": 1634313725.0,
        "Basic Average Shares": 1634313725.0,
        "Diluted EPS": 1.02,
        "Basic EPS": 1.02,
        "Diluted NI Availto Com Stockholders": 1667000000.0,
        "Net Income Common Stockholders": 1667000000.0,
        "Net Income": 1667000000.0,
        "Minority Interests": -1000000.0,
        "Net Income Including Noncontrolling Interests": 1668000000.0,
        "Net Income Continuous Operations": 1668000000.0,
        "Tax Provision": 94000000.0,
        "Pretax Income": 1762000000.0,
        "Other Income Expense": 2000000.0,
        "Special Income Charges": NaN,
        "Other Special Charges": NaN,
        "Write Off": NaN,
        "Earnings From Equity Interest": NaN,
        "Gain On Sale Of Security": 2000000.0,
        "Net Non Operating Interest Income Expense": -529000000.0,
        "Total Other Finance Cost": 529000000.0,
        "Interest Expense Non Operating": NaN,
        "Interest Income Non Operating": NaN,
        "Operating Income": 2290000000.0,
        "Operating Expense": 9247000000.0,
        "Other Operating Expenses": 3406000000.0,
        "Other Taxes": NaN,
        "Provision For Doubtful Accounts": 360000000.0,
        "Depreciation Amortization Depletion Income Statement": 3661000000.0,
        "Depreciation And Amortization In Income Statement": 3661000000.0,
        "Amortization": 730000000.0,
        "Amortization Of Intangibles Income Statement": 730000000.0,
        "Depreciation Income Statement": 2931000000.0,
        "Selling General And Administration": 1820000000.0,
        "Selling And Marketing Expense": NaN,
        "General And Administrative Expense": 1820000000.0,
        "Other Gand A": 295000000.0,
        "Rent And Landing Fees": NaN,
        "Salaries And Wages": 1525000000.0,
        "Gross Profit": 11537000000.0,
        "Cost Of Revenue": 2503000000.0,
        "Total Revenue": 14040000000.0,
        "Excise Taxes": NaN,
        "Operating Revenue": 12987000000.0
    }
}