{
    "2023-03-31": {
        "Tax Effect Of Unusual Items": -104123.46,
        "Tax Rate For Calcs": 0.21,
        "Normalized EBITDA": -330352.0,
        "Total Unusual Items": -495826.0,
        "Total Unusual Items Excluding Goodwill": -495826.0,
        "Net Income From Continuing Operation Net Minority Interest": -2534592.0,
        "Reconciled Depreciation": 784520.0,
        "Reconciled Cost Of Revenue": 14031714.0,
        "EBITDA": -826178.0,
        "EBIT": -1610698.0,
        "Net Interest Income": -1205669.0,
        "Interest Expense": 1205669.0,
        "Interest Income": 0.0,
        "Normalized Income": -2142889.46,
        "Net Income From Continuing And Discontinued Operation": -2534592.0,
        "Total Expenses": 16669744.0,
        "Total Operating Income As Reported": -1124872.0,
        "Diluted Average Shares": 18064838.0,
        "Basic Average Shares": 18064838.0,
        "Diluted EPS": -0.14,
        "Basic EPS": -0.14,
        "Diluted NI Availto Com Stockholders": -2534592.0,
        "Net Income Common Stockholders": -2534592.0,
        "Net Income": -2534592.0,
        "Minority Interests": 282575.0,
        "Net Income Including Noncontrolling Interests": -2817167.0,
        "Net Income Continuous Operations": -2817167.0,
        "Tax Provision": 800.0,
        "Pretax Income": -2816367.0,
        "Other Income Expense": -485826.0,
        "Other Non Operating Income Expenses": 10000.0,
        "Special Income Charges": 0.0,
        "Gain On Sale Of Ppe": NaN,
        "Gain On Sale Of Business": 0.0,
        "Gain On Sale Of Security": -495826.0,
        "Net Non Operating Interest Income Expense": -1205669.0,
        "Interest Expense Non Operating": 1205669.0,
        "Interest Income Non Operating": 0.0,
        "Operating Income": -1124872.0,
        "Operating Expense": 2638030.0,
        "Depreciation Amortization Depletion Income Statement": 784520.0,
        "Depreciation And Amortization In Income Statement": 784520.0,
        "Selling General And Administration": 1853510.0,
        "Selling And Marketing Expense": 589.0,
        "General And Administrative Expense": 1852921.0,
        "Other Gand A": 1852921.0,
        "Gross Profit": 1513158.0,
        "Cost Of Revenue": 14031714.0,
        "Total Revenue": 15544872.0,
        "Operating Revenue": 15544872.0
    },
    "2022-12-31": {
        "Tax Effect Of Unusual Items": NaN,
        "Tax Rate For Calcs": NaN,
        "Normalized EBITDA": NaN,
        "Total Unusual Items": NaN,
        "Total Unusual Items Excluding Goodwill": NaN,
        "Net Income From Continuing Operation Net Minority Interest": NaN,
        "Reconciled Depreciation": NaN,
        "Reconciled Cost Of Revenue": NaN,
        "EBITDA": NaN,
        "EBIT": NaN,
        "Net Interest Income": NaN,
        "Interest Expense": NaN,
        "Interest Income": NaN,
        "Normalized Income": NaN,
        "Net Income From Continuing And Discontinued Operation": NaN,
        "Total Expenses": NaN,
        "Total Operating Income As Reported": NaN,
        "Diluted Average Shares": NaN,
        "Basic Average Shares": NaN,
        "Diluted EPS": NaN,
        "Basic EPS": NaN,
        "Diluted NI Availto Com Stockholders": NaN,
        "Net Income Common Stockholders": NaN,
        "Net Income": NaN,
        "Minority Interests": NaN,
        "Net Income Including Noncontrolling Interests": NaN,
        "Net Income Continuous Operations": NaN,
        "Tax Provision": NaN,
        "Pretax Income": NaN,
        "Other Income Expense": NaN,
        "Other Non Operating Income Expenses": NaN,
        "Special Income Charges": NaN,
        "Gain On Sale Of Ppe": 0.0,
        "Gain On Sale Of Business": NaN,
        "Gain On Sale Of Security": NaN,
        "Net Non Operating Interest Income Expense": NaN,
        "Interest Expense Non Operating": NaN,
        "Interest Income Non Operating": NaN,
        "Operating Income": NaN,
        "Operating Expense": NaN,
        "Depreciation Amortization Depletion Income Statement": NaN,
        "Depreciation And Amortization In Income Statement": NaN,
        "Selling General And Administration": NaN,
        "Selling And Marketing Expense": NaN,
        "General And Administrative Expense": NaN,
        "Other Gand A": NaN,
        "Gross Profit": NaN,
        "Cost Of Revenue": NaN,
        "Total Revenue": NaN,
        "Operating Revenue": NaN
    },
    "2022-09-30": {
        "Tax Effect Of Unusual Items": NaN,
        "Tax Rate For Calcs": NaN,
        "Normalized EBITDA": NaN,
        "Total Unusual Items": NaN,
        "Total Unusual Items Excluding Goodwill": NaN,
        "Net Income From Continuing Operation Net Minority Interest": NaN,
        "Reconciled Depreciation": NaN,
        "Reconciled Cost Of Revenue": NaN,
        "EBITDA": NaN,
        "EBIT": NaN,
        "Net Interest Income": NaN,
        "Interest Expense": NaN,
        "Interest Income": NaN,
        "Normalized Income": NaN,
        "Net Income From Continuing And Discontinued Operation": NaN,
        "Total Expenses": NaN,
        "Total Operating Income As Reported": NaN,
        "Diluted Average Shares": 17047489.0,
        "Basic Average Shares": 17047489.0,
        "Diluted EPS": -0.09,
        "Basic EPS": -0.09,
        "Diluted NI Availto Com Stockholders": NaN,
        "Net Income Common Stockholders": NaN,
        "Net Income": NaN,
        "Minority Interests": NaN,
        "Net Income Including Noncontrolling Interests": NaN,
        "Net Income Continuous Operations": NaN,
        "Tax Provision": NaN,
        "Pretax Income": NaN,
        "Other Income Expense": NaN,
        "Other Non Operating Income Expenses": NaN,
        "Special Income Charges": NaN,
        "Gain On Sale Of Ppe": 0.0,
        "Gain On Sale Of Business": NaN,
        "Gain On Sale Of Security": NaN,
        "Net Non Operating Interest Income Expense": NaN,
        "Interest Expense Non Operating": NaN,
        "Interest Income Non Operating": NaN,
        "Operating Income": NaN,
        "Operating Expense": NaN,
        "Depreciation Amortization Depletion Income Statement": NaN,
        "Depreciation And Amortization In Income Statement": NaN,
        "Selling General And Administration": NaN,
        "Selling And Marketing Expense": NaN,
        "General And Administrative Expense": NaN,
        "Other Gand A": NaN,
        "Gross Profit": NaN,
        "Cost Of Revenue": NaN,
        "Total Revenue": NaN,
        "Operating Revenue": NaN
    },
    "2022-06-30": {
        "Tax Effect Of Unusual Items": 0.0,
        "Tax Rate For Calcs": 0.0,
        "Normalized EBITDA": -2995988.0,
        "Total Unusual Items": -1650299.0,
        "Total Unusual Items Excluding Goodwill": -1650299.0,
        "Net Income From Continuing Operation Net Minority Interest": -4905317.0,
        "Reconciled Depreciation": 558595.0,
        "Reconciled Cost Of Revenue": 0.0,
        "EBITDA": -4646287.0,
        "EBIT": -5204882.0,
        "Net Interest Income": -16898.0,
        "Interest Expense": 22981.0,
        "Interest Income": 6083.0,
        "Normalized Income": -3255018.0,
        "Net Income From Continuing And Discontinued Operation": -4905317.0,
        "Total Expenses": 3600600.0,
        "Total Operating Income As Reported": -3600600.0,
        "Diluted Average Shares": 15038619.0,
        "Basic Average Shares": 15038619.0,
        "Diluted EPS": -0.33,
        "Basic EPS": -0.33,
        "Diluted NI Availto Com Stockholders": -4905317.0,
        "Net Income Common Stockholders": -4905317.0,
        "Net Income": -4905317.0,
        "Minority Interests": 322546.0,
        "Net Income Including Noncontrolling Interests": -5227863.0,
        "Net Income Continuous Operations": -5227863.0,
        "Tax Provision": 0.0,
        "Pretax Income": -5227863.0,
        "Other Income Expense": -1610365.0,
        "Other Non Operating Income Expenses": 39934.0,
        "Special Income Charges": 2456.0,
        "Gain On Sale Of Ppe": 2456.0,
        "Gain On Sale Of Security": -1652755.0,
        "Net Non Operating Interest Income Expense": -16898.0,
        "Interest Expense Non Operating": 22981.0,
        "Interest Income Non Operating": 6083.0,
        "Operating Income": -3600600.0,
        "Operating Expense": 3600600.0,
        "Depreciation Amortization Depletion Income Statement": 558595.0,
        "Depreciation And Amortization In Income Statement": 558595.0,
        "Selling General And Administration": 3042005.0,
        "Selling And Marketing Expense": 119252.0,
        "General And Administrative Expense": 2922753.0,
        "Other Gand A": 2922753.0,
        "Gross Profit": 0.0,
        "Cost Of Revenue": 0.0,
        "Total Revenue": 0.0,
        "Operating Revenue": 0.0
    },
    "2022-03-31": {
        "Diluted EPS": -0.04,
        "Total Revenue": NaN,
        "Gross Profit": NaN,
        "Operating Income": -2,
        "EBIT": -2,
        "Net Income": -1
    },
    "2021-12-31": {
        "Diluted EPS": -0.16,
        "Total Revenue": 0,
        "Gross Profit": 0,
        "Operating Income": -2,
        "EBIT": -1,
        "Net Income": -3
    },
    "2021-09-30": {
        "Diluted EPS": -0.24,
        "Total Revenue": 1,
        "Gross Profit": 0,
        "Operating Income": -1,
        "EBIT": -1,
        "Net Income": -3
    },
    "2021-06-30": {
        "Diluted EPS": -0.79,
        "Total Revenue": 0,
        "Gross Profit": 0,
        "Operating Income": -2,
        "EBIT": -1,
        "Net Income": -9
    },
    "2021-03-31": {
        "Diluted EPS": 0.73,
        "Total Revenue": 0,
        "Gross Profit": 0,
        "Operating Income": -2,
        "EBIT": -2,
        "Net Income": 10
    },
    "2020-12-31": {
        "Diluted EPS": 0.0,
        "Total Revenue": NaN,
        "Gross Profit": NaN,
        "Operating Income": NaN,
        "EBIT": NaN,
        "Net Income": NaN
    },
    "2020-09-30": {
        "Diluted EPS": -0.01,
        "Total Revenue": 0,
        "Gross Profit": 0,
        "Operating Income": -1,
        "EBIT": -1,
        "Net Income": -2
    },
    "2019-12-31": {
        "Diluted EPS": 0.0,
        "Total Revenue": NaN,
        "Gross Profit": NaN,
        "Operating Income": NaN,
        "EBIT": NaN,
        "Net Income": NaN
    },
    "2023-06-30": {
        "Tax Effect Of Unusual Items": 0.0,
        "Tax Rate For Calcs": 0.0,
        "Normalized EBITDA": -155951.0,
        "Total Unusual Items": 165275.0,
        "Total Unusual Items Excluding Goodwill": 165275.0,
        "Net Income From Continuing Operation Net Minority Interest": -1844673.0,
        "Reconciled Depreciation": 667867.0,
        "Reconciled Cost Of Revenue": 12375874.0,
        "EBITDA": 9324.0,
        "EBIT": -658543.0,
        "Net Interest Income": -1263488.0,
        "Interest Expense": 1263488.0,
        "Interest Income": 0.0,
        "Normalized Income": -2009948.0,
        "Net Income From Continuing And Discontinued Operation": -1844673.0,
        "Total Expenses": 14428572.0,
        "Total Operating Income As Reported": -837934.0,
        "Diluted Average Shares": 18064838.0,
        "Basic Average Shares": 18064838.0,
        "Diluted EPS": -0.1,
        "Basic EPS": -0.1,
        "Diluted NI Availto Com Stockholders": -1844673.0,
        "Net Income Common Stockholders": -1844673.0,
        "Net Income": -1844673.0,
        "Minority Interests": 77358.0,
        "Net Income Including Noncontrolling Interests": -1922031.0,
        "Net Income Continuous Operations": -1922031.0,
        "Tax Provision": 0.0,
        "Pretax Income": -1922031.0,
        "Other Income Expense": 179391.0,
        "Other Non Operating Income Expenses": 14116.0,
        "Special Income Charges": 0.0,
        "Gain On Sale Of Ppe": 0.0,
        "Gain On Sale Of Business": NaN,
        "Gain On Sale Of Security": 165275.0,
        "Net Non Operating Interest Income Expense": -1263488.0,
        "Interest Expense Non Operating": 1263488.0,
        "Interest Income Non Operating": 0.0,
        "Operating Income": -837934.0,
        "Operating Expense": 2052698.0,
        "Depreciation Amortization Depletion Income Statement": 667867.0,
        "Depreciation And Amortization In Income Statement": 667867.0,
        "Selling General And Administration": 1384831.0,
        "Selling And Marketing Expense": 628.0,
        "General And Administrative Expense": 1384203.0,
        "Other Gand A": 1384203.0,
        "Gross Profit": 1214764.0,
        "Cost Of Revenue": 12375874.0,
        "Total Revenue": 13590638.0,
        "Operating Revenue": 13590638.0
    },
    "2023-09-30": {
        "Tax Effect Of Unusual Items": 0.0,
        "Tax Rate For Calcs": 0.0,
        "Normalized EBITDA": 171364.0,
        "Total Unusual Items": -661101.0,
        "Total Unusual Items Excluding Goodwill": -661101.0,
        "Net Income From Continuing Operation Net Minority Interest": -2517374.0,
        "Reconciled Depreciation": 817058.0,
        "Reconciled Cost Of Revenue": 14766494.0,
        "EBITDA": -489737.0,
        "EBIT": -1306795.0,
        "Net Interest Income": -1345096.0,
        "Interest Expense": 1345096.0,
        "Interest Income": 0.0,
        "Normalized Income": -1856273.0,
        "Net Income From Continuing And Discontinued Operation": -2517374.0,
        "Total Expenses": 17058520.0,
        "Total Operating Income As Reported": -745114.0,
        "Diluted Average Shares": 18120344.0,
        "Basic Average Shares": 18120344.0,
        "Diluted EPS": -0.14,
        "Basic EPS": -0.14,
        "Diluted NI Availto Com Stockholders": -2517374.0,
        "Net Income Common Stockholders": -2517374.0,
        "Net Income": -2517374.0,
        "Minority Interests": 134517.0,
        "Net Income Including Noncontrolling Interests": -2651891.0,
        "Net Income Continuous Operations": -2651891.0,
        "Tax Provision": 0.0,
        "Pretax Income": -2651891.0,
        "Other Income Expense": -561681.0,
        "Other Non Operating Income Expenses": 99420.0,
        "Special Income Charges": 0.0,
        "Gain On Sale Of Ppe": 0.0,
        "Gain On Sale Of Business": NaN,
        "Gain On Sale Of Security": -661101.0,
        "Net Non Operating Interest Income Expense": -1345096.0,
        "Interest Expense Non Operating": 1345096.0,
        "Interest Income Non Operating": 0.0,
        "Operating Income": -745114.0,
        "Operating Expense": 2292026.0,
        "Depreciation Amortization Depletion Income Statement": 817058.0,
        "Depreciation And Amortization In Income Statement": 817058.0,
        "Selling General And Administration": 1474968.0,
        "Selling And Marketing Expense": 1240.0,
        "General And Administrative Expense": 1473728.0,
        "Other Gand A": 1473728.0,
        "Gross Profit": 1546912.0,
        "Cost Of Revenue": 14766494.0,
        "Total Revenue": 16313406.0,
        "Operating Revenue": 16313406.0
    },
    "2023-12-31": {
        "Tax Effect Of Unusual Items": 57292.83,
        "Tax Rate For Calcs": 0.21,
        "Normalized EBITDA": -1750983.0,
        "Total Unusual Items": 272823.0,
        "Total Unusual Items Excluding Goodwill": 272823.0,
        "Net Income From Continuing Operation Net Minority Interest": -3841986.0,
        "Reconciled Depreciation": 1663299.0,
        "Reconciled Cost Of Revenue": 13126706.0,
        "EBITDA": -1478160.0,
        "EBIT": -3141459.0,
        "Net Interest Income": -195871.0,
        "Interest Expense": 210824.0,
        "Interest Income": 14953.0,
        "Normalized Income": -4057516.17,
        "Net Income From Continuing And Discontinued Operation": -3841986.0,
        "Total Expenses": 17496576.0,
        "Total Operating Income As Reported": -3623740.0,
        "Diluted Average Shares": NaN,
        "Basic Average Shares": NaN,
        "Diluted EPS": NaN,
        "Basic EPS": NaN,
        "Diluted NI Availto Com Stockholders": -3841986.0,
        "Net Income Common Stockholders": -3841986.0,
        "Net Income": -3841986.0,
        "Minority Interests": -397800.0,
        "Net Income Including Noncontrolling Interests": -3444186.0,
        "Net Income Continuous Operations": -3444186.0,
        "Tax Provision": 91903.0,
        "Pretax Income": -3352283.0,
        "Other Income Expense": 467328.0,
        "Other Non Operating Income Expenses": 194505.0,
        "Special Income Charges": 438099.0,
        "Gain On Sale Of Ppe": 0.0,
        "Gain On Sale Of Business": NaN,
        "Gain On Sale Of Security": -165276.0,
        "Net Non Operating Interest Income Expense": -195871.0,
        "Interest Expense Non Operating": 210824.0,
        "Interest Income Non Operating": 14953.0,
        "Operating Income": -3623740.0,
        "Operating Expense": 4369870.0,
        "Depreciation Amortization Depletion Income Statement": 1663299.0,
        "Depreciation And Amortization In Income Statement": 1663299.0,
        "Selling General And Administration": 2706571.0,
        "Selling And Marketing Expense": 613.0,
        "General And Administrative Expense": 2705958.0,
        "Other Gand A": 2705958.0,
        "Gross Profit": 746130.0,
        "Cost Of Revenue": 13126706.0,
        "Total Revenue": 13872836.0,
        "Operating Revenue": 13872836.0
    },
    "2024-03-31": {
        "Tax Effect Of Unusual Items": 37964.8,
        "Tax Rate For Calcs": 0.4,
        "Normalized EBITDA": -551562.0,
        "Total Unusual Items": 94912.0,
        "Total Unusual Items Excluding Goodwill": 94912.0,
        "Net Income From Continuing Operation Net Minority Interest": -1882235.0,
        "Reconciled Depreciation": 1009053.0,
        "Reconciled Cost Of Revenue": 14953254.0,
        "EBITDA": -456650.0,
        "EBIT": -1465703.0,
        "Net Interest Income": -441733.0,
        "Interest Expense": 444040.0,
        "Interest Income": 2307.0,
        "Normalized Income": -1939182.2,
        "Net Income From Continuing And Discontinued Operation": -1882235.0,
        "Total Expenses": 17638313.0,
        "Total Operating Income As Reported": -1616922.0,
        "Diluted Average Shares": 26391937.0,
        "Basic Average Shares": 26391937.0,
        "Diluted EPS": -0.07,
        "Basic EPS": -0.07,
        "Diluted NI Availto Com Stockholders": -1882235.0,
        "Net Income Common Stockholders": -1882235.0,
        "Net Income": -1882235.0,
        "Minority Interests": 28308.0,
        "Net Income Including Noncontrolling Interests": -1910543.0,
        "Net Income Continuous Operations": -1910543.0,
        "Tax Provision": 800.0,
        "Pretax Income": -1909743.0,
        "Other Income Expense": 148912.0,
        "Other Non Operating Income Expenses": 54000.0,
        "Special Income Charges": 177550.0,
        "Gain On Sale Of Ppe": NaN,
        "Gain On Sale Of Business": 177550.0,
        "Gain On Sale Of Security": -82638.0,
        "Net Non Operating Interest Income Expense": -441733.0,
        "Interest Expense Non Operating": 444040.0,
        "Interest Income Non Operating": 2307.0,
        "Operating Income": -1616922.0,
        "Operating Expense": 2685059.0,
        "Depreciation Amortization Depletion Income Statement": 1009053.0,
        "Depreciation And Amortization In Income Statement": 1009053.0,
        "Selling General And Administration": 1676006.0,
        "Selling And Marketing Expense": 11040.0,
        "General And Administrative Expense": 1664966.0,
        "Other Gand A": 1664966.0,
        "Gross Profit": 1068137.0,
        "Cost Of Revenue": 14953254.0,
        "Total Revenue": 16021391.0,
        "Operating Revenue": 16021391.0
    }
}