{
    "2023-06-30": {
        "Tax Effect Of Unusual Items": 0.0,
        "Tax Rate For Calcs": 0.0,
        "Normalized EBITDA": -23667000.0,
        "Total Unusual Items": NaN,
        "Total Unusual Items Excluding Goodwill": NaN,
        "Net Income From Continuing Operation Net Minority Interest": -19225000.0,
        "Reconciled Depreciation": 73000.0,
        "EBITDA": -23667000.0,
        "EBIT": -23740000.0,
        "Net Interest Income": 4515000.0,
        "Interest Income": 4547000.0,
        "Normalized Income": -19225000.0,
        "Net Income From Continuing And Discontinued Operation": -19225000.0,
        "Total Expenses": 23740000.0,
        "Total Operating Income As Reported": -23740000.0,
        "Diluted Average Shares": 99192805.0,
        "Basic Average Shares": 99192805.0,
        "Diluted EPS": -0.19,
        "Basic EPS": -0.19,
        "Diluted NI Availto Com Stockholders": -19225000.0,
        "Net Income Common Stockholders": -19225000.0,
        "Net Income": -19225000.0,
        "Net Income Including Noncontrolling Interests": -19225000.0,
        "Net Income Continuous Operations": -19225000.0,
        "Pretax Income": -19225000.0,
        "Other Income Expense": NaN,
        "Gain On Sale Of Security": NaN,
        "Net Non Operating Interest Income Expense": 4515000.0,
        "Total Other Finance Cost": -4515000.0,
        "Interest Income Non Operating": 4547000.0,
        "Operating Income": -23740000.0,
        "Operating Expense": 23740000.0,
        "Research And Development": 13917000.0,
        "Selling General And Administration": 9823000.0,
        "General And Administrative Expense": 9823000.0,
        "Other Gand A": 9823000.0,
        "Total Revenue": 0.0,
        "Operating Revenue": 0.0
    },
    "2023-03-31": {
        "Tax Effect Of Unusual Items": 0.0,
        "Tax Rate For Calcs": 0.0,
        "Normalized EBITDA": -20465000.0,
        "Total Unusual Items": NaN,
        "Total Unusual Items Excluding Goodwill": NaN,
        "Net Income From Continuing Operation Net Minority Interest": -19531000.0,
        "Reconciled Depreciation": 72000.0,
        "EBITDA": -20465000.0,
        "EBIT": -20537000.0,
        "Net Interest Income": 1006000.0,
        "Interest Income": 1034000.0,
        "Normalized Income": -19531000.0,
        "Net Income From Continuing And Discontinued Operation": -19531000.0,
        "Total Expenses": 20537000.0,
        "Total Operating Income As Reported": -20537000.0,
        "Diluted Average Shares": 78351826.0,
        "Basic Average Shares": 78351826.0,
        "Diluted EPS": -0.25,
        "Basic EPS": -0.25,
        "Diluted NI Availto Com Stockholders": -19531000.0,
        "Net Income Common Stockholders": -19531000.0,
        "Net Income": -19531000.0,
        "Net Income Including Noncontrolling Interests": -19531000.0,
        "Net Income Continuous Operations": -19531000.0,
        "Pretax Income": -19531000.0,
        "Other Income Expense": NaN,
        "Gain On Sale Of Security": NaN,
        "Net Non Operating Interest Income Expense": 1006000.0,
        "Total Other Finance Cost": 28000.0,
        "Interest Income Non Operating": 1034000.0,
        "Operating Income": -20537000.0,
        "Operating Expense": 20537000.0,
        "Research And Development": 11008000.0,
        "Selling General And Administration": 9529000.0,
        "General And Administrative Expense": 9529000.0,
        "Other Gand A": 9529000.0,
        "Total Revenue": 0.0,
        "Operating Revenue": 0.0
    },
    "2022-12-31": {
        "Tax Effect Of Unusual Items": 0.0,
        "Tax Rate For Calcs": 0.0,
        "Normalized EBITDA": -20211000.0,
        "Total Unusual Items": 0.0,
        "Total Unusual Items Excluding Goodwill": 0.0,
        "Net Income From Continuing Operation Net Minority Interest": -19559000.0,
        "Reconciled Depreciation": 72000.0,
        "EBITDA": -20211000.0,
        "EBIT": -20283000.0,
        "Net Interest Income": 724000.0,
        "Interest Income": 732000.0,
        "Normalized Income": -19559000.0,
        "Net Income From Continuing And Discontinued Operation": -19559000.0,
        "Total Expenses": 20283000.0,
        "Total Operating Income As Reported": -20283000.0,
        "Diluted Average Shares": 76587000.0,
        "Basic Average Shares": 76587000.0,
        "Diluted EPS": -0.26,
        "Basic EPS": -0.26,
        "Diluted NI Availto Com Stockholders": -19559000.0,
        "Net Income Common Stockholders": -19559000.0,
        "Net Income": -19559000.0,
        "Net Income Including Noncontrolling Interests": -19559000.0,
        "Net Income Continuous Operations": -19559000.0,
        "Pretax Income": -19559000.0,
        "Other Income Expense": 0.0,
        "Gain On Sale Of Security": 0.0,
        "Net Non Operating Interest Income Expense": 724000.0,
        "Total Other Finance Cost": 8000.0,
        "Interest Income Non Operating": 732000.0,
        "Operating Income": -20283000.0,
        "Operating Expense": 20283000.0,
        "Research And Development": 16178000.0,
        "Selling General And Administration": 4105000.0,
        "General And Administrative Expense": 4105000.0,
        "Other Gand A": 4105000.0,
        "Total Revenue": 0.0,
        "Operating Revenue": 0.0
    },
    "2022-09-30": {
        "Tax Effect Of Unusual Items": 0.0,
        "Tax Rate For Calcs": 0.0,
        "Normalized EBITDA": -16054000.0,
        "Total Unusual Items": NaN,
        "Total Unusual Items Excluding Goodwill": NaN,
        "Net Income From Continuing Operation Net Minority Interest": -15773000.0,
        "Reconciled Depreciation": 142000.0,
        "EBITDA": -16054000.0,
        "EBIT": -16196000.0,
        "Net Interest Income": 423000.0,
        "Interest Income": 450000.0,
        "Normalized Income": -15773000.0,
        "Net Income From Continuing And Discontinued Operation": -15773000.0,
        "Total Expenses": 16196000.0,
        "Total Operating Income As Reported": -16196000.0,
        "Diluted Average Shares": 76505383.0,
        "Basic Average Shares": 76505383.0,
        "Diluted EPS": -0.21,
        "Basic EPS": -0.21,
        "Diluted NI Availto Com Stockholders": -15773000.0,
        "Net Income Common Stockholders": -15773000.0,
        "Net Income": -15773000.0,
        "Net Income Including Noncontrolling Interests": -15773000.0,
        "Net Income Continuous Operations": -15773000.0,
        "Pretax Income": -15773000.0,
        "Other Income Expense": NaN,
        "Gain On Sale Of Security": NaN,
        "Net Non Operating Interest Income Expense": 423000.0,
        "Total Other Finance Cost": 27000.0,
        "Interest Income Non Operating": 450000.0,
        "Operating Income": -16196000.0,
        "Operating Expense": 16196000.0,
        "Research And Development": 11959000.0,
        "Selling General And Administration": 4237000.0,
        "General And Administrative Expense": 4237000.0,
        "Other Gand A": 4237000.0,
        "Total Revenue": 0.0,
        "Operating Revenue": 0.0
    },
    "2022-06-30": {
        "Tax Effect Of Unusual Items": 0.0,
        "Tax Rate For Calcs": 0.0,
        "Normalized EBITDA": -17589000.0,
        "Total Unusual Items": -42000.0,
        "Total Unusual Items Excluding Goodwill": -42000.0,
        "Net Income From Continuing Operation Net Minority Interest": -17432000.0,
        "Reconciled Depreciation": 0.0,
        "EBITDA": -17631000.0,
        "EBIT": -17631000.0,
        "Net Interest Income": 241000.0,
        "Interest Income": 253000.0,
        "Normalized Income": -17390000.0,
        "Net Income From Continuing And Discontinued Operation": -17432000.0,
        "Total Expenses": 17631000.0,
        "Total Operating Income As Reported": -17631000.0,
        "Diluted Average Shares": 77025080.0,
        "Basic Average Shares": 77025080.0,
        "Diluted EPS": -0.23,
        "Basic EPS": -0.23,
        "Diluted NI Availto Com Stockholders": -17432000.0,
        "Net Income Common Stockholders": -17432000.0,
        "Net Income": -17432000.0,
        "Net Income Including Noncontrolling Interests": -17432000.0,
        "Net Income Continuous Operations": -17432000.0,
        "Pretax Income": -17432000.0,
        "Other Income Expense": -42000.0,
        "Gain On Sale Of Security": -42000.0,
        "Net Non Operating Interest Income Expense": 241000.0,
        "Total Other Finance Cost": 12000.0,
        "Interest Income Non Operating": 253000.0,
        "Operating Income": -17631000.0,
        "Operating Expense": 17631000.0,
        "Research And Development": 13542000.0,
        "Selling General And Administration": 4089000.0,
        "General And Administrative Expense": 4089000.0,
        "Other Gand A": 4089000.0,
        "Total Revenue": 0.0,
        "Operating Revenue": 0.0
    },
    "2022-03-31": {
        "Diluted EPS": -0.21,
        "Total Revenue": NaN,
        "Gross Profit": NaN,
        "Operating Income": -16,
        "EBIT": -15,
        "Net Income": -16
    },
    "2021-12-31": {
        "Diluted EPS": -0.15,
        "Total Revenue": NaN,
        "Gross Profit": NaN,
        "Operating Income": -13,
        "EBIT": -12,
        "Net Income": -12
    },
    "2021-09-30": {
        "Diluted EPS": -0.17,
        "Total Revenue": NaN,
        "Gross Profit": NaN,
        "Operating Income": -13,
        "EBIT": -12,
        "Net Income": -13
    },
    "2021-06-30": {
        "Diluted EPS": -0.2,
        "Total Revenue": NaN,
        "Gross Profit": NaN,
        "Operating Income": -16,
        "EBIT": -14,
        "Net Income": -15
    },
    "2021-03-31": {
        "Diluted EPS": -0.19,
        "Total Revenue": NaN,
        "Gross Profit": NaN,
        "Operating Income": -14,
        "EBIT": -13,
        "Net Income": -14
    },
    "2020-12-31": {
        "Diluted EPS": -0.15,
        "Total Revenue": NaN,
        "Gross Profit": NaN,
        "Operating Income": -11,
        "EBIT": -10,
        "Net Income": -11
    },
    "2020-09-30": {
        "Diluted EPS": -0.13,
        "Total Revenue": NaN,
        "Gross Profit": NaN,
        "Operating Income": -10,
        "EBIT": -9,
        "Net Income": -9
    },
    "2020-06-30": {
        "Diluted EPS": -0.13,
        "Total Revenue": NaN,
        "Gross Profit": NaN,
        "Operating Income": -11,
        "EBIT": -10,
        "Net Income": -10
    },
    "2020-03-31": {
        "Diluted EPS": -0.13,
        "Total Revenue": NaN,
        "Gross Profit": NaN,
        "Operating Income": -11,
        "EBIT": -10,
        "Net Income": -10
    },
    "2019-12-31": {
        "Diluted EPS": -0.1,
        "Total Revenue": NaN,
        "Gross Profit": NaN,
        "Operating Income": -9,
        "EBIT": -8,
        "Net Income": -7
    },
    "2019-09-30": {
        "Diluted EPS": -0.08,
        "Total Revenue": NaN,
        "Gross Profit": NaN,
        "Operating Income": -7,
        "EBIT": -7,
        "Net Income": -6
    },
    "2019-06-30": {
        "Diluted EPS": -0.11,
        "Total Revenue": NaN,
        "Gross Profit": NaN,
        "Operating Income": -10,
        "EBIT": -10,
        "Net Income": -8
    },
    "2019-03-31": {
        "Diluted EPS": -0.07,
        "Total Revenue": NaN,
        "Gross Profit": NaN,
        "Operating Income": -7,
        "EBIT": -7,
        "Net Income": -5
    },
    "2018-12-31": {
        "Diluted EPS": -0.04,
        "Total Revenue": NaN,
        "Gross Profit": NaN,
        "Operating Income": -7,
        "EBIT": -7,
        "Net Income": -5
    },
    "2018-09-30": {
        "Diluted EPS": -0.11,
        "Total Revenue": NaN,
        "Gross Profit": NaN,
        "Operating Income": -7,
        "EBIT": -7,
        "Net Income": -7
    },
    "2018-06-30": {
        "Diluted EPS": -0.13,
        "Total Revenue": NaN,
        "Gross Profit": NaN,
        "Operating Income": -7,
        "EBIT": -6,
        "Net Income": -7
    },
    "2018-03-31": {
        "Diluted EPS": -0.1,
        "Total Revenue": NaN,
        "Gross Profit": NaN,
        "Operating Income": -5,
        "EBIT": -4,
        "Net Income": -4
    },
    "2017-12-31": {
        "Diluted EPS": -0.13,
        "Total Revenue": NaN,
        "Gross Profit": NaN,
        "Operating Income": -4,
        "EBIT": -4,
        "Net Income": -4
    },
    "2017-09-30": {
        "Diluted EPS": -0.22,
        "Total Revenue": NaN,
        "Gross Profit": NaN,
        "Operating Income": -5,
        "EBIT": -4,
        "Net Income": -6
    },
    "2017-06-30": {
        "Diluted EPS": -0.21,
        "Total Revenue": NaN,
        "Gross Profit": NaN,
        "Operating Income": -5,
        "EBIT": -4,
        "Net Income": -5
    },
    "2017-03-31": {
        "Diluted EPS": -0.23,
        "Total Revenue": NaN,
        "Gross Profit": NaN,
        "Operating Income": -5,
        "EBIT": -4,
        "Net Income": -5
    },
    "2016-12-31": {
        "Diluted EPS": -0.08,
        "Total Revenue": NaN,
        "Gross Profit": NaN,
        "Operating Income": -4,
        "EBIT": -3,
        "Net Income": -4
    },
    "2016-09-30": {
        "Diluted EPS": -0.2,
        "Total Revenue": NaN,
        "Gross Profit": NaN,
        "Operating Income": -3,
        "EBIT": -3,
        "Net Income": -4
    },
    "2016-06-30": {
        "Diluted EPS": -0.22,
        "Total Revenue": NaN,
        "Gross Profit": NaN,
        "Operating Income": -4,
        "EBIT": -3,
        "Net Income": -4
    },
    "2016-03-31": {
        "Diluted EPS": -0.4,
        "Total Revenue": NaN,
        "Gross Profit": NaN,
        "Operating Income": -3,
        "EBIT": -3,
        "Net Income": -4
    },
    "2015-12-31": {
        "Diluted EPS": -0.68,
        "Total Revenue": NaN,
        "Gross Profit": NaN,
        "Operating Income": -5,
        "EBIT": -4,
        "Net Income": -5
    },
    "2015-09-30": {
        "Diluted EPS": -0.53,
        "Total Revenue": NaN,
        "Gross Profit": NaN,
        "Operating Income": -4,
        "EBIT": -4,
        "Net Income": -5
    },
    "2015-06-30": {
        "Diluted EPS": -1.07,
        "Total Revenue": NaN,
        "Gross Profit": NaN,
        "Operating Income": -3,
        "EBIT": -2,
        "Net Income": -8
    },
    "2015-03-31": {
        "Diluted EPS": -1.4,
        "Total Revenue": NaN,
        "Gross Profit": NaN,
        "Operating Income": 0,
        "EBIT": 0,
        "Net Income": -6
    },
    "2014-12-31": {
        "Diluted EPS": 0.31,
        "Total Revenue": NaN,
        "Gross Profit": NaN,
        "Operating Income": 0,
        "EBIT": 0,
        "Net Income": 1
    },
    "2014-09-30": {
        "Diluted EPS": -0.06,
        "Total Revenue": NaN,
        "Gross Profit": NaN,
        "Operating Income": -1,
        "EBIT": -1,
        "Net Income": 0
    },
    "2014-06-30": {
        "Diluted EPS": -5.4,
        "Total Revenue": NaN,
        "Gross Profit": NaN,
        "Operating Income": -22,
        "EBIT": -22,
        "Net Income": -23
    },
    "2014-03-31": {
        "Diluted EPS": -0.08,
        "Total Revenue": NaN,
        "Gross Profit": NaN,
        "Operating Income": 0,
        "EBIT": 0,
        "Net Income": 0
    },
    "2013-12-31": {
        "Diluted EPS": 0.0,
        "Total Revenue": NaN,
        "Gross Profit": NaN,
        "Operating Income": NaN,
        "EBIT": NaN,
        "Net Income": NaN
    },
    "2023-09-30": {
        "Tax Effect Of Unusual Items": 0.0,
        "Tax Rate For Calcs": 0.0,
        "Normalized EBITDA": -27192000.0,
        "Total Unusual Items": NaN,
        "Total Unusual Items Excluding Goodwill": NaN,
        "Net Income From Continuing Operation Net Minority Interest": -22534000.0,
        "Reconciled Depreciation": 73000.0,
        "EBITDA": -27192000.0,
        "EBIT": -27265000.0,
        "Net Interest Income": 4731000.0,
        "Interest Income": 4733000.0,
        "Normalized Income": -22534000.0,
        "Net Income From Continuing And Discontinued Operation": -22534000.0,
        "Total Expenses": 27265000.0,
        "Total Operating Income As Reported": -27265000.0,
        "Diluted Average Shares": 99845733.0,
        "Basic Average Shares": 99845733.0,
        "Diluted EPS": -0.23,
        "Basic EPS": -0.23,
        "Diluted NI Availto Com Stockholders": -22534000.0,
        "Net Income Common Stockholders": -22534000.0,
        "Net Income": -22534000.0,
        "Net Income Including Noncontrolling Interests": -22534000.0,
        "Net Income Continuous Operations": -22534000.0,
        "Pretax Income": -22534000.0,
        "Other Income Expense": NaN,
        "Gain On Sale Of Security": NaN,
        "Net Non Operating Interest Income Expense": 4731000.0,
        "Total Other Finance Cost": 2000.0,
        "Interest Income Non Operating": 4733000.0,
        "Operating Income": -27265000.0,
        "Operating Expense": 27265000.0,
        "Research And Development": 18379000.0,
        "Selling General And Administration": 8886000.0,
        "General And Administrative Expense": 8886000.0,
        "Other Gand A": 8886000.0,
        "Total Revenue": 0.0,
        "Operating Revenue": 0.0
    }
}