{
    "2023-03-31": {
        "Tax Effect Of Unusual Items": NaN,
        "Tax Rate For Calcs": NaN,
        "Normalized EBITDA": NaN,
        "Total Unusual Items": NaN,
        "Total Unusual Items Excluding Goodwill": NaN,
        "Net Income From Continuing Operation Net Minority Interest": NaN,
        "Reconciled Depreciation": NaN,
        "Reconciled Cost Of Revenue": NaN,
        "EBITDA": NaN,
        "EBIT": NaN,
        "Net Interest Income": NaN,
        "Interest Expense": NaN,
        "Normalized Income": NaN,
        "Net Income From Continuing And Discontinued Operation": NaN,
        "Total Expenses": NaN,
        "Total Operating Income As Reported": NaN,
        "Diluted Average Shares": 1090.0,
        "Basic Average Shares": 1090.0,
        "Diluted EPS": -6694.0,
        "Basic EPS": -6694.0,
        "Diluted NI Availto Com Stockholders": NaN,
        "Net Income Common Stockholders": NaN,
        "Net Income": NaN,
        "Net Income Including Noncontrolling Interests": NaN,
        "Net Income Continuous Operations": NaN,
        "Tax Provision": NaN,
        "Pretax Income": NaN,
        "Other Income Expense": NaN,
        "Other Non Operating Income Expenses": NaN,
        "Special Income Charges": NaN,
        "Other Special Charges": NaN,
        "Gain On Sale Of Security": NaN,
        "Net Non Operating Interest Income Expense": NaN,
        "Interest Expense Non Operating": NaN,
        "Operating Income": NaN,
        "Operating Expense": NaN,
        "Research And Development": NaN,
        "Selling General And Administration": NaN,
        "Selling And Marketing Expense": NaN,
        "General And Administrative Expense": NaN,
        "Other Gand A": NaN,
        "Gross Profit": NaN,
        "Cost Of Revenue": NaN,
        "Total Revenue": NaN,
        "Operating Revenue": NaN
    },
    "2022-12-31": {
        "Tax Effect Of Unusual Items": 0.0,
        "Tax Rate For Calcs": 0.0,
        "Normalized EBITDA": -5888417.0,
        "Total Unusual Items": NaN,
        "Total Unusual Items Excluding Goodwill": NaN,
        "Net Income From Continuing Operation Net Minority Interest": -7797414.0,
        "Reconciled Depreciation": 277241.0,
        "Reconciled Cost Of Revenue": 1862949.0,
        "EBITDA": -5888417.0,
        "EBIT": -6165658.0,
        "Net Interest Income": -1631756.0,
        "Interest Expense": 1631756.0,
        "Normalized Income": -7797414.0,
        "Net Income From Continuing And Discontinued Operation": -7797414.0,
        "Total Expenses": 6932244.0,
        "Total Operating Income As Reported": -6180623.0,
        "Diluted Average Shares": NaN,
        "Basic Average Shares": NaN,
        "Diluted EPS": NaN,
        "Basic EPS": NaN,
        "Diluted NI Availto Com Stockholders": -7797414.0,
        "Net Income Common Stockholders": -7797414.0,
        "Net Income": -7797414.0,
        "Net Income Including Noncontrolling Interests": -7797414.0,
        "Net Income Continuous Operations": -7797414.0,
        "Tax Provision": 0.0,
        "Pretax Income": -7797414.0,
        "Other Income Expense": 14965.0,
        "Other Non Operating Income Expenses": 14965.0,
        "Special Income Charges": NaN,
        "Other Special Charges": NaN,
        "Gain On Sale Of Security": NaN,
        "Net Non Operating Interest Income Expense": -1631756.0,
        "Interest Expense Non Operating": 1631756.0,
        "Operating Income": -6180623.0,
        "Operating Expense": 5069295.0,
        "Research And Development": 1680389.0,
        "Selling General And Administration": 3388906.0,
        "Selling And Marketing Expense": 1751729.0,
        "General And Administrative Expense": 1637177.0,
        "Other Gand A": 1637177.0,
        "Gross Profit": -1111328.0,
        "Cost Of Revenue": 1862949.0,
        "Total Revenue": 751621.0,
        "Operating Revenue": 751621.0
    },
    "2022-09-30": {
        "Tax Effect Of Unusual Items": NaN,
        "Tax Rate For Calcs": NaN,
        "Normalized EBITDA": NaN,
        "Total Unusual Items": 0.0,
        "Total Unusual Items Excluding Goodwill": 0.0,
        "Net Income From Continuing Operation Net Minority Interest": NaN,
        "Reconciled Depreciation": NaN,
        "Reconciled Cost Of Revenue": NaN,
        "EBITDA": NaN,
        "EBIT": NaN,
        "Net Interest Income": NaN,
        "Interest Expense": NaN,
        "Normalized Income": NaN,
        "Net Income From Continuing And Discontinued Operation": NaN,
        "Total Expenses": NaN,
        "Total Operating Income As Reported": NaN,
        "Diluted Average Shares": 108200.0,
        "Basic Average Shares": 108200.0,
        "Diluted EPS": -72.9,
        "Basic EPS": -72.9,
        "Diluted NI Availto Com Stockholders": NaN,
        "Net Income Common Stockholders": NaN,
        "Net Income": NaN,
        "Net Income Including Noncontrolling Interests": NaN,
        "Net Income Continuous Operations": NaN,
        "Tax Provision": NaN,
        "Pretax Income": NaN,
        "Other Income Expense": NaN,
        "Other Non Operating Income Expenses": NaN,
        "Special Income Charges": 0.0,
        "Other Special Charges": NaN,
        "Gain On Sale Of Security": NaN,
        "Net Non Operating Interest Income Expense": NaN,
        "Interest Expense Non Operating": NaN,
        "Operating Income": NaN,
        "Operating Expense": NaN,
        "Research And Development": NaN,
        "Selling General And Administration": NaN,
        "Selling And Marketing Expense": NaN,
        "General And Administrative Expense": NaN,
        "Other Gand A": NaN,
        "Gross Profit": NaN,
        "Cost Of Revenue": NaN,
        "Total Revenue": NaN,
        "Operating Revenue": NaN
    },
    "2022-06-30": {
        "Tax Effect Of Unusual Items": 0.0,
        "Tax Rate For Calcs": 0.0,
        "Normalized EBITDA": -9628921.0,
        "Total Unusual Items": NaN,
        "Total Unusual Items Excluding Goodwill": NaN,
        "Net Income From Continuing Operation Net Minority Interest": -9926462.0,
        "Reconciled Depreciation": 292750.0,
        "Reconciled Cost Of Revenue": 6009327.0,
        "EBITDA": -9628921.0,
        "EBIT": -9921671.0,
        "Net Interest Income": -4791.0,
        "Interest Expense": 4791.0,
        "Normalized Income": -9926462.0,
        "Net Income From Continuing And Discontinued Operation": -9926462.0,
        "Total Expenses": 12287394.0,
        "Total Operating Income As Reported": -9919540.0,
        "Diluted Average Shares": 24243189.0,
        "Basic Average Shares": 24243189.0,
        "Diluted EPS": -0.41,
        "Basic EPS": -0.41,
        "Diluted NI Availto Com Stockholders": -9926462.0,
        "Net Income Common Stockholders": -9926462.0,
        "Net Income": -9926462.0,
        "Net Income Including Noncontrolling Interests": -9926462.0,
        "Net Income Continuous Operations": -9926462.0,
        "Tax Provision": 0.0,
        "Pretax Income": -9926462.0,
        "Other Income Expense": -2131.0,
        "Other Non Operating Income Expenses": -2131.0,
        "Special Income Charges": NaN,
        "Other Special Charges": NaN,
        "Net Non Operating Interest Income Expense": -4791.0,
        "Interest Expense Non Operating": 4791.0,
        "Operating Income": -9919541.0,
        "Operating Expense": 6278067.0,
        "Research And Development": 2102709.0,
        "Selling General And Administration": 4175358.0,
        "Selling And Marketing Expense": 1645907.0,
        "General And Administrative Expense": 2529451.0,
        "Other Gand A": 2529451.0,
        "Gross Profit": -3641474.0,
        "Cost Of Revenue": 6009327.0,
        "Total Revenue": 2367853.0,
        "Operating Revenue": 2367853.0
    },
    "2022-03-31": {
        "Diluted EPS": -0.4,
        "Total Revenue": 1,
        "Gross Profit": -2,
        "Operating Income": -9,
        "EBIT": -8,
        "Net Income": -9
    },
    "2021-12-31": {
        "Diluted EPS": 3.45,
        "Total Revenue": 0,
        "Gross Profit": -9,
        "Operating Income": -14,
        "EBIT": -14,
        "Net Income": -15
    },
    "2021-09-30": {
        "Diluted EPS": -2.55,
        "Total Revenue": 0,
        "Gross Profit": -1,
        "Operating Income": -6,
        "EBIT": -6,
        "Net Income": -6
    },
    "2021-06-30": {
        "Diluted EPS": -2.0,
        "Total Revenue": NaN,
        "Gross Profit": NaN,
        "Operating Income": -4,
        "EBIT": -4,
        "Net Income": -4
    },
    "2021-03-31": {
        "Diluted EPS": -7.69,
        "Total Revenue": NaN,
        "Gross Profit": NaN,
        "Operating Income": -15,
        "EBIT": -15,
        "Net Income": -15
    },
    "2020-12-31": {
        "Diluted EPS": 0.0,
        "Total Revenue": NaN,
        "Gross Profit": NaN,
        "Operating Income": NaN,
        "EBIT": NaN,
        "Net Income": NaN
    },
    "2020-09-30": {
        "Diluted EPS": -2.42,
        "Total Revenue": NaN,
        "Gross Profit": NaN,
        "Operating Income": 0,
        "EBIT": 0,
        "Net Income": 0
    },
    "2023-06-30": {
        "Tax Effect Of Unusual Items": 0.0,
        "Tax Rate For Calcs": 0.0,
        "Normalized EBITDA": -4774374.0,
        "Total Unusual Items": -16504200.0,
        "Total Unusual Items Excluding Goodwill": -16504200.0,
        "Net Income From Continuing Operation Net Minority Interest": -23028194.0,
        "Reconciled Depreciation": 146404.0,
        "Reconciled Cost Of Revenue": 334647.0,
        "EBITDA": -21278574.0,
        "EBIT": -21424978.0,
        "Net Interest Income": -1603216.0,
        "Interest Expense": 1603216.0,
        "Normalized Income": -6523994.0,
        "Net Income From Continuing And Discontinued Operation": -23028194.0,
        "Total Expenses": 5450696.0,
        "Total Operating Income As Reported": -4931396.0,
        "Diluted Average Shares": 1205.0,
        "Basic Average Shares": 1205.0,
        "Diluted EPS": -19110.53,
        "Basic EPS": -19110.53,
        "Diluted NI Availto Com Stockholders": -23028194.0,
        "Net Income Common Stockholders": -23028194.0,
        "Net Income": -23028194.0,
        "Net Income Including Noncontrolling Interests": -23028194.0,
        "Net Income Continuous Operations": -23028194.0,
        "Tax Provision": 0.0,
        "Pretax Income": -23028194.0,
        "Other Income Expense": -16493582.0,
        "Other Non Operating Income Expenses": 10618.0,
        "Special Income Charges": -22296988.0,
        "Other Special Charges": 22296988.0,
        "Gain On Sale Of Security": 5792788.0,
        "Net Non Operating Interest Income Expense": -1603216.0,
        "Interest Expense Non Operating": 1603216.0,
        "Operating Income": -4931396.0,
        "Operating Expense": 5116049.0,
        "Research And Development": 1166732.0,
        "Selling General And Administration": 3949317.0,
        "Selling And Marketing Expense": 2380617.0,
        "General And Administrative Expense": 1568700.0,
        "Other Gand A": 1568700.0,
        "Gross Profit": 184653.0,
        "Cost Of Revenue": 334647.0,
        "Total Revenue": 519300.0,
        "Operating Revenue": 519300.0
    },
    "2023-09-30": {
        "Tax Effect Of Unusual Items": 0.0,
        "Tax Rate For Calcs": 0.0,
        "Normalized EBITDA": -9347417.0,
        "Total Unusual Items": -684994.0,
        "Total Unusual Items Excluding Goodwill": -684994.0,
        "Net Income From Continuing Operation Net Minority Interest": -11327896.0,
        "Reconciled Depreciation": 160396.0,
        "Reconciled Cost Of Revenue": 3542468.0,
        "EBITDA": -10032411.0,
        "EBIT": -10192807.0,
        "Net Interest Income": -1135089.0,
        "Interest Expense": 1135089.0,
        "Normalized Income": -10642902.0,
        "Net Income From Continuing And Discontinued Operation": -11327896.0,
        "Total Expenses": 9940541.0,
        "Total Operating Income As Reported": -9453111.0,
        "Diluted Average Shares": 1369.0,
        "Basic Average Shares": 1369.0,
        "Diluted EPS": -8280.000008,
        "Basic EPS": -8280.000008,
        "Diluted NI Availto Com Stockholders": -11327896.0,
        "Net Income Common Stockholders": -11327896.0,
        "Net Income": -11327896.0,
        "Net Income Including Noncontrolling Interests": -11327896.0,
        "Net Income Continuous Operations": -11327896.0,
        "Tax Provision": 0.0,
        "Pretax Income": -11327896.0,
        "Other Income Expense": -739696.0,
        "Other Non Operating Income Expenses": -54702.0,
        "Special Income Charges": 0.0,
        "Other Special Charges": NaN,
        "Gain On Sale Of Security": -684994.0,
        "Net Non Operating Interest Income Expense": -1135089.0,
        "Interest Expense Non Operating": 1135089.0,
        "Operating Income": -9453111.0,
        "Operating Expense": 6398073.0,
        "Research And Development": 2983197.0,
        "Selling General And Administration": 3414876.0,
        "Selling And Marketing Expense": 1870532.0,
        "General And Administrative Expense": 1544344.0,
        "Other Gand A": 1544344.0,
        "Gross Profit": -3055038.0,
        "Cost Of Revenue": 3542468.0,
        "Total Revenue": 487430.0,
        "Operating Revenue": 487430.0
    },
    "2023-12-31": {
        "Tax Effect Of Unusual Items": 0.0,
        "Tax Rate For Calcs": 0.0,
        "Normalized EBITDA": -11159527.0,
        "Total Unusual Items": 8365424.0,
        "Total Unusual Items Excluding Goodwill": 8365424.0,
        "Net Income From Continuing Operation Net Minority Interest": -3415652.0,
        "Reconciled Depreciation": 170283.0,
        "Reconciled Cost Of Revenue": 6283944.0,
        "EBITDA": -2794103.0,
        "EBIT": -2964386.0,
        "Net Interest Income": -451266.0,
        "Interest Expense": 451266.0,
        "Normalized Income": -11781076.0,
        "Net Income From Continuing And Discontinued Operation": -3415652.0,
        "Total Expenses": 10966707.0,
        "Total Operating Income As Reported": -9882907.0,
        "Diluted Average Shares": NaN,
        "Basic Average Shares": NaN,
        "Diluted EPS": NaN,
        "Basic EPS": NaN,
        "Diluted NI Availto Com Stockholders": -3415652.0,
        "Net Income Common Stockholders": -3415652.0,
        "Net Income": -3415652.0,
        "Net Income Including Noncontrolling Interests": -3415652.0,
        "Net Income Continuous Operations": -3415652.0,
        "Tax Provision": 0.0,
        "Pretax Income": -3415652.0,
        "Other Income Expense": 6918521.0,
        "Other Non Operating Income Expenses": -1446903.0,
        "Special Income Charges": 0.0,
        "Other Special Charges": 0.0,
        "Gain On Sale Of Security": 8365424.0,
        "Net Non Operating Interest Income Expense": -451266.0,
        "Interest Expense Non Operating": 451266.0,
        "Operating Income": -9882907.0,
        "Operating Expense": 4682763.0,
        "Research And Development": 1932705.0,
        "Selling General And Administration": 2750058.0,
        "Selling And Marketing Expense": 1365186.0,
        "General And Administrative Expense": 1384872.0,
        "Other Gand A": 1384872.0,
        "Gross Profit": -5200144.0,
        "Cost Of Revenue": 6283944.0,
        "Total Revenue": 1083800.0,
        "Operating Revenue": 1083800.0
    },
    "2024-03-31": {
        "Tax Effect Of Unusual Items": 0.0,
        "Tax Rate For Calcs": 0.0,
        "Normalized EBITDA": -4037173.0,
        "Total Unusual Items": -21486595.0,
        "Total Unusual Items Excluding Goodwill": -21486595.0,
        "Net Income From Continuing Operation Net Minority Interest": -26048044.0,
        "Reconciled Depreciation": 194308.0,
        "Reconciled Cost Of Revenue": 1621580.0,
        "EBITDA": -25523768.0,
        "EBIT": -25718076.0,
        "Net Interest Income": -329968.0,
        "Interest Expense": 329968.0,
        "Normalized Income": -4561449.0,
        "Net Income From Continuing And Discontinued Operation": -26048044.0,
        "Total Expenses": 5277883.0,
        "Total Operating Income As Reported": -4244335.0,
        "Diluted Average Shares": 79684.0,
        "Basic Average Shares": 79684.0,
        "Diluted EPS": -327.0,
        "Basic EPS": -327.0,
        "Diluted NI Availto Com Stockholders": -26048044.0,
        "Net Income Common Stockholders": -26048044.0,
        "Net Income": -26048044.0,
        "Net Income Including Noncontrolling Interests": -26048044.0,
        "Net Income Continuous Operations": -26048044.0,
        "Tax Provision": 0.0,
        "Pretax Income": -26048044.0,
        "Other Income Expense": -21473741.0,
        "Other Non Operating Income Expenses": 12854.0,
        "Special Income Charges": NaN,
        "Other Special Charges": NaN,
        "Gain On Sale Of Security": -21486595.0,
        "Net Non Operating Interest Income Expense": -329968.0,
        "Interest Expense Non Operating": 329968.0,
        "Operating Income": -4244335.0,
        "Operating Expense": 3656303.0,
        "Research And Development": 814945.0,
        "Selling General And Administration": 2841358.0,
        "Selling And Marketing Expense": 760564.0,
        "General And Administrative Expense": 2080794.0,
        "Other Gand A": 2080794.0,
        "Gross Profit": -588032.0,
        "Cost Of Revenue": 1621580.0,
        "Total Revenue": 1033548.0,
        "Operating Revenue": 1033548.0
    },
    "2024-06-30": {
        "Tax Effect Of Unusual Items": 0.0,
        "Tax Rate For Calcs": 0.0,
        "Normalized EBITDA": -5322873.0,
        "Total Unusual Items": 5111291.0,
        "Total Unusual Items Excluding Goodwill": 5111291.0,
        "Net Income From Continuing Operation Net Minority Interest": -606418.0,
        "Reconciled Depreciation": 197839.0,
        "Reconciled Cost Of Revenue": 3113429.0,
        "EBITDA": -211582.0,
        "EBIT": -409421.0,
        "Net Interest Income": -196997.0,
        "Interest Expense": 196997.0,
        "Normalized Income": -5717709.0,
        "Net Income From Continuing And Discontinued Operation": -606418.0,
        "Total Expenses": 6470164.0,
        "Total Operating Income As Reported": -5529301.0,
        "Diluted Average Shares": 401802.0,
        "Basic Average Shares": 401802.0,
        "Diluted EPS": -1.51,
        "Basic EPS": -1.51,
        "Diluted NI Availto Com Stockholders": -606418.0,
        "Net Income Common Stockholders": -606418.0,
        "Net Income": -606418.0,
        "Net Income Including Noncontrolling Interests": -606418.0,
        "Net Income Continuous Operations": -606418.0,
        "Tax Provision": 0.0,
        "Pretax Income": -606418.0,
        "Other Income Expense": 5119880.0,
        "Other Non Operating Income Expenses": 8589.0,
        "Special Income Charges": 0.0,
        "Other Special Charges": NaN,
        "Gain On Sale Of Security": 5111291.0,
        "Net Non Operating Interest Income Expense": -196997.0,
        "Interest Expense Non Operating": 196997.0,
        "Operating Income": -5529301.0,
        "Operating Expense": 3356735.0,
        "Research And Development": 805550.0,
        "Selling General And Administration": 2551185.0,
        "Selling And Marketing Expense": 543671.0,
        "General And Administrative Expense": 2007514.0,
        "Other Gand A": 2007514.0,
        "Gross Profit": -2172566.0,
        "Cost Of Revenue": 3113429.0,
        "Total Revenue": 940863.0,
        "Operating Revenue": 940863.0
    }
}