{
    "2023-03-31": {
        "Tax Effect Of Unusual Items": 0.0,
        "Tax Rate For Calcs": 0.0,
        "Normalized EBITDA": -22339000.0,
        "Total Unusual Items": -12206000.0,
        "Total Unusual Items Excluding Goodwill": -12206000.0,
        "Net Income From Continuing Operation Net Minority Interest": -36325000.0,
        "Reconciled Depreciation": 1560000.0,
        "Reconciled Cost Of Revenue": 24155000.0,
        "EBITDA": -34545000.0,
        "EBIT": -36105000.0,
        "Net Interest Income": -220000.0,
        "Interest Expense": 220000.0,
        "Normalized Income": -24119000.0,
        "Net Income From Continuing And Discontinued Operation": -36325000.0,
        "Total Expenses": 50937000.0,
        "Total Operating Income As Reported": -24250000.0,
        "Diluted Average Shares": 189609021.0,
        "Basic Average Shares": 189609021.0,
        "Diluted EPS": -0.19,
        "Basic EPS": -0.19,
        "Diluted NI Availto Com Stockholders": -36325000.0,
        "Net Income Common Stockholders": -36325000.0,
        "Net Income": -36325000.0,
        "Net Income Including Noncontrolling Interests": -36325000.0,
        "Net Income Continuous Operations": -36325000.0,
        "Tax Provision": 0.0,
        "Pretax Income": -36325000.0,
        "Other Income Expense": -11855000.0,
        "Other Non Operating Income Expenses": 351000.0,
        "Special Income Charges": -9653000.0,
        "Other Special Charges": NaN,
        "Restructuring And Mergern Acquisition": 9653000.0,
        "Gain On Sale Of Security": -2553000.0,
        "Net Non Operating Interest Income Expense": -220000.0,
        "Interest Expense Non Operating": 220000.0,
        "Operating Income": -24250000.0,
        "Operating Expense": 26782000.0,
        "Research And Development": 10417000.0,
        "Selling General And Administration": 16365000.0,
        "Selling And Marketing Expense": 6174000.0,
        "General And Administrative Expense": 10191000.0,
        "Other Gand A": 10191000.0,
        "Gross Profit": 2532000.0,
        "Cost Of Revenue": 24155000.0,
        "Total Revenue": 26687000.0,
        "Operating Revenue": 26687000.0
    },
    "2022-12-31": {
        "Tax Effect Of Unusual Items": 0.0,
        "Tax Rate For Calcs": 0.0,
        "Normalized EBITDA": -19474000.0,
        "Total Unusual Items": 44053000.0,
        "Total Unusual Items Excluding Goodwill": 44053000.0,
        "Net Income From Continuing Operation Net Minority Interest": 22607000.0,
        "Reconciled Depreciation": 1962000.0,
        "Reconciled Cost Of Revenue": 28012000.0,
        "EBITDA": 24579000.0,
        "EBIT": 22617000.0,
        "Net Interest Income": -10000.0,
        "Interest Expense": 10000.0,
        "Normalized Income": -21446000.0,
        "Net Income From Continuing And Discontinued Operation": 22607000.0,
        "Total Expenses": 51674000.0,
        "Total Operating Income As Reported": -21894000.0,
        "Diluted Average Shares": 202704021.0,
        "Basic Average Shares": 186491083.0,
        "Diluted EPS": 0.11,
        "Basic EPS": 0.12,
        "Diluted NI Availto Com Stockholders": 22607000.0,
        "Net Income Common Stockholders": 22607000.0,
        "Net Income": 22607000.0,
        "Net Income Including Noncontrolling Interests": 22607000.0,
        "Net Income Continuous Operations": 22607000.0,
        "Tax Provision": 0.0,
        "Pretax Income": 22607000.0,
        "Other Income Expense": 44511000.0,
        "Other Non Operating Income Expenses": 458000.0,
        "Special Income Charges": 35963000.0,
        "Other Special Charges": NaN,
        "Restructuring And Mergern Acquisition": -35963000.0,
        "Gain On Sale Of Security": 8090000.0,
        "Net Non Operating Interest Income Expense": -10000.0,
        "Interest Expense Non Operating": 10000.0,
        "Operating Income": -21894000.0,
        "Operating Expense": 23662000.0,
        "Research And Development": 7828000.0,
        "Selling General And Administration": 15834000.0,
        "Selling And Marketing Expense": 6043000.0,
        "General And Administrative Expense": 9791000.0,
        "Other Gand A": 9791000.0,
        "Gross Profit": 1768000.0,
        "Cost Of Revenue": 28012000.0,
        "Total Revenue": 29780000.0,
        "Operating Revenue": 29780000.0
    },
    "2022-09-30": {
        "Tax Effect Of Unusual Items": 0.0,
        "Tax Rate For Calcs": 0.0,
        "Normalized EBITDA": -26349000.0,
        "Total Unusual Items": -47497000.0,
        "Total Unusual Items Excluding Goodwill": -47497000.0,
        "Net Income From Continuing Operation Net Minority Interest": -75195000.0,
        "Reconciled Depreciation": 1220000.0,
        "Reconciled Cost Of Revenue": 19236000.0,
        "EBITDA": -73846000.0,
        "EBIT": -75066000.0,
        "Net Interest Income": -129000.0,
        "Interest Expense": 129000.0,
        "Normalized Income": -27698000.0,
        "Net Income From Continuing And Discontinued Operation": -75195000.0,
        "Total Expenses": 47068000.0,
        "Total Operating Income As Reported": -27953000.0,
        "Diluted Average Shares": 185560177.0,
        "Basic Average Shares": 185560177.0,
        "Diluted EPS": -0.41,
        "Basic EPS": -0.41,
        "Diluted NI Availto Com Stockholders": -75195000.0,
        "Net Income Common Stockholders": -75195000.0,
        "Net Income": -75195000.0,
        "Net Income Including Noncontrolling Interests": -75195000.0,
        "Net Income Continuous Operations": -75195000.0,
        "Tax Provision": 0.0,
        "Pretax Income": -75195000.0,
        "Other Income Expense": -47113000.0,
        "Other Non Operating Income Expenses": 384000.0,
        "Special Income Charges": -40885000.0,
        "Other Special Charges": NaN,
        "Restructuring And Mergern Acquisition": 40885000.0,
        "Gain On Sale Of Security": -6612000.0,
        "Net Non Operating Interest Income Expense": -129000.0,
        "Interest Expense Non Operating": 129000.0,
        "Operating Income": -27953000.0,
        "Operating Expense": 27832000.0,
        "Research And Development": 12558000.0,
        "Selling General And Administration": 15274000.0,
        "Selling And Marketing Expense": 5632000.0,
        "General And Administrative Expense": 9642000.0,
        "Other Gand A": 9642000.0,
        "Gross Profit": -121000.0,
        "Cost Of Revenue": 19236000.0,
        "Total Revenue": 19115000.0,
        "Operating Revenue": 19115000.0
    },
    "2022-06-30": {
        "Tax Effect Of Unusual Items": 0.0,
        "Tax Rate For Calcs": 0.0,
        "Normalized EBITDA": -24761000.0,
        "Total Unusual Items": 153892000.0,
        "Total Unusual Items Excluding Goodwill": 153892000.0,
        "Net Income From Continuing Operation Net Minority Interest": 127950000.0,
        "Reconciled Depreciation": 1089000.0,
        "Reconciled Cost Of Revenue": 18412000.0,
        "EBITDA": 129131000.0,
        "EBIT": 128042000.0,
        "Net Interest Income": -92000.0,
        "Interest Expense": 92000.0,
        "Normalized Income": -25942000.0,
        "Net Income From Continuing And Discontinued Operation": 127950000.0,
        "Total Expenses": 45885000.0,
        "Total Operating Income As Reported": -26241000.0,
        "Diluted Average Shares": 202326053.0,
        "Basic Average Shares": 184282194.0,
        "Diluted EPS": 0.63,
        "Basic EPS": 0.69,
        "Diluted NI Availto Com Stockholders": 127950000.0,
        "Net Income Common Stockholders": 127950000.0,
        "Net Income": 127950000.0,
        "Net Income Including Noncontrolling Interests": 127950000.0,
        "Net Income Continuous Operations": 127950000.0,
        "Tax Provision": 0.0,
        "Pretax Income": 127950000.0,
        "Other Income Expense": 154283000.0,
        "Other Non Operating Income Expenses": 391000.0,
        "Special Income Charges": 130227000.0,
        "Restructuring And Mergern Acquisition": -130227000.0,
        "Gain On Sale Of Security": 23665000.0,
        "Net Non Operating Interest Income Expense": -92000.0,
        "Interest Expense Non Operating": 92000.0,
        "Operating Income": -26241000.0,
        "Operating Expense": 27473000.0,
        "Research And Development": 12965000.0,
        "Selling General And Administration": 14508000.0,
        "Selling And Marketing Expense": 6249000.0,
        "General And Administrative Expense": 8259000.0,
        "Other Gand A": 8259000.0,
        "Gross Profit": 1232000.0,
        "Cost Of Revenue": 18412000.0,
        "Total Revenue": 19644000.0,
        "Operating Revenue": 19644000.0
    },
    "2022-03-31": {
        "Diluted EPS": -0.36,
        "Total Revenue": 12,
        "Gross Profit": 0,
        "Operating Income": -28,
        "EBIT": -27,
        "Net Income": -65
    },
    "2021-12-31": {
        "Diluted EPS": 3.17,
        "Total Revenue": 10,
        "Gross Profit": 2,
        "Operating Income": -19,
        "EBIT": -17,
        "Net Income": -14
    },
    "2021-09-30": {
        "Diluted EPS": -3.36,
        "Total Revenue": 9,
        "Gross Profit": 1,
        "Operating Income": -15,
        "EBIT": -14,
        "Net Income": -67
    },
    "2021-06-30": {
        "Diluted EPS": -0.78,
        "Total Revenue": 7,
        "Gross Profit": 2,
        "Operating Income": -12,
        "EBIT": -11,
        "Net Income": -13
    },
    "2021-03-31": {
        "Diluted EPS": -0.85,
        "Total Revenue": 1,
        "Gross Profit": 0,
        "Operating Income": -12,
        "EBIT": -12,
        "Net Income": -14
    },
    "2020-12-31": {
        "Diluted EPS": 0.0,
        "Total Revenue": NaN,
        "Gross Profit": NaN,
        "Operating Income": NaN,
        "EBIT": NaN,
        "Net Income": NaN
    },
    "2020-09-30": {
        "Diluted EPS": -0.44,
        "Total Revenue": 2,
        "Gross Profit": 0,
        "Operating Income": -7,
        "EBIT": -7,
        "Net Income": -7
    },
    "2023-06-30": {
        "Tax Effect Of Unusual Items": 0.0,
        "Tax Rate For Calcs": 0.0,
        "Normalized EBITDA": -24105000.0,
        "Total Unusual Items": 2671000.0,
        "Total Unusual Items Excluding Goodwill": 2671000.0,
        "Net Income From Continuing Operation Net Minority Interest": -23201000.0,
        "Reconciled Depreciation": 1423000.0,
        "Reconciled Cost Of Revenue": 22598000.0,
        "EBITDA": -21434000.0,
        "EBIT": -22857000.0,
        "Net Interest Income": -344000.0,
        "Interest Expense": 344000.0,
        "Normalized Income": -25872000.0,
        "Net Income From Continuing And Discontinued Operation": -23201000.0,
        "Total Expenses": 50840000.0,
        "Total Operating Income As Reported": -25706000.0,
        "Diluted Average Shares": 5659601.0,
        "Basic Average Shares": 5659601.0,
        "Diluted EPS": -4.1,
        "Basic EPS": -4.1,
        "Diluted NI Availto Com Stockholders": -23201000.0,
        "Net Income Common Stockholders": -23201000.0,
        "Net Income": -23201000.0,
        "Net Income Including Noncontrolling Interests": -23201000.0,
        "Net Income Continuous Operations": -23201000.0,
        "Tax Provision": 0.0,
        "Pretax Income": -23201000.0,
        "Other Income Expense": 2849000.0,
        "Other Non Operating Income Expenses": 178000.0,
        "Special Income Charges": 1843000.0,
        "Other Special Charges": NaN,
        "Restructuring And Mergern Acquisition": -1843000.0,
        "Gain On Sale Of Security": 828000.0,
        "Net Non Operating Interest Income Expense": -344000.0,
        "Interest Expense Non Operating": 344000.0,
        "Operating Income": -25706000.0,
        "Operating Expense": 28242000.0,
        "Research And Development": 12238000.0,
        "Selling General And Administration": 16004000.0,
        "Selling And Marketing Expense": 6108000.0,
        "General And Administrative Expense": 9896000.0,
        "Other Gand A": 9896000.0,
        "Gross Profit": 2536000.0,
        "Cost Of Revenue": 22598000.0,
        "Total Revenue": 25134000.0,
        "Operating Revenue": 25134000.0
    },
    "2023-09-30": {
        "Tax Effect Of Unusual Items": 0.0,
        "Tax Rate For Calcs": 0.0,
        "Normalized EBITDA": -23252000.0,
        "Total Unusual Items": 8496000.0,
        "Total Unusual Items Excluding Goodwill": 8496000.0,
        "Net Income From Continuing Operation Net Minority Interest": -17396000.0,
        "Reconciled Depreciation": 1533000.0,
        "Reconciled Cost Of Revenue": 22320000.0,
        "EBITDA": -14756000.0,
        "EBIT": -16289000.0,
        "Net Interest Income": -1107000.0,
        "Interest Expense": 1107000.0,
        "Normalized Income": -25892000.0,
        "Net Income From Continuing And Discontinued Operation": -17396000.0,
        "Total Expenses": 49029000.0,
        "Total Operating Income As Reported": -25221000.0,
        "Diluted Average Shares": 5652374.0,
        "Basic Average Shares": 5652374.0,
        "Diluted EPS": -3.15,
        "Basic EPS": -3.15,
        "Diluted NI Availto Com Stockholders": -17396000.0,
        "Net Income Common Stockholders": -17396000.0,
        "Net Income": -17396000.0,
        "Net Income Including Noncontrolling Interests": -17396000.0,
        "Net Income Continuous Operations": -17396000.0,
        "Tax Provision": 0.0,
        "Pretax Income": -17396000.0,
        "Other Income Expense": 8932000.0,
        "Other Non Operating Income Expenses": 436000.0,
        "Special Income Charges": 10557000.0,
        "Other Special Charges": 253000.0,
        "Restructuring And Mergern Acquisition": -10810000.0,
        "Gain On Sale Of Security": -2061000.0,
        "Net Non Operating Interest Income Expense": -1107000.0,
        "Interest Expense Non Operating": 1107000.0,
        "Operating Income": -25221000.0,
        "Operating Expense": 26709000.0,
        "Research And Development": 9819000.0,
        "Selling General And Administration": 16890000.0,
        "Selling And Marketing Expense": 5772000.0,
        "General And Administrative Expense": 11118000.0,
        "Other Gand A": 11118000.0,
        "Gross Profit": 1488000.0,
        "Cost Of Revenue": 22320000.0,
        "Total Revenue": 23808000.0,
        "Operating Revenue": 23808000.0
    },
    "2023-12-31": {
        "Tax Effect Of Unusual Items": 0.0,
        "Tax Rate For Calcs": 0.0,
        "Normalized EBITDA": -53869000.0,
        "Total Unusual Items": 8370000.0,
        "Total Unusual Items Excluding Goodwill": 8370000.0,
        "Net Income From Continuing Operation Net Minority Interest": -58344000.0,
        "Reconciled Depreciation": 4794000.0,
        "Reconciled Cost Of Revenue": 35347000.0,
        "EBITDA": -45499000.0,
        "EBIT": -50293000.0,
        "Net Interest Income": -8051000.0,
        "Interest Expense": 8051000.0,
        "Normalized Income": -66714000.0,
        "Net Income From Continuing And Discontinued Operation": -58344000.0,
        "Total Expenses": 59891000.0,
        "Total Operating Income As Reported": -58204000.0,
        "Diluted Average Shares": 5939116.0,
        "Basic Average Shares": 5939116.0,
        "Diluted EPS": -9.8,
        "Basic EPS": -9.8,
        "Diluted NI Availto Com Stockholders": -58344000.0,
        "Net Income Common Stockholders": -58344000.0,
        "Net Income": -58344000.0,
        "Net Income Including Noncontrolling Interests": -58344000.0,
        "Net Income Continuous Operations": -58344000.0,
        "Tax Provision": 0.0,
        "Pretax Income": -58344000.0,
        "Other Income Expense": 7911000.0,
        "Other Non Operating Income Expenses": -459000.0,
        "Special Income Charges": -6239000.0,
        "Other Special Charges": 19197000.0,
        "Restructuring And Mergern Acquisition": -12958000.0,
        "Gain On Sale Of Security": 14609000.0,
        "Net Non Operating Interest Income Expense": -8051000.0,
        "Interest Expense Non Operating": 8051000.0,
        "Operating Income": -58204000.0,
        "Operating Expense": 24544000.0,
        "Research And Development": 9211000.0,
        "Selling General And Administration": 15333000.0,
        "Selling And Marketing Expense": 5175000.0,
        "General And Administrative Expense": 10158000.0,
        "Other Gand A": 10158000.0,
        "Gross Profit": -33660000.0,
        "Cost Of Revenue": 35347000.0,
        "Total Revenue": 1687000.0,
        "Operating Revenue": 1687000.0
    },
    "2024-03-31": {
        "Tax Effect Of Unusual Items": -641970.0,
        "Tax Rate For Calcs": 0.21,
        "Normalized EBITDA": -16789000.0,
        "Total Unusual Items": -3057000.0,
        "Total Unusual Items Excluding Goodwill": -3057000.0,
        "Net Income From Continuing Operation Net Minority Interest": -28314000.0,
        "Reconciled Depreciation": 4567000.0,
        "Reconciled Cost Of Revenue": 12601000.0,
        "EBITDA": -19846000.0,
        "EBIT": -24413000.0,
        "Net Interest Income": -3897000.0,
        "Interest Expense": 3897000.0,
        "Normalized Income": -25898970.0,
        "Net Income From Continuing And Discontinued Operation": -28314000.0,
        "Total Expenses": 31236000.0,
        "Total Operating Income As Reported": -21450000.0,
        "Diluted Average Shares": 7436976.0,
        "Basic Average Shares": 7436976.0,
        "Diluted EPS": -3.85,
        "Basic EPS": -3.85,
        "Diluted NI Availto Com Stockholders": -28314000.0,
        "Net Income Common Stockholders": -28314000.0,
        "Net Income": -28314000.0,
        "Net Income Including Noncontrolling Interests": -28314000.0,
        "Net Income Continuous Operations": -28314000.0,
        "Tax Provision": 4000.0,
        "Pretax Income": -28310000.0,
        "Other Income Expense": -2963000.0,
        "Other Non Operating Income Expenses": 94000.0,
        "Special Income Charges": -437000.0,
        "Other Special Charges": NaN,
        "Restructuring And Mergern Acquisition": 437000.0,
        "Gain On Sale Of Security": -2620000.0,
        "Net Non Operating Interest Income Expense": -3897000.0,
        "Interest Expense Non Operating": 3897000.0,
        "Operating Income": -21450000.0,
        "Operating Expense": 18635000.0,
        "Research And Development": 5043000.0,
        "Selling General And Administration": 13592000.0,
        "Selling And Marketing Expense": 4809000.0,
        "General And Administrative Expense": 8783000.0,
        "Other Gand A": 8783000.0,
        "Gross Profit": -2815000.0,
        "Cost Of Revenue": 12601000.0,
        "Total Revenue": 9786000.0,
        "Operating Revenue": 9786000.0
    },
    "2024-06-30": {
        "Tax Effect Of Unusual Items": 616681.818182,
        "Tax Rate For Calcs": 0.022727,
        "Normalized EBITDA": -21847000.0,
        "Total Unusual Items": 27134000.0,
        "Total Unusual Items Excluding Goodwill": 27134000.0,
        "Net Income From Continuing Operation Net Minority Interest": -172000.0,
        "Reconciled Depreciation": -1860000.0,
        "Reconciled Cost Of Revenue": 13241000.0,
        "EBITDA": 5287000.0,
        "EBIT": 5287000.0,
        "Net Interest Income": -5463000.0,
        "Interest Expense": 5463000.0,
        "Normalized Income": -26689318.181818,
        "Net Income From Continuing And Discontinued Operation": -172000.0,
        "Total Expenses": 30864000.0,
        "Total Operating Income As Reported": -20520000.0,
        "Diluted Average Shares": 8475386.0,
        "Basic Average Shares": 8475386.0,
        "Diluted EPS": -0.02,
        "Basic EPS": -0.02,
        "Diluted NI Availto Com Stockholders": -172000.0,
        "Net Income Common Stockholders": -172000.0,
        "Net Income": -172000.0,
        "Net Income Including Noncontrolling Interests": -172000.0,
        "Net Income Continuous Operations": -172000.0,
        "Tax Provision": -4000.0,
        "Pretax Income": -176000.0,
        "Other Income Expense": 25807000.0,
        "Other Non Operating Income Expenses": -1327000.0,
        "Special Income Charges": 1824000.0,
        "Other Special Charges": NaN,
        "Restructuring And Mergern Acquisition": -1824000.0,
        "Gain On Sale Of Security": 25310000.0,
        "Net Non Operating Interest Income Expense": -5463000.0,
        "Interest Expense Non Operating": 5463000.0,
        "Operating Income": -20520000.0,
        "Operating Expense": 17623000.0,
        "Research And Development": 4545000.0,
        "Selling General And Administration": 13078000.0,
        "Selling And Marketing Expense": 4273000.0,
        "General And Administrative Expense": 8805000.0,
        "Other Gand A": 8805000.0,
        "Gross Profit": -2897000.0,
        "Cost Of Revenue": 13241000.0,
        "Total Revenue": 10344000.0,
        "Operating Revenue": 10344000.0
    }
}