{
    "2023-06-30": {
        "Tax Effect Of Unusual Items": 0.0,
        "Tax Rate For Calcs": 0.22,
        "Normalized EBITDA": 2865000000.0,
        "Total Unusual Items": NaN,
        "Total Unusual Items Excluding Goodwill": NaN,
        "Net Income From Continuing Operation Net Minority Interest": 1944000000.0,
        "Reconciled Depreciation": 669000000.0,
        "Reconciled Cost Of Revenue": 31539000000.0,
        "EBIT": 2865000000.0,
        "Net Interest Income": -148000000.0,
        "Interest Expense": 148000000.0,
        "Interest Income": 62000000.0,
        "Normalized Income": 1944000000.0,
        "Net Income From Continuing And Discontinued Operation": 1944000000.0,
        "Total Expenses": 31750000000.0,
        "Total Operating Income As Reported": 2759000000.0,
        "Diluted Average Shares": 358000000.0,
        "Basic Average Shares": 358000000.0,
        "Diluted EPS": 5.4,
        "Basic EPS": 5.41,
        "Diluted NI Availto Com Stockholders": 1944000000.0,
        "Net Income Common Stockholders": 1944000000.0,
        "Otherunder Preferred Stock Dividend": 6000000.0,
        "Net Income": 1944000000.0,
        "Minority Interests": -178000000.0,
        "Net Income Including Noncontrolling Interests": 2122000000.0,
        "Net Income Continuous Operations": 2122000000.0,
        "Tax Provision": 595000000.0,
        "Pretax Income": 2717000000.0,
        "Other Income Expense": 106000000.0,
        "Other Non Operating Income Expenses": 106000000.0,
        "Special Income Charges": NaN,
        "Impairment Of Capital Assets": NaN,
        "Earnings From Equity Interest": 44000000.0,
        "Net Non Operating Interest Income Expense": -148000000.0,
        "Interest Expense Non Operating": 148000000.0,
        "Interest Income Non Operating": 62000000.0,
        "Operating Income": 2759000000.0,
        "Operating Expense": 211000000.0,
        "Other Operating Expenses": 2000000.0,
        "Selling General And Administration": 209000000.0,
        "General And Administrative Expense": 209000000.0,
        "Other Gand A": 209000000.0,
        "Gross Profit": 2970000000.0,
        "Cost Of Revenue": 31539000000.0,
        "Total Revenue": 34509000000.0,
        "Operating Revenue": 34509000000.0
    },
    "2023-03-31": {
        "Tax Effect Of Unusual Items": 0.0,
        "Tax Rate For Calcs": 0.22,
        "Normalized EBITDA": 4172000000.0,
        "Total Unusual Items": NaN,
        "Total Unusual Items Excluding Goodwill": NaN,
        "Net Income From Continuing Operation Net Minority Interest": 3067000000.0,
        "Reconciled Depreciation": 660000000.0,
        "Reconciled Cost Of Revenue": 32142000000.0,
        "EBIT": 4172000000.0,
        "Net Interest Income": -146000000.0,
        "Interest Expense": 146000000.0,
        "Interest Income": NaN,
        "Normalized Income": 3067000000.0,
        "Net Income From Continuing And Discontinued Operation": 3067000000.0,
        "Total Expenses": 32396000000.0,
        "Total Operating Income As Reported": 4043000000.0,
        "Diluted Average Shares": 369000000.0,
        "Basic Average Shares": 369000000.0,
        "Diluted EPS": 8.29,
        "Basic EPS": 8.3,
        "Diluted NI Availto Com Stockholders": 3067000000.0,
        "Net Income Common Stockholders": 3067000000.0,
        "Otherunder Preferred Stock Dividend": 10000000.0,
        "Net Income": 3067000000.0,
        "Minority Interests": -79000000.0,
        "Net Income Including Noncontrolling Interests": 3146000000.0,
        "Net Income Continuous Operations": 3146000000.0,
        "Tax Provision": 880000000.0,
        "Pretax Income": 4026000000.0,
        "Other Income Expense": 129000000.0,
        "Other Non Operating Income Expenses": 129000000.0,
        "Special Income Charges": NaN,
        "Impairment Of Capital Assets": NaN,
        "Earnings From Equity Interest": NaN,
        "Net Non Operating Interest Income Expense": -146000000.0,
        "Interest Expense Non Operating": 146000000.0,
        "Interest Income Non Operating": NaN,
        "Operating Income": 4043000000.0,
        "Operating Expense": 254000000.0,
        "Other Operating Expenses": 10000000.0,
        "Selling General And Administration": 244000000.0,
        "General And Administrative Expense": 244000000.0,
        "Other Gand A": 244000000.0,
        "Gross Profit": 4297000000.0,
        "Cost Of Revenue": 32142000000.0,
        "Total Revenue": 36439000000.0,
        "Operating Revenue": 36439000000.0
    },
    "2022-12-31": {
        "Tax Effect Of Unusual Items": -14611294.117647,
        "Tax Rate For Calcs": 0.239529,
        "Normalized EBITDA": 4448000000.0,
        "Total Unusual Items": -61000000.0,
        "Total Unusual Items Excluding Goodwill": -61000000.0,
        "Net Income From Continuing Operation Net Minority Interest": 3113000000.0,
        "Reconciled Depreciation": 633000000.0,
        "Reconciled Cost Of Revenue": 37082000000.0,
        "EBIT": 4387000000.0,
        "Net Interest Income": -137000000.0,
        "Interest Expense": 137000000.0,
        "Interest Income": NaN,
        "Normalized Income": 3159388705.882353,
        "Net Income From Continuing And Discontinued Operation": 3113000000.0,
        "Total Expenses": 37390000000.0,
        "Total Operating Income As Reported": 4295000000.0,
        "Diluted Average Shares": 381000000.0,
        "Basic Average Shares": 380000000.0,
        "Diluted EPS": 8.15,
        "Basic EPS": 8.15,
        "Diluted NI Availto Com Stockholders": 3113000000.0,
        "Net Income Common Stockholders": 3113000000.0,
        "Otherunder Preferred Stock Dividend": 12000000.0,
        "Net Income": 3113000000.0,
        "Minority Interests": -119000000.0,
        "Net Income Including Noncontrolling Interests": 3232000000.0,
        "Net Income Continuous Operations": 3232000000.0,
        "Tax Provision": 1018000000.0,
        "Pretax Income": 4250000000.0,
        "Other Income Expense": 31000000.0,
        "Other Non Operating Income Expenses": 92000000.0,
        "Special Income Charges": -61000000.0,
        "Impairment Of Capital Assets": 61000000.0,
        "Earnings From Equity Interest": NaN,
        "Net Non Operating Interest Income Expense": -137000000.0,
        "Interest Expense Non Operating": 137000000.0,
        "Interest Income Non Operating": NaN,
        "Operating Income": 4356000000.0,
        "Operating Expense": 308000000.0,
        "Other Operating Expenses": 26000000.0,
        "Selling General And Administration": 282000000.0,
        "General And Administrative Expense": 282000000.0,
        "Other Gand A": 282000000.0,
        "Gross Profit": 4664000000.0,
        "Cost Of Revenue": 37082000000.0,
        "Total Revenue": 41746000000.0,
        "Operating Revenue": 41746000000.0
    },
    "2022-09-30": {
        "Tax Effect Of Unusual Items": 0.0,
        "Tax Rate For Calcs": 0.22,
        "Normalized EBITDA": 3866000000.0,
        "Total Unusual Items": NaN,
        "Total Unusual Items Excluding Goodwill": NaN,
        "Net Income From Continuing Operation Net Minority Interest": 2817000000.0,
        "Reconciled Depreciation": 632000000.0,
        "Reconciled Cost Of Revenue": 40442000000.0,
        "EBIT": 3866000000.0,
        "Net Interest Income": -138000000.0,
        "Interest Expense": 138000000.0,
        "Interest Income": NaN,
        "Normalized Income": 2817000000.0,
        "Net Income From Continuing And Discontinued Operation": 2817000000.0,
        "Total Expenses": 40662000000.0,
        "Total Operating Income As Reported": 3792000000.0,
        "Diluted Average Shares": 390000000.0,
        "Basic Average Shares": 390000000.0,
        "Diluted EPS": 7.19,
        "Basic EPS": 7.2,
        "Diluted NI Availto Com Stockholders": 2817000000.0,
        "Net Income Common Stockholders": 2817000000.0,
        "Otherunder Preferred Stock Dividend": 11000000.0,
        "Net Income": 2817000000.0,
        "Minority Interests": -95000000.0,
        "Net Income Including Noncontrolling Interests": 2912000000.0,
        "Net Income Continuous Operations": 2912000000.0,
        "Tax Provision": 816000000.0,
        "Pretax Income": 3728000000.0,
        "Other Income Expense": 74000000.0,
        "Other Non Operating Income Expenses": 74000000.0,
        "Special Income Charges": NaN,
        "Impairment Of Capital Assets": NaN,
        "Earnings From Equity Interest": NaN,
        "Net Non Operating Interest Income Expense": -138000000.0,
        "Interest Expense Non Operating": 138000000.0,
        "Interest Income Non Operating": NaN,
        "Operating Income": 3792000000.0,
        "Operating Expense": 220000000.0,
        "Other Operating Expenses": 6000000.0,
        "Selling General And Administration": 214000000.0,
        "General And Administrative Expense": 214000000.0,
        "Other Gand A": 214000000.0,
        "Gross Profit": 4012000000.0,
        "Cost Of Revenue": 40442000000.0,
        "Total Revenue": 44454000000.0,
        "Operating Revenue": 44454000000.0
    },
    "2022-06-30": {
        "Tax Effect Of Unusual Items": 0.0,
        "Tax Rate For Calcs": 0.21964,
        "Normalized EBITDA": 6854000000.0,
        "Total Unusual Items": NaN,
        "Total Unusual Items Excluding Goodwill": NaN,
        "Net Income From Continuing Operation Net Minority Interest": 4693000000.0,
        "Reconciled Depreciation": 602000000.0,
        "Reconciled Cost Of Revenue": 45174000000.0,
        "EBIT": 6252000000.0,
        "Net Interest Income": -142000000.0,
        "Interest Expense": 142000000.0,
        "Interest Income": NaN,
        "Normalized Income": 4693000000.0,
        "Net Income From Continuing And Discontinued Operation": 4693000000.0,
        "Total Expenses": 45422000000.0,
        "Total Operating Income As Reported": 6219000000.0,
        "Diluted Average Shares": 404000000.0,
        "Basic Average Shares": 404000000.0,
        "Diluted EPS": 11.57,
        "Basic EPS": 11.58,
        "Diluted NI Availto Com Stockholders": 4676000000.0,
        "Net Income Common Stockholders": 4676000000.0,
        "Otherunder Preferred Stock Dividend": 17000000.0,
        "Net Income": 4693000000.0,
        "Minority Interests": -75000000.0,
        "Net Income Including Noncontrolling Interests": 4768000000.0,
        "Net Income Continuous Operations": 4768000000.0,
        "Tax Provision": 1342000000.0,
        "Pretax Income": 6110000000.0,
        "Other Income Expense": 33000000.0,
        "Other Non Operating Income Expenses": 33000000.0,
        "Special Income Charges": NaN,
        "Impairment Of Capital Assets": NaN,
        "Earnings From Equity Interest": NaN,
        "Net Non Operating Interest Income Expense": -142000000.0,
        "Interest Expense Non Operating": 142000000.0,
        "Interest Income Non Operating": NaN,
        "Operating Income": 6219000000.0,
        "Operating Expense": 248000000.0,
        "Other Operating Expenses": 15000000.0,
        "Selling General And Administration": 233000000.0,
        "General And Administrative Expense": 233000000.0,
        "Other Gand A": 233000000.0,
        "Gross Profit": 6467000000.0,
        "Cost Of Revenue": 45174000000.0,
        "Total Revenue": 51641000000.0,
        "Operating Revenue": 51641000000.0
    },
    "2022-03-31": {
        "Diluted EPS": 2.21,
        "Total Revenue": NaN,
        "Gross Profit": NaN,
        "Operating Income": NaN,
        "EBIT": NaN,
        "Net Income": 905
    },
    "2021-12-31": {
        "Diluted EPS": 2.48,
        "Total Revenue": NaN,
        "Gross Profit": NaN,
        "Operating Income": NaN,
        "EBIT": NaN,
        "Net Income": NaN
    },
    "2021-09-30": {
        "Diluted EPS": 1.13,
        "Total Revenue": NaN,
        "Gross Profit": 918,
        "Operating Income": 693,
        "EBIT": NaN,
        "Net Income": 463
    },
    "2021-06-30": {
        "Diluted EPS": 0.39,
        "Total Revenue": NaN,
        "Gross Profit": 709,
        "Operating Income": 509,
        "EBIT": NaN,
        "Net Income": 162
    },
    "2021-03-31": {
        "Diluted EPS": -1.73,
        "Total Revenue": NaN,
        "Gross Profit": -408,
        "Operating Income": -666,
        "EBIT": -88,
        "Net Income": -704
    },
    "2020-12-31": {
        "Diluted EPS": -0.89,
        "Total Revenue": NaN,
        "Gross Profit": -230,
        "Operating Income": -470,
        "EBIT": 107,
        "Net Income": -359
    },
    "2020-09-30": {
        "Diluted EPS": -1.14,
        "Total Revenue": NaN,
        "Gross Profit": -398,
        "Operating Income": -621,
        "EBIT": -7,
        "Net Income": -464
    },
    "2020-06-30": {
        "Diluted EPS": 3.07,
        "Total Revenue": NaN,
        "Gross Profit": NaN,
        "Operating Income": NaN,
        "EBIT": NaN,
        "Net Income": NaN
    },
    "2020-03-31": {
        "Diluted EPS": -4.54,
        "Total Revenue": NaN,
        "Gross Profit": NaN,
        "Operating Income": NaN,
        "EBIT": NaN,
        "Net Income": NaN
    },
    "2019-12-31": {
        "Diluted EPS": 2.55,
        "Total Revenue": NaN,
        "Gross Profit": NaN,
        "Operating Income": NaN,
        "EBIT": NaN,
        "Net Income": NaN
    },
    "2019-09-30": {
        "Diluted EPS": 1.48,
        "Total Revenue": NaN,
        "Gross Profit": NaN,
        "Operating Income": 881,
        "EBIT": NaN,
        "Net Income": 609
    },
    "2019-06-30": {
        "Diluted EPS": 1.47,
        "Total Revenue": NaN,
        "Gross Profit": NaN,
        "Operating Income": 908,
        "EBIT": NaN,
        "Net Income": 612
    },
    "2019-03-31": {
        "Diluted EPS": 0.34,
        "Total Revenue": NaN,
        "Gross Profit": 533,
        "Operating Income": 308,
        "EBIT": 859,
        "Net Income": 141
    },
    "2018-12-31": {
        "Diluted EPS": 2.23,
        "Total Revenue": NaN,
        "Gross Profit": NaN,
        "Operating Income": NaN,
        "EBIT": NaN,
        "Net Income": 952
    },
    "2018-09-30": {
        "Diluted EPS": 2.01,
        "Total Revenue": NaN,
        "Gross Profit": NaN,
        "Operating Income": NaN,
        "EBIT": NaN,
        "Net Income": 856
    },
    "2018-06-30": {
        "Diluted EPS": 1.96,
        "Total Revenue": NaN,
        "Gross Profit": NaN,
        "Operating Income": NaN,
        "EBIT": NaN,
        "Net Income": 845
    },
    "2018-03-31": {
        "Diluted EPS": 1.09,
        "Total Revenue": NaN,
        "Gross Profit": NaN,
        "Operating Income": 801,
        "EBIT": NaN,
        "Net Income": 469
    },
    "2017-12-31": {
        "Diluted EPS": 5.34,
        "Total Revenue": NaN,
        "Gross Profit": NaN,
        "Operating Income": 843,
        "EBIT": NaN,
        "Net Income": NaN
    },
    "2017-09-30": {
        "Diluted EPS": 1.91,
        "Total Revenue": NaN,
        "Gross Profit": NaN,
        "Operating Income": NaN,
        "EBIT": NaN,
        "Net Income": 841
    },
    "2017-06-30": {
        "Diluted EPS": 1.23,
        "Total Revenue": NaN,
        "Gross Profit": NaN,
        "Operating Income": 860,
        "EBIT": NaN,
        "Net Income": 548
    },
    "2017-03-31": {
        "Diluted EPS": 0.68,
        "Total Revenue": NaN,
        "Gross Profit": 732,
        "Operating Income": 528,
        "EBIT": NaN,
        "Net Income": 305
    },
    "2016-12-31": {
        "Diluted EPS": 0.83,
        "Total Revenue": NaN,
        "Gross Profit": NaN,
        "Operating Income": 582,
        "EBIT": NaN,
        "Net Income": 367
    },
    "2016-09-30": {
        "Diluted EPS": 1.33,
        "Total Revenue": NaN,
        "Gross Profit": NaN,
        "Operating Income": 892,
        "EBIT": NaN,
        "Net Income": 613
    },
    "2016-06-30": {
        "Diluted EPS": 1.73,
        "Total Revenue": NaN,
        "Gross Profit": NaN,
        "Operating Income": NaN,
        "EBIT": NaN,
        "Net Income": 814
    },
    "2016-03-31": {
        "Diluted EPS": 1.05,
        "Total Revenue": NaN,
        "Gross Profit": NaN,
        "Operating Income": 829,
        "EBIT": NaN,
        "Net Income": 495
    },
    "2015-12-31": {
        "Diluted EPS": 0.67,
        "Total Revenue": NaN,
        "Gross Profit": NaN,
        "Operating Income": 646,
        "EBIT": NaN,
        "Net Income": 298
    },
    "2015-09-30": {
        "Diluted EPS": 2.79,
        "Total Revenue": NaN,
        "Gross Profit": NaN,
        "Operating Income": NaN,
        "EBIT": NaN,
        "Net Income": NaN
    },
    "2015-06-30": {
        "Diluted EPS": 2.66,
        "Total Revenue": NaN,
        "Gross Profit": NaN,
        "Operating Income": NaN,
        "EBIT": NaN,
        "Net Income": NaN
    },
    "2015-03-31": {
        "Diluted EPS": 1.87,
        "Total Revenue": NaN,
        "Gross Profit": NaN,
        "Operating Income": NaN,
        "EBIT": NaN,
        "Net Income": 964
    },
    "2014-12-31": {
        "Diluted EPS": 2.21,
        "Total Revenue": NaN,
        "Gross Profit": NaN,
        "Operating Income": NaN,
        "EBIT": NaN,
        "Net Income": NaN
    },
    "2014-09-30": {
        "Diluted EPS": 2.0,
        "Total Revenue": NaN,
        "Gross Profit": NaN,
        "Operating Income": NaN,
        "EBIT": NaN,
        "Net Income": NaN
    },
    "2014-06-30": {
        "Diluted EPS": 1.1,
        "Total Revenue": NaN,
        "Gross Profit": NaN,
        "Operating Income": NaN,
        "EBIT": NaN,
        "Net Income": 588
    },
    "2014-03-31": {
        "Diluted EPS": 1.54,
        "Total Revenue": NaN,
        "Gross Profit": NaN,
        "Operating Income": NaN,
        "EBIT": NaN,
        "Net Income": 828
    },
    "2013-12-31": {
        "Diluted EPS": 2.37,
        "Total Revenue": NaN,
        "Gross Profit": NaN,
        "Operating Income": NaN,
        "EBIT": NaN,
        "Net Income": NaN
    },
    "2013-09-30": {
        "Diluted EPS": 0.57,
        "Total Revenue": NaN,
        "Gross Profit": NaN,
        "Operating Income": 532,
        "EBIT": 980,
        "Net Income": 312
    },
    "2013-06-30": {
        "Diluted EPS": 0.85,
        "Total Revenue": NaN,
        "Gross Profit": NaN,
        "Operating Income": 805,
        "EBIT": NaN,
        "Net Income": 466
    },
    "2013-03-31": {
        "Diluted EPS": 1.18,
        "Total Revenue": NaN,
        "Gross Profit": NaN,
        "Operating Income": NaN,
        "EBIT": NaN,
        "Net Income": 654
    },
    "2012-12-31": {
        "Diluted EPS": 1.82,
        "Total Revenue": NaN,
        "Gross Profit": NaN,
        "Operating Income": NaN,
        "EBIT": NaN,
        "Net Income": NaN
    },
    "2012-09-30": {
        "Diluted EPS": 1.21,
        "Total Revenue": NaN,
        "Gross Profit": NaN,
        "Operating Income": NaN,
        "EBIT": NaN,
        "Net Income": 674
    },
    "2012-06-30": {
        "Diluted EPS": 1.5,
        "Total Revenue": NaN,
        "Gross Profit": NaN,
        "Operating Income": NaN,
        "EBIT": NaN,
        "Net Income": 831
    },
    "2012-03-31": {
        "Diluted EPS": -0.78,
        "Total Revenue": NaN,
        "Gross Profit": NaN,
        "Operating Income": -244,
        "EBIT": 140,
        "Net Income": -432
    },
    "2011-12-31": {
        "Diluted EPS": 0.1,
        "Total Revenue": NaN,
        "Gross Profit": NaN,
        "Operating Income": 167,
        "EBIT": 560,
        "Net Income": 45
    },
    "2011-09-30": {
        "Diluted EPS": 2.11,
        "Total Revenue": NaN,
        "Gross Profit": NaN,
        "Operating Income": NaN,
        "EBIT": NaN,
        "Net Income": NaN
    },
    "2011-06-30": {
        "Diluted EPS": 1.3,
        "Total Revenue": NaN,
        "Gross Profit": NaN,
        "Operating Income": NaN,
        "EBIT": NaN,
        "Net Income": 744
    },
    "2011-03-31": {
        "Diluted EPS": 0.17,
        "Total Revenue": NaN,
        "Gross Profit": NaN,
        "Operating Income": 244,
        "EBIT": 609,
        "Net Income": 98
    },
    "2010-12-31": {
        "Diluted EPS": -0.77,
        "Total Revenue": NaN,
        "Gross Profit": NaN,
        "Operating Income": 378,
        "EBIT": 755,
        "Net Income": -438
    },
    "2010-09-30": {
        "Diluted EPS": 0.51,
        "Total Revenue": NaN,
        "Gross Profit": NaN,
        "Operating Income": 590,
        "EBIT": 962,
        "Net Income": 292
    },
    "2010-06-30": {
        "Diluted EPS": 1.03,
        "Total Revenue": NaN,
        "Gross Profit": NaN,
        "Operating Income": 904,
        "EBIT": NaN,
        "Net Income": 583
    },
    "2010-03-31": {
        "Diluted EPS": -0.2,
        "Total Revenue": NaN,
        "Gross Profit": NaN,
        "Operating Income": 4,
        "EBIT": 361,
        "Net Income": -113
    },
    "2009-12-31": {
        "Diluted EPS": -2.66,
        "Total Revenue": NaN,
        "Gross Profit": NaN,
        "Operating Income": -80,
        "EBIT": 291,
        "Net Income": NaN
    },
    "2009-09-30": {
        "Diluted EPS": -1.12,
        "Total Revenue": NaN,
        "Gross Profit": NaN,
        "Operating Income": -238,
        "EBIT": 151,
        "Net Income": -629
    },
    "2009-06-30": {
        "Diluted EPS": -0.48,
        "Total Revenue": NaN,
        "Gross Profit": NaN,
        "Operating Income": -192,
        "EBIT": 197,
        "Net Income": -254
    },
    "2009-03-31": {
        "Diluted EPS": 0.59,
        "Total Revenue": NaN,
        "Gross Profit": NaN,
        "Operating Income": 593,
        "EBIT": 971,
        "Net Income": 309
    }
}