{
    "2023-05-31": {
        "Tax Effect Of Unusual Items": NaN,
        "Tax Rate For Calcs": NaN,
        "Normalized EBITDA": NaN,
        "Total Unusual Items": NaN,
        "Total Unusual Items Excluding Goodwill": NaN,
        "Net Income From Continuing Operation Net Minority Interest": NaN,
        "Reconciled Depreciation": NaN,
        "Reconciled Cost Of Revenue": NaN,
        "EBITDA": NaN,
        "EBIT": NaN,
        "Net Interest Income": NaN,
        "Interest Expense": NaN,
        "Interest Income": NaN,
        "Normalized Income": NaN,
        "Net Income From Continuing And Discontinued Operation": NaN,
        "Total Expenses": NaN,
        "Diluted Average Shares": 71924.0,
        "Basic Average Shares": 71924.0,
        "Diluted EPS": -43.2,
        "Basic EPS": -43.2,
        "Diluted NI Availto Com Stockholders": NaN,
        "Net Income Common Stockholders": NaN,
        "Net Income": NaN,
        "Net Income Including Noncontrolling Interests": NaN,
        "Net Income Discontinuous Operations": 183822.0,
        "Net Income Continuous Operations": NaN,
        "Tax Provision": NaN,
        "Pretax Income": NaN,
        "Other Income Expense": NaN,
        "Other Non Operating Income Expenses": NaN,
        "Special Income Charges": NaN,
        "Gain On Sale Of Business": 0.0,
        "Impairment Of Capital Assets": 0.0,
        "Restructuring And Mergern Acquisition": 51199.0,
        "Gain On Sale Of Security": NaN,
        "Net Non Operating Interest Income Expense": NaN,
        "Interest Expense Non Operating": NaN,
        "Interest Income Non Operating": NaN,
        "Operating Income": NaN,
        "Operating Expense": NaN,
        "Depreciation Amortization Depletion Income Statement": NaN,
        "Depreciation And Amortization In Income Statement": NaN,
        "Depreciation Income Statement": 205690.0,
        "Research And Development": NaN,
        "Selling General And Administration": NaN,
        "Selling And Marketing Expense": NaN,
        "General And Administrative Expense": NaN,
        "Other Gand A": NaN,
        "Salaries And Wages": NaN,
        "Gross Profit": NaN,
        "Cost Of Revenue": NaN,
        "Total Revenue": NaN,
        "Operating Revenue": NaN
    },
    "2023-02-28": {
        "Tax Effect Of Unusual Items": NaN,
        "Tax Rate For Calcs": NaN,
        "Normalized EBITDA": NaN,
        "Total Unusual Items": NaN,
        "Total Unusual Items Excluding Goodwill": NaN,
        "Net Income From Continuing Operation Net Minority Interest": NaN,
        "Reconciled Depreciation": NaN,
        "Reconciled Cost Of Revenue": NaN,
        "EBITDA": NaN,
        "EBIT": NaN,
        "Net Interest Income": NaN,
        "Interest Expense": NaN,
        "Interest Income": NaN,
        "Normalized Income": NaN,
        "Net Income From Continuing And Discontinued Operation": NaN,
        "Total Expenses": NaN,
        "Diluted Average Shares": 8726591.0,
        "Basic Average Shares": 8726591.0,
        "Diluted EPS": -0.77,
        "Basic EPS": -0.77,
        "Diluted NI Availto Com Stockholders": NaN,
        "Net Income Common Stockholders": NaN,
        "Net Income": NaN,
        "Net Income Including Noncontrolling Interests": NaN,
        "Net Income Discontinuous Operations": NaN,
        "Net Income Continuous Operations": NaN,
        "Tax Provision": NaN,
        "Pretax Income": NaN,
        "Other Income Expense": NaN,
        "Other Non Operating Income Expenses": NaN,
        "Special Income Charges": NaN,
        "Gain On Sale Of Business": NaN,
        "Write Off": 2637000.0,
        "Impairment Of Capital Assets": 0.0,
        "Restructuring And Mergern Acquisition": 437897.0,
        "Gain On Sale Of Security": NaN,
        "Net Non Operating Interest Income Expense": NaN,
        "Interest Expense Non Operating": NaN,
        "Interest Income Non Operating": NaN,
        "Operating Income": NaN,
        "Operating Expense": NaN,
        "Depreciation Amortization Depletion Income Statement": NaN,
        "Depreciation And Amortization In Income Statement": NaN,
        "Depreciation Income Statement": 124099.0,
        "Research And Development": NaN,
        "Selling General And Administration": NaN,
        "Selling And Marketing Expense": NaN,
        "General And Administrative Expense": NaN,
        "Other Gand A": NaN,
        "Salaries And Wages": NaN,
        "Gross Profit": NaN,
        "Cost Of Revenue": NaN,
        "Total Revenue": NaN,
        "Operating Revenue": NaN
    },
    "2022-11-30": {
        "Tax Effect Of Unusual Items": NaN,
        "Tax Rate For Calcs": NaN,
        "Normalized EBITDA": NaN,
        "Total Unusual Items": NaN,
        "Total Unusual Items Excluding Goodwill": NaN,
        "Net Income From Continuing Operation Net Minority Interest": NaN,
        "Reconciled Depreciation": NaN,
        "Reconciled Cost Of Revenue": NaN,
        "EBITDA": NaN,
        "EBIT": NaN,
        "Net Interest Income": NaN,
        "Interest Expense": NaN,
        "Interest Income": NaN,
        "Normalized Income": NaN,
        "Net Income From Continuing And Discontinued Operation": NaN,
        "Total Expenses": NaN,
        "Diluted Average Shares": NaN,
        "Basic Average Shares": NaN,
        "Diluted EPS": NaN,
        "Basic EPS": NaN,
        "Diluted NI Availto Com Stockholders": NaN,
        "Net Income Common Stockholders": NaN,
        "Net Income": NaN,
        "Net Income Including Noncontrolling Interests": NaN,
        "Net Income Discontinuous Operations": NaN,
        "Net Income Continuous Operations": NaN,
        "Tax Provision": NaN,
        "Pretax Income": NaN,
        "Other Income Expense": NaN,
        "Other Non Operating Income Expenses": NaN,
        "Special Income Charges": NaN,
        "Gain On Sale Of Business": NaN,
        "Write Off": NaN,
        "Impairment Of Capital Assets": NaN,
        "Restructuring And Mergern Acquisition": NaN,
        "Gain On Sale Of Security": NaN,
        "Net Non Operating Interest Income Expense": NaN,
        "Interest Expense Non Operating": NaN,
        "Interest Income Non Operating": NaN,
        "Operating Income": NaN,
        "Operating Expense": NaN,
        "Depreciation Amortization Depletion Income Statement": NaN,
        "Depreciation And Amortization In Income Statement": NaN,
        "Depreciation Income Statement": 91744.0,
        "Research And Development": NaN,
        "Selling General And Administration": NaN,
        "Selling And Marketing Expense": NaN,
        "General And Administrative Expense": NaN,
        "Other Gand A": NaN,
        "Salaries And Wages": NaN,
        "Gross Profit": NaN,
        "Cost Of Revenue": NaN,
        "Total Revenue": NaN,
        "Operating Revenue": NaN
    },
    "2022-08-31": {
        "Tax Effect Of Unusual Items": -28286.0,
        "Tax Rate For Calcs": 0.4,
        "Normalized EBITDA": -3476024.0,
        "Total Unusual Items": -70715.0,
        "Total Unusual Items Excluding Goodwill": -70715.0,
        "Net Income From Continuing Operation Net Minority Interest": -4045858.0,
        "Reconciled Depreciation": 232834.0,
        "Reconciled Cost Of Revenue": 1842999.0,
        "EBITDA": -3546739.0,
        "EBIT": -3779573.0,
        "Net Interest Income": 60474.0,
        "Interest Expense": 60923.0,
        "Interest Income": 121397.0,
        "Normalized Income": -4003429.0,
        "Net Income From Continuing And Discontinued Operation": -4045858.0,
        "Total Expenses": 7263107.0,
        "Diluted Average Shares": 8316909.0,
        "Basic Average Shares": 8316909.0,
        "Diluted EPS": -0.49,
        "Basic EPS": -0.49,
        "Diluted NI Availto Com Stockholders": -4045858.0,
        "Net Income Common Stockholders": -4045858.0,
        "Net Income": -4045858.0,
        "Net Income Including Noncontrolling Interests": -4045858.0,
        "Net Income Continuous Operations": -4045858.0,
        "Tax Provision": 205362.0,
        "Pretax Income": -3840496.0,
        "Other Income Expense": -13669.0,
        "Other Non Operating Income Expenses": 57046.0,
        "Special Income Charges": NaN,
        "Write Off": NaN,
        "Restructuring And Mergern Acquisition": NaN,
        "Gain On Sale Of Security": -70715.0,
        "Net Non Operating Interest Income Expense": 60474.0,
        "Interest Expense Non Operating": 60923.0,
        "Interest Income Non Operating": 121397.0,
        "Operating Income": -3887301.0,
        "Operating Expense": 5277547.0,
        "Depreciation Amortization Depletion Income Statement": 90273.0,
        "Depreciation And Amortization In Income Statement": 90273.0,
        "Depreciation Income Statement": 90273.0,
        "Research And Development": 2192615.0,
        "Selling General And Administration": 2994659.0,
        "Selling And Marketing Expense": 475371.0,
        "General And Administrative Expense": 2519288.0,
        "Other Gand A": 1601676.0,
        "Salaries And Wages": 917612.0,
        "Gross Profit": 1390246.0,
        "Cost Of Revenue": 1985560.0,
        "Total Revenue": 3375806.0,
        "Operating Revenue": 3375806.0
    },
    "2022-05-31": {
        "Tax Effect Of Unusual Items": -56933.6,
        "Tax Rate For Calcs": 0.4,
        "Normalized EBITDA": -1428436.0,
        "Total Unusual Items": -142334.0,
        "Total Unusual Items Excluding Goodwill": -142334.0,
        "Net Income From Continuing Operation Net Minority Interest": -1940039.0,
        "Reconciled Depreciation": 240910.0,
        "Reconciled Cost Of Revenue": 702497.0,
        "EBIT": -1811680.0,
        "Net Interest Income": 42726.0,
        "Interest Expense": 42274.0,
        "Interest Income": 85000.0,
        "Normalized Income": -1854638.6,
        "Net Income From Continuing And Discontinued Operation": -1940039.0,
        "Total Expenses": 3791002.0,
        "Diluted Average Shares": 8380461.0,
        "Basic Average Shares": 8380461.0,
        "Diluted EPS": -0.23,
        "Basic EPS": -0.23,
        "Diluted NI Availto Com Stockholders": -1940039.0,
        "Net Income Common Stockholders": -1940039.0,
        "Net Income": -1940039.0,
        "Net Income Including Noncontrolling Interests": -1940039.0,
        "Net Income Continuous Operations": -1940039.0,
        "Tax Provision": 86085.0,
        "Pretax Income": -1853954.0,
        "Other Income Expense": -120447.0,
        "Other Non Operating Income Expenses": 21887.0,
        "Special Income Charges": NaN,
        "Write Off": NaN,
        "Restructuring And Mergern Acquisition": NaN,
        "Gain On Sale Of Security": -142334.0,
        "Net Non Operating Interest Income Expense": 42726.0,
        "Interest Expense Non Operating": 42274.0,
        "Interest Income Non Operating": 85000.0,
        "Operating Income": -1776233.0,
        "Operating Expense": 2900353.0,
        "Depreciation Amortization Depletion Income Statement": 52758.0,
        "Depreciation And Amortization In Income Statement": 52758.0,
        "Depreciation Income Statement": 52758.0,
        "Research And Development": 32670.0,
        "Selling General And Administration": 2814925.0,
        "Selling And Marketing Expense": 356660.0,
        "General And Administrative Expense": 2458265.0,
        "Other Gand A": 1123085.0,
        "Salaries And Wages": 1335180.0,
        "Gross Profit": 1124120.0,
        "Cost Of Revenue": 890649.0,
        "Total Revenue": 2014769.0,
        "Operating Revenue": 2014769.0
    },
    "2022-02-28": {
        "Diluted EPS": -0.4,
        "Total Revenue": 1,
        "Gross Profit": 0,
        "Operating Income": -3,
        "EBIT": -3,
        "Net Income": -3
    },
    "2021-11-30": {
        "Diluted EPS": -0.33,
        "Total Revenue": 1,
        "Gross Profit": 0,
        "Operating Income": -3,
        "EBIT": -3,
        "Net Income": -3
    },
    "2021-05-31": {
        "Diluted EPS": -0.48,
        "Total Revenue": 1,
        "Gross Profit": 0,
        "Operating Income": -3,
        "EBIT": -3,
        "Net Income": -4
    },
    "2021-02-28": {
        "Diluted EPS": -0.44,
        "Total Revenue": 0,
        "Gross Profit": 0,
        "Operating Income": -3,
        "EBIT": -3,
        "Net Income": -3
    },
    "2020-02-29": {
        "Diluted EPS": -0.04,
        "Total Revenue": 0,
        "Gross Profit": 0,
        "Operating Income": 0,
        "EBIT": 0,
        "Net Income": 0
    },
    "2023-08-31": {
        "Tax Effect Of Unusual Items": -23117.162224,
        "Tax Rate For Calcs": 0.016465,
        "Normalized EBITDA": -2752684.0,
        "Total Unusual Items": -1403988.0,
        "Total Unusual Items Excluding Goodwill": -1403988.0,
        "Net Income From Continuing Operation Net Minority Interest": -4294247.0,
        "Reconciled Depreciation": 268272.0,
        "Reconciled Cost Of Revenue": 1009124.0,
        "EBITDA": -4156672.0,
        "EBIT": -4424944.0,
        "Net Interest Income": -858693.0,
        "Interest Expense": -58807.0,
        "Interest Income": -198333.0,
        "Normalized Income": -2913376.162224,
        "Net Income From Continuing And Discontinued Operation": -4294247.0,
        "Total Expenses": 6910946.0,
        "Diluted Average Shares": NaN,
        "Basic Average Shares": NaN,
        "Diluted EPS": NaN,
        "Basic EPS": NaN,
        "Diluted NI Availto Com Stockholders": -4294247.0,
        "Net Income Common Stockholders": -4294247.0,
        "Net Income": -4294247.0,
        "Net Income Including Noncontrolling Interests": -4294247.0,
        "Net Income Discontinuous Operations": NaN,
        "Net Income Continuous Operations": -4294247.0,
        "Tax Provision": -71890.0,
        "Pretax Income": -4366137.0,
        "Other Income Expense": 1283055.0,
        "Other Non Operating Income Expenses": 2687043.0,
        "Special Income Charges": -2147904.0,
        "Gain On Sale Of Business": NaN,
        "Impairment Of Capital Assets": NaN,
        "Restructuring And Mergern Acquisition": NaN,
        "Gain On Sale Of Security": 743916.0,
        "Net Non Operating Interest Income Expense": -858693.0,
        "Interest Expense Non Operating": -58807.0,
        "Interest Income Non Operating": -198333.0,
        "Operating Income": -4790499.0,
        "Operating Expense": 5800974.0,
        "Depreciation Amortization Depletion Income Statement": 167424.0,
        "Depreciation And Amortization In Income Statement": 167424.0,
        "Depreciation Income Statement": 167424.0,
        "Research And Development": 632484.0,
        "Selling General And Administration": 5001066.0,
        "Selling And Marketing Expense": 1710176.0,
        "General And Administrative Expense": 3290890.0,
        "Other Gand A": 1917666.0,
        "Salaries And Wages": 1373224.0,
        "Gross Profit": 1010475.0,
        "Cost Of Revenue": 1109972.0,
        "Total Revenue": 2120447.0,
        "Operating Revenue": 2120447.0
    },
    "2023-11-30": {
        "Tax Effect Of Unusual Items": 1104956.16,
        "Tax Rate For Calcs": 0.21,
        "Normalized EBITDA": -3953024.0,
        "Total Unusual Items": 5261696.0,
        "Total Unusual Items Excluding Goodwill": 5261696.0,
        "Net Income From Continuing Operation Net Minority Interest": 1025129.0,
        "Reconciled Depreciation": 275839.0,
        "Reconciled Cost Of Revenue": 478234.0,
        "EBITDA": 1308672.0,
        "EBIT": 1032833.0,
        "Net Interest Income": -37517.0,
        "Interest Expense": 64563.0,
        "Interest Income": 27046.0,
        "Normalized Income": -3131610.84,
        "Net Income From Continuing And Discontinued Operation": 1025129.0,
        "Total Expenses": 5308545.0,
        "Diluted Average Shares": 85466.0,
        "Basic Average Shares": 85466.0,
        "Diluted EPS": 12.15,
        "Basic EPS": 12.15,
        "Diluted NI Availto Com Stockholders": 1025129.0,
        "Net Income Common Stockholders": 1025129.0,
        "Net Income": 1025129.0,
        "Net Income Including Noncontrolling Interests": 1025129.0,
        "Net Income Discontinuous Operations": NaN,
        "Net Income Continuous Operations": 1025129.0,
        "Tax Provision": -56859.0,
        "Pretax Income": 968270.0,
        "Other Income Expense": 5327940.0,
        "Other Non Operating Income Expenses": 66244.0,
        "Special Income Charges": -149472.0,
        "Gain On Sale Of Business": NaN,
        "Impairment Of Capital Assets": NaN,
        "Restructuring And Mergern Acquisition": 149472.0,
        "Gain On Sale Of Security": 5411168.0,
        "Net Non Operating Interest Income Expense": -37517.0,
        "Interest Expense Non Operating": 64563.0,
        "Interest Income Non Operating": 27046.0,
        "Operating Income": -4322153.0,
        "Operating Expense": 4757681.0,
        "Depreciation Amortization Depletion Income Statement": 203209.0,
        "Depreciation And Amortization In Income Statement": 203209.0,
        "Depreciation Income Statement": 203209.0,
        "Research And Development": 984506.0,
        "Selling General And Administration": 3569966.0,
        "Selling And Marketing Expense": 789332.0,
        "General And Administrative Expense": 2780634.0,
        "Other Gand A": 1845847.0,
        "Salaries And Wages": 934787.0,
        "Gross Profit": 435528.0,
        "Cost Of Revenue": 550864.0,
        "Total Revenue": 986392.0,
        "Operating Revenue": 986392.0
    },
    "2024-02-29": {
        "Tax Effect Of Unusual Items": -24147.583814,
        "Tax Rate For Calcs": 0.004755,
        "Normalized EBITDA": -3025850.0,
        "Total Unusual Items": -5078103.0,
        "Total Unusual Items Excluding Goodwill": -5078103.0,
        "Net Income From Continuing Operation Net Minority Interest": -8407149.0,
        "Reconciled Depreciation": 264438.0,
        "Reconciled Cost Of Revenue": 455032.0,
        "EBITDA": -8103953.0,
        "EBIT": -8368391.0,
        "Net Interest Income": -57673.0,
        "Interest Expense": 78927.0,
        "Interest Income": 21254.0,
        "Normalized Income": -3353193.583814,
        "Net Income From Continuing And Discontinued Operation": -8407149.0,
        "Total Expenses": 4003418.0,
        "Diluted Average Shares": 86677.0,
        "Basic Average Shares": 86677.0,
        "Diluted EPS": -97.2,
        "Basic EPS": -97.2,
        "Diluted NI Availto Com Stockholders": -8407149.0,
        "Net Income Common Stockholders": -8407149.0,
        "Net Income": -8407149.0,
        "Net Income Including Noncontrolling Interests": -8407149.0,
        "Net Income Discontinuous Operations": NaN,
        "Net Income Continuous Operations": -8407149.0,
        "Tax Provision": -40169.0,
        "Pretax Income": -8447318.0,
        "Other Income Expense": -5114838.0,
        "Other Non Operating Income Expenses": -36735.0,
        "Special Income Charges": -5984863.0,
        "Gain On Sale Of Business": NaN,
        "Impairment Of Capital Assets": 4274000.0,
        "Restructuring And Mergern Acquisition": 1710863.0,
        "Gain On Sale Of Security": 906760.0,
        "Net Non Operating Interest Income Expense": -57673.0,
        "Interest Expense Non Operating": 78927.0,
        "Interest Income Non Operating": 21254.0,
        "Operating Income": -3274807.0,
        "Operating Expense": 3494890.0,
        "Depreciation Amortization Depletion Income Statement": 210942.0,
        "Depreciation And Amortization In Income Statement": 210942.0,
        "Depreciation Income Statement": NaN,
        "Research And Development": 334731.0,
        "Selling General And Administration": 2949217.0,
        "Selling And Marketing Expense": 611492.0,
        "General And Administrative Expense": 2337725.0,
        "Other Gand A": 1220934.0,
        "Salaries And Wages": 1116791.0,
        "Gross Profit": 220083.0,
        "Cost Of Revenue": 508528.0,
        "Total Revenue": 728611.0,
        "Operating Revenue": 728611.0
    },
    "2024-05-31": {
        "Tax Effect Of Unusual Items": -12790.19137,
        "Tax Rate For Calcs": 0.055888,
        "Normalized EBITDA": -2651478.0,
        "Total Unusual Items": -228855.0,
        "Total Unusual Items Excluding Goodwill": -228855.0,
        "Net Income From Continuing Operation Net Minority Interest": -3025977.0,
        "Reconciled Depreciation": 264870.0,
        "Reconciled Cost Of Revenue": 564040.0,
        "EBITDA": -2880333.0,
        "EBIT": -3145203.0,
        "Net Interest Income": -48857.0,
        "Interest Expense": 59900.0,
        "Interest Income": 11043.0,
        "Normalized Income": -2809912.19137,
        "Net Income From Continuing And Discontinued Operation": -3025977.0,
        "Total Expenses": 3795398.0,
        "Diluted Average Shares": 90683.0,
        "Basic Average Shares": 90683.0,
        "Diluted EPS": -33.75,
        "Basic EPS": -33.75,
        "Diluted NI Availto Com Stockholders": -3025977.0,
        "Net Income Common Stockholders": -3025977.0,
        "Net Income": -3025977.0,
        "Net Income Including Noncontrolling Interests": -3025977.0,
        "Net Income Discontinuous Operations": 106985.0,
        "Net Income Continuous Operations": -3025977.0,
        "Tax Provision": -179126.0,
        "Pretax Income": -3205103.0,
        "Other Income Expense": -421001.0,
        "Other Non Operating Income Expenses": -192146.0,
        "Special Income Charges": 175589.0,
        "Gain On Sale Of Business": 175589.0,
        "Impairment Of Capital Assets": 0.0,
        "Restructuring And Mergern Acquisition": 0.0,
        "Gain On Sale Of Security": -404444.0,
        "Net Non Operating Interest Income Expense": -48857.0,
        "Interest Expense Non Operating": 59900.0,
        "Interest Income Non Operating": 11043.0,
        "Operating Income": -2735245.0,
        "Operating Expense": 3185282.0,
        "Depreciation Amortization Depletion Income Statement": 218794.0,
        "Depreciation And Amortization In Income Statement": 218794.0,
        "Depreciation Income Statement": NaN,
        "Research And Development": 628578.0,
        "Selling General And Administration": 2337910.0,
        "Selling And Marketing Expense": 326877.0,
        "General And Administrative Expense": 2011033.0,
        "Other Gand A": 1173354.0,
        "Salaries And Wages": 837679.0,
        "Gross Profit": 450037.0,
        "Cost Of Revenue": 610116.0,
        "Total Revenue": 1060153.0,
        "Operating Revenue": 1060153.0
    },
    "2024-08-31": {
        "Tax Effect Of Unusual Items": 54332.946018,
        "Tax Rate For Calcs": 0.052079,
        "Normalized EBITDA": -4232474.0,
        "Total Unusual Items": 1043274.0,
        "Total Unusual Items Excluding Goodwill": 1043274.0,
        "Net Income From Continuing Operation Net Minority Interest": -3361380.0,
        "Reconciled Depreciation": 217290.0,
        "Reconciled Cost Of Revenue": 1508131.0,
        "EBITDA": -3189200.0,
        "EBIT": -3455134.0,
        "Net Interest Income": -1946482.0,
        "Interest Expense": 90922.0,
        "Interest Income": 4775.0,
        "Normalized Income": -4350321.053982,
        "Net Income From Continuing And Discontinued Operation": -3652623.0,
        "Total Expenses": 5692935.0,
        "Diluted Average Shares": NaN,
        "Basic Average Shares": NaN,
        "Diluted EPS": NaN,
        "Basic EPS": NaN,
        "Diluted NI Availto Com Stockholders": -3652623.0,
        "Net Income Common Stockholders": -3652623.0,
        "Net Income": -3652623.0,
        "Net Income Including Noncontrolling Interests": -3652623.0,
        "Net Income Discontinuous Operations": NaN,
        "Net Income Continuous Operations": -3361380.0,
        "Tax Provision": -184676.0,
        "Pretax Income": -3546056.0,
        "Other Income Expense": 1190463.0,
        "Other Non Operating Income Expenses": 147189.0,
        "Special Income Charges": -2569847.0,
        "Gain On Sale Of Business": 0.0,
        "Impairment Of Capital Assets": 4430182.0,
        "Restructuring And Mergern Acquisition": NaN,
        "Gain On Sale Of Security": 3613121.0,
        "Net Non Operating Interest Income Expense": -1946482.0,
        "Interest Expense Non Operating": 90922.0,
        "Interest Income Non Operating": 4775.0,
        "Operating Income": -2790037.0,
        "Operating Expense": 4233448.0,
        "Depreciation Amortization Depletion Income Statement": 265934.0,
        "Depreciation And Amortization In Income Statement": 265934.0,
        "Depreciation Income Statement": NaN,
        "Research And Development": 791207.0,
        "Selling General And Administration": 3176307.0,
        "Selling And Marketing Expense": 567456.0,
        "General And Administrative Expense": 2608851.0,
        "Other Gand A": 1969936.0,
        "Salaries And Wages": 638915.0,
        "Gross Profit": 1443411.0,
        "Cost Of Revenue": 1459487.0,
        "Total Revenue": 2902898.0,
        "Operating Revenue": 2902898.0
    }
}