{
    "2023-04-30": {
        "Tax Effect Of Unusual Items": 16000000.0,
        "Tax Rate For Calcs": 0.25,
        "Normalized EBITDA": 646000000.0,
        "Total Unusual Items": 64000000.0,
        "Total Unusual Items Excluding Goodwill": 64000000.0,
        "Net Income From Continuing Operation Net Minority Interest": 224000000.0,
        "Reconciled Depreciation": 331000000.0,
        "Reconciled Cost Of Revenue": 644000000.0,
        "EBIT": 379000000.0,
        "Net Interest Income": -80000000.0,
        "Interest Expense": 80000000.0,
        "Normalized Income": 176000000.0,
        "Net Income From Continuing And Discontinued Operation": 224000000.0,
        "Total Expenses": 2968000000.0,
        "Total Operating Income As Reported": 309000000.0,
        "Diluted Average Shares": 431583000.0,
        "Basic Average Shares": 428185000.0,
        "Diluted EPS": 0.52,
        "Basic EPS": 0.52,
        "Diluted NI Availto Com Stockholders": 224000000.0,
        "Net Income Common Stockholders": 224000000.0,
        "Net Income": 224000000.0,
        "Net Income Including Noncontrolling Interests": 224000000.0,
        "Net Income Continuous Operations": 224000000.0,
        "Tax Provision": 75000000.0,
        "Pretax Income": 299000000.0,
        "Other Income Expense": 70000000.0,
        "Other Non Operating Income Expenses": 6000000.0,
        "Special Income Charges": NaN,
        "Restructuring And Mergern Acquisition": NaN,
        "Gain On Sale Of Security": 64000000.0,
        "Net Non Operating Interest Income Expense": -80000000.0,
        "Interest Expense Non Operating": 80000000.0,
        "Operating Income": 309000000.0,
        "Operating Expense": 2324000000.0,
        "Research And Development": 847000000.0,
        "Selling General And Administration": 1477000000.0,
        "Selling And Marketing Expense": 1104000000.0,
        "General And Administrative Expense": 373000000.0,
        "Other Gand A": 373000000.0,
        "Salaries And Wages": 116000000.0,
        "Gross Profit": 2633000000.0,
        "Cost Of Revenue": 644000000.0,
        "Total Revenue": 3277000000.0,
        "Operating Revenue": 3277000000.0
    },
    "2023-01-31": {
        "Tax Effect Of Unusual Items": 9324000.0,
        "Tax Rate For Calcs": 0.259,
        "Normalized EBITDA": 1041000000.0,
        "Total Unusual Items": 36000000.0,
        "Total Unusual Items Excluding Goodwill": 36000000.0,
        "Net Income From Continuing Operation Net Minority Interest": 494000000.0,
        "Reconciled Depreciation": 328000000.0,
        "Reconciled Cost Of Revenue": 658000000.0,
        "EBIT": 749000000.0,
        "Net Interest Income": -83000000.0,
        "Interest Expense": 83000000.0,
        "Normalized Income": 467324000.0,
        "Net Income From Continuing And Discontinued Operation": 494000000.0,
        "Total Expenses": 3054000000.0,
        "Total Operating Income As Reported": 658000000.0,
        "Diluted Average Shares": 429970000.0,
        "Basic Average Shares": 426018000.0,
        "Diluted EPS": 1.15,
        "Basic EPS": 1.16,
        "Diluted NI Availto Com Stockholders": 494000000.0,
        "Net Income Common Stockholders": 494000000.0,
        "Net Income": 494000000.0,
        "Net Income Including Noncontrolling Interests": 494000000.0,
        "Net Income Continuous Operations": 494000000.0,
        "Tax Provision": 172000000.0,
        "Pretax Income": 666000000.0,
        "Other Income Expense": 89000000.0,
        "Other Non Operating Income Expenses": 53000000.0,
        "Special Income Charges": -2000000.0,
        "Restructuring And Mergern Acquisition": 2000000.0,
        "Gain On Sale Of Security": 38000000.0,
        "Net Non Operating Interest Income Expense": -83000000.0,
        "Interest Expense Non Operating": 83000000.0,
        "Operating Income": 660000000.0,
        "Operating Expense": 2396000000.0,
        "Research And Development": 908000000.0,
        "Selling General And Administration": 1488000000.0,
        "Selling And Marketing Expense": 1173000000.0,
        "General And Administrative Expense": 315000000.0,
        "Other Gand A": 315000000.0,
        "Salaries And Wages": NaN,
        "Gross Profit": 3056000000.0,
        "Cost Of Revenue": 658000000.0,
        "Total Revenue": 3714000000.0,
        "Operating Revenue": 3714000000.0
    },
    "2022-10-31": {
        "Tax Effect Of Unusual Items": 5520000.0,
        "Tax Rate For Calcs": 0.276,
        "Normalized EBITDA": 692000000.0,
        "Total Unusual Items": 20000000.0,
        "Total Unusual Items Excluding Goodwill": 20000000.0,
        "Net Income From Continuing Operation Net Minority Interest": 231000000.0,
        "Reconciled Depreciation": 316000000.0,
        "Reconciled Cost Of Revenue": 619000000.0,
        "EBIT": 396000000.0,
        "Net Interest Income": -77000000.0,
        "Interest Expense": 77000000.0,
        "Normalized Income": 216520000.0,
        "Net Income From Continuing And Discontinued Operation": 231000000.0,
        "Total Expenses": 2821000000.0,
        "Total Operating Income As Reported": 390000000.0,
        "Diluted Average Shares": 426328000.0,
        "Basic Average Shares": 423993000.0,
        "Diluted EPS": 0.54,
        "Basic EPS": 0.55,
        "Diluted NI Availto Com Stockholders": 231000000.0,
        "Net Income Common Stockholders": 231000000.0,
        "Net Income": 231000000.0,
        "Net Income Including Noncontrolling Interests": 231000000.0,
        "Net Income Continuous Operations": 231000000.0,
        "Tax Provision": 88000000.0,
        "Pretax Income": 319000000.0,
        "Other Income Expense": 6000000.0,
        "Other Non Operating Income Expenses": -14000000.0,
        "Special Income Charges": 0.0,
        "Restructuring And Mergern Acquisition": 0.0,
        "Gain On Sale Of Security": 20000000.0,
        "Net Non Operating Interest Income Expense": -77000000.0,
        "Interest Expense Non Operating": 77000000.0,
        "Operating Income": 390000000.0,
        "Operating Expense": 2202000000.0,
        "Research And Development": 832000000.0,
        "Selling General And Administration": 1370000000.0,
        "Selling And Marketing Expense": 1081000000.0,
        "General And Administrative Expense": 289000000.0,
        "Other Gand A": 289000000.0,
        "Salaries And Wages": NaN,
        "Gross Profit": 2592000000.0,
        "Cost Of Revenue": 619000000.0,
        "Total Revenue": 3211000000.0,
        "Operating Revenue": 3211000000.0
    },
    "2022-07-31": {
        "Tax Effect Of Unusual Items": 0.0,
        "Tax Rate For Calcs": 0.276,
        "Normalized EBITDA": 855000000.0,
        "Total Unusual Items": 0.0,
        "Total Unusual Items Excluding Goodwill": 0.0,
        "Net Income From Continuing Operation Net Minority Interest": 347000000.0,
        "Reconciled Depreciation": 302000000.0,
        "Reconciled Cost Of Revenue": 604000000.0,
        "EBIT": 553000000.0,
        "Net Interest Income": -74000000.0,
        "Interest Expense": 74000000.0,
        "Normalized Income": 347000000.0,
        "Net Income From Continuing And Discontinued Operation": 347000000.0,
        "Total Expenses": 2763000000.0,
        "Total Operating Income As Reported": 566000000.0,
        "Diluted Average Shares": 424125000.0,
        "Basic Average Shares": 422002000.0,
        "Diluted EPS": 0.82,
        "Basic EPS": 0.82,
        "Diluted NI Availto Com Stockholders": 347000000.0,
        "Net Income Common Stockholders": 347000000.0,
        "Net Income": 347000000.0,
        "Net Income Including Noncontrolling Interests": 347000000.0,
        "Net Income Continuous Operations": 347000000.0,
        "Tax Provision": 132000000.0,
        "Pretax Income": 479000000.0,
        "Other Income Expense": -20000000.0,
        "Other Non Operating Income Expenses": -20000000.0,
        "Special Income Charges": -7000000.0,
        "Restructuring And Mergern Acquisition": 7000000.0,
        "Gain On Sale Of Security": 7000000.0,
        "Net Non Operating Interest Income Expense": -74000000.0,
        "Interest Expense Non Operating": 74000000.0,
        "Operating Income": 573000000.0,
        "Operating Expense": 2159000000.0,
        "Research And Development": 803000000.0,
        "Selling General And Administration": 1356000000.0,
        "Selling And Marketing Expense": 1080000000.0,
        "General And Administrative Expense": 276000000.0,
        "Other Gand A": 276000000.0,
        "Salaries And Wages": 41000000.0,
        "Gross Profit": 2732000000.0,
        "Cost Of Revenue": 604000000.0,
        "Total Revenue": 3336000000.0,
        "Operating Revenue": 3336000000.0
    },
    "2022-04-30": {
        "Diluted EPS": 0.57,
        "Total Revenue": NaN,
        "Gross Profit": NaN,
        "Operating Income": 408,
        "EBIT": 696,
        "Net Income": 242
    },
    "2022-01-31": {
        "Diluted EPS": 1.39,
        "Total Revenue": NaN,
        "Gross Profit": NaN,
        "Operating Income": 784,
        "EBIT": NaN,
        "Net Income": 586
    },
    "2021-10-31": {
        "Diluted EPS": 0.94,
        "Total Revenue": NaN,
        "Gross Profit": NaN,
        "Operating Income": 519,
        "EBIT": 800,
        "Net Income": 398
    },
    "2021-07-31": {
        "Diluted EPS": 0.97,
        "Total Revenue": NaN,
        "Gross Profit": NaN,
        "Operating Income": 525,
        "EBIT": 800,
        "Net Income": 411
    },
    "2021-04-30": {
        "Diluted EPS": 1.01,
        "Total Revenue": NaN,
        "Gross Profit": NaN,
        "Operating Income": 559,
        "EBIT": 828,
        "Net Income": 425
    },
    "2021-01-31": {
        "Diluted EPS": 1.86,
        "Total Revenue": NaN,
        "Gross Profit": NaN,
        "Operating Income": NaN,
        "EBIT": NaN,
        "Net Income": 791
    },
    "2020-10-31": {
        "Diluted EPS": 1.02,
        "Total Revenue": NaN,
        "Gross Profit": NaN,
        "Operating Income": 428,
        "EBIT": 689,
        "Net Income": 434
    },
    "2020-07-31": {
        "Diluted EPS": 1.06,
        "Total Revenue": NaN,
        "Gross Profit": NaN,
        "Operating Income": 534,
        "EBIT": 786,
        "Net Income": 447
    },
    "2020-04-30": {
        "Diluted EPS": 0.92,
        "Total Revenue": NaN,
        "Gross Profit": NaN,
        "Operating Income": 418,
        "EBIT": 662,
        "Net Income": 386
    },
    "2020-01-31": {
        "Diluted EPS": 0.76,
        "Total Revenue": NaN,
        "Gross Profit": NaN,
        "Operating Income": 250,
        "EBIT": 497,
        "Net Income": 322
    },
    "2019-10-31": {
        "Diluted EPS": 0.96,
        "Total Revenue": NaN,
        "Gross Profit": NaN,
        "Operating Income": 371,
        "EBIT": 590,
        "Net Income": 407
    },
    "2019-07-31": {
        "Diluted EPS": 12.47,
        "Total Revenue": NaN,
        "Gross Profit": NaN,
        "Operating Income": 466,
        "EBIT": 672,
        "Net Income": NaN
    },
    "2019-04-30": {
        "Diluted EPS": 0.89,
        "Total Revenue": NaN,
        "Gross Profit": NaN,
        "Operating Income": 354,
        "EBIT": 555,
        "Net Income": 380
    },
    "2019-01-31": {
        "Diluted EPS": -0.74,
        "Total Revenue": NaN,
        "Gross Profit": NaN,
        "Operating Income": 417,
        "EBIT": 679,
        "Net Income": -270
    },
    "2018-10-31": {
        "Diluted EPS": 0.81,
        "Total Revenue": NaN,
        "Gross Profit": NaN,
        "Operating Income": 495,
        "EBIT": 653,
        "Net Income": 334
    },
    "2018-07-31": {
        "Diluted EPS": 1.56,
        "Total Revenue": NaN,
        "Gross Profit": NaN,
        "Operating Income": 509,
        "EBIT": 660,
        "Net Income": 644
    },
    "2018-04-30": {
        "Diluted EPS": 2.29,
        "Total Revenue": NaN,
        "Gross Profit": NaN,
        "Operating Income": 382,
        "EBIT": 538,
        "Net Income": 942
    },
    "2018-01-31": {
        "Diluted EPS": -1.49,
        "Total Revenue": NaN,
        "Gross Profit": NaN,
        "Operating Income": 367,
        "EBIT": 566,
        "Net Income": -609
    },
    "2017-10-31": {
        "Diluted EPS": 0.96,
        "Total Revenue": NaN,
        "Gross Profit": NaN,
        "Operating Income": 410,
        "EBIT": 559,
        "Net Income": 395
    },
    "2017-07-31": {
        "Diluted EPS": 0.98,
        "Total Revenue": NaN,
        "Gross Profit": NaN,
        "Operating Income": 425,
        "EBIT": 559,
        "Net Income": 406
    },
    "2017-04-30": {
        "Diluted EPS": 0.59,
        "Total Revenue": NaN,
        "Gross Profit": NaN,
        "Operating Income": 261,
        "EBIT": 397,
        "Net Income": 245
    },
    "2017-01-31": {
        "Diluted EPS": 0.0,
        "Total Revenue": NaN,
        "Gross Profit": NaN,
        "Operating Income": NaN,
        "EBIT": NaN,
        "Net Income": NaN
    },
    "2016-12-31": {
        "Diluted EPS": 1.42,
        "Total Revenue": NaN,
        "Gross Profit": NaN,
        "Operating Income": 719,
        "EBIT": NaN,
        "Net Income": 599
    },
    "2016-09-30": {
        "Diluted EPS": 0.75,
        "Total Revenue": NaN,
        "Gross Profit": NaN,
        "Operating Income": 381,
        "EBIT": 468,
        "Net Income": 319
    },
    "2016-06-30": {
        "Diluted EPS": 0.62,
        "Total Revenue": NaN,
        "Gross Profit": NaN,
        "Operating Income": 323,
        "EBIT": 409,
        "Net Income": 265
    },
    "2016-03-31": {
        "Diluted EPS": 0.38,
        "Total Revenue": NaN,
        "Gross Profit": NaN,
        "Operating Income": 192,
        "EBIT": 280,
        "Net Income": 161
    },
    "2015-12-31": {
        "Diluted EPS": 1.05,
        "Total Revenue": NaN,
        "Gross Profit": NaN,
        "Operating Income": 514,
        "EBIT": 594,
        "Net Income": 437
    },
    "2015-09-30": {
        "Diluted EPS": 0.6,
        "Total Revenue": NaN,
        "Gross Profit": NaN,
        "Operating Income": 326,
        "EBIT": 413,
        "Net Income": 256
    },
    "2015-06-30": {
        "Diluted EPS": 0.4,
        "Total Revenue": NaN,
        "Gross Profit": NaN,
        "Operating Income": 206,
        "EBIT": 289,
        "Net Income": 172
    },
    "2015-03-31": {
        "Diluted EPS": 0.45,
        "Total Revenue": NaN,
        "Gross Profit": NaN,
        "Operating Income": 218,
        "EBIT": 294,
        "Net Income": 196
    },
    "2014-12-31": {
        "Diluted EPS": 0.47,
        "Total Revenue": NaN,
        "Gross Profit": NaN,
        "Operating Income": 310,
        "EBIT": 394,
        "Net Income": 207
    },
    "2014-09-30": {
        "Diluted EPS": 0.45,
        "Total Revenue": NaN,
        "Gross Profit": NaN,
        "Operating Income": 242,
        "EBIT": 333,
        "Net Income": 194
    },
    "2014-06-30": {
        "Diluted EPS": 0.38,
        "Total Revenue": NaN,
        "Gross Profit": NaN,
        "Operating Income": 200,
        "EBIT": 281,
        "Net Income": 167
    },
    "2014-03-31": {
        "Diluted EPS": 0.46,
        "Total Revenue": NaN,
        "Gross Profit": NaN,
        "Operating Income": 241,
        "EBIT": 324,
        "Net Income": 199
    },
    "2013-12-31": {
        "Diluted EPS": 1.1,
        "Total Revenue": NaN,
        "Gross Profit": NaN,
        "Operating Income": 474,
        "EBIT": 549,
        "Net Income": 474
    },
    "2013-09-30": {
        "Diluted EPS": 0.6,
        "Total Revenue": NaN,
        "Gross Profit": NaN,
        "Operating Income": 287,
        "EBIT": 369,
        "Net Income": 261
    },
    "2013-06-30": {
        "Diluted EPS": 0.57,
        "Total Revenue": NaN,
        "Gross Profit": NaN,
        "Operating Income": 270,
        "EBIT": 358,
        "Net Income": 245
    },
    "2013-03-31": {
        "Diluted EPS": 0.4,
        "Total Revenue": NaN,
        "Gross Profit": NaN,
        "Operating Income": 160,
        "EBIT": 251,
        "Net Income": 173
    },
    "2012-12-31": {
        "Diluted EPS": 0.51,
        "Total Revenue": NaN,
        "Gross Profit": NaN,
        "Operating Income": 351,
        "EBIT": 476,
        "Net Income": 222
    },
    "2012-09-30": {
        "Diluted EPS": 0.36,
        "Total Revenue": NaN,
        "Gross Profit": 955,
        "Operating Income": 190,
        "EBIT": 277,
        "Net Income": 157
    },
    "2012-06-30": {
        "Diluted EPS": 0.44,
        "Total Revenue": NaN,
        "Gross Profit": 944,
        "Operating Income": 212,
        "EBIT": 301,
        "Net Income": 192
    },
    "2012-03-31": {
        "Diluted EPS": 0.44,
        "Total Revenue": NaN,
        "Gross Profit": 884,
        "Operating Income": 217,
        "EBIT": 303,
        "Net Income": 191
    },
    "2011-12-31": {
        "Diluted EPS": 1.11,
        "Total Revenue": NaN,
        "Gross Profit": NaN,
        "Operating Income": 438,
        "EBIT": 570,
        "Net Income": 486
    },
    "2011-09-30": {
        "Diluted EPS": 0.41,
        "Total Revenue": 942,
        "Gross Profit": 789,
        "Operating Income": 181,
        "EBIT": 255,
        "Net Income": 178
    },
    "2011-06-30": {
        "Diluted EPS": 0.51,
        "Total Revenue": 921,
        "Gross Profit": 769,
        "Operating Income": 187,
        "EBIT": 262,
        "Net Income": 220
    },
    "2011-03-31": {
        "Diluted EPS": 0.29,
        "Total Revenue": 844,
        "Gross Profit": 694,
        "Operating Income": 154,
        "EBIT": 234,
        "Net Income": 126
    },
    "2010-12-31": {
        "Diluted EPS": 0.49,
        "Total Revenue": NaN,
        "Gross Profit": NaN,
        "Operating Income": 280,
        "EBIT": 399,
        "Net Income": 217
    },
    "2010-09-30": {
        "Diluted EPS": 0.2,
        "Total Revenue": 714,
        "Gross Profit": 588,
        "Operating Income": 94,
        "EBIT": 165,
        "Net Income": 85
    },
    "2010-06-30": {
        "Diluted EPS": 0.18,
        "Total Revenue": 674,
        "Gross Profit": 556,
        "Operating Income": 101,
        "EBIT": 160,
        "Net Income": 75
    },
    "2010-03-31": {
        "Diluted EPS": 0.19,
        "Total Revenue": 634,
        "Gross Profit": 525,
        "Operating Income": 102,
        "EBIT": 156,
        "Net Income": 78
    },
    "2009-12-31": {
        "Diluted EPS": 0.04,
        "Total Revenue": 658,
        "Gross Profit": 530,
        "Operating Income": 9,
        "EBIT": 90,
        "Net Income": 18
    },
    "2009-09-30": {
        "Diluted EPS": 0.09,
        "Total Revenue": 490,
        "Gross Profit": 394,
        "Operating Income": 23,
        "EBIT": 79,
        "Net Income": 38
    },
    "2009-06-30": {
        "Diluted EPS": 0.08,
        "Total Revenue": 456,
        "Gross Profit": 375,
        "Operating Income": 38,
        "EBIT": 83,
        "Net Income": 33
    },
    "2009-03-31": {
        "Diluted EPS": 0.18,
        "Total Revenue": 470,
        "Gross Profit": 395,
        "Operating Income": 87,
        "EBIT": 128,
        "Net Income": 70
    },
    "2023-07-31": {
        "Tax Effect Of Unusual Items": 11100000.0,
        "Tax Rate For Calcs": 0.15,
        "Normalized EBITDA": 902000000.0,
        "Total Unusual Items": 74000000.0,
        "Total Unusual Items Excluding Goodwill": 74000000.0,
        "Net Income From Continuing Operation Net Minority Interest": 477000000.0,
        "Reconciled Depreciation": 336000000.0,
        "Reconciled Cost Of Revenue": 639000000.0,
        "EBIT": 640000000.0,
        "Net Interest Income": -79000000.0,
        "Interest Expense": 79000000.0,
        "Normalized Income": 414100000.0,
        "Net Income From Continuing And Discontinued Operation": 477000000.0,
        "Total Expenses": 2861000000.0,
        "Total Operating Income As Reported": 547000000.0,
        "Diluted Average Shares": NaN,
        "Basic Average Shares": NaN,
        "Diluted EPS": NaN,
        "Basic EPS": NaN,
        "Diluted NI Availto Com Stockholders": 477000000.0,
        "Net Income Common Stockholders": 477000000.0,
        "Net Income": 477000000.0,
        "Net Income Including Noncontrolling Interests": 477000000.0,
        "Net Income Continuous Operations": 477000000.0,
        "Tax Provision": 84000000.0,
        "Pretax Income": 561000000.0,
        "Other Income Expense": 93000000.0,
        "Other Non Operating Income Expenses": 19000000.0,
        "Special Income Charges": 0.0,
        "Restructuring And Mergern Acquisition": 0.0,
        "Gain On Sale Of Security": 74000000.0,
        "Net Non Operating Interest Income Expense": -79000000.0,
        "Interest Expense Non Operating": 79000000.0,
        "Operating Income": 547000000.0,
        "Operating Expense": 2222000000.0,
        "Research And Development": 835000000.0,
        "Selling General And Administration": 1387000000.0,
        "Selling And Marketing Expense": 1100000000.0,
        "General And Administrative Expense": 287000000.0,
        "Other Gand A": 287000000.0,
        "Salaries And Wages": NaN,
        "Gross Profit": 2769000000.0,
        "Cost Of Revenue": 639000000.0,
        "Total Revenue": 3408000000.0,
        "Operating Revenue": 3408000000.0
    }
}