{
    "2023-03-31": {
        "Tax Effect Of Unusual Items": 0.0,
        "Tax Rate For Calcs": 0.0,
        "Normalized EBITDA": 505823.0,
        "Total Unusual Items": -2427171.0,
        "Total Unusual Items Excluding Goodwill": -2427171.0,
        "Net Income From Continuing Operation Net Minority Interest": -5222598.0,
        "Reconciled Depreciation": 932000.0,
        "Reconciled Cost Of Revenue": 842317.0,
        "EBITDA": -1921348.0,
        "EBIT": -2853348.0,
        "Net Interest Income": 57921.0,
        "Interest Income": 57921.0,
        "Normalized Income": -2795427.0,
        "Net Income From Continuing And Discontinued Operation": -5222598.0,
        "Total Expenses": 6525738.0,
        "Total Operating Income As Reported": -5280519.0,
        "Diluted Average Shares": 13783241.0,
        "Basic Average Shares": 13783241.0,
        "Diluted EPS": -0.38,
        "Basic EPS": -0.38,
        "Diluted NI Availto Com Stockholders": -5222598.0,
        "Net Income Common Stockholders": -5222598.0,
        "Net Income": -5222598.0,
        "Net Income Including Noncontrolling Interests": -5222598.0,
        "Net Income Continuous Operations": -5222598.0,
        "Pretax Income": -5222598.0,
        "Other Income Expense": -2427171.0,
        "Special Income Charges": -2427171.0,
        "Impairment Of Capital Assets": 479182.0,
        "Restructuring And Mergern Acquisition": 1947989.0,
        "Net Non Operating Interest Income Expense": 57921.0,
        "Interest Income Non Operating": 57921.0,
        "Operating Income": -2853348.0,
        "Operating Expense": 5302207.0,
        "Depreciation Amortization Depletion Income Statement": 550786.0,
        "Depreciation And Amortization In Income Statement": 550786.0,
        "Amortization": 550786.0,
        "Amortization Of Intangibles Income Statement": 550786.0,
        "Research And Development": 2157307.0,
        "Selling General And Administration": 2594114.0,
        "Selling And Marketing Expense": 1456883.0,
        "General And Administrative Expense": 1137231.0,
        "Other Gand A": 1137231.0,
        "Gross Profit": 2448859.0,
        "Cost Of Revenue": 1223531.0,
        "Total Revenue": 3672390.0,
        "Operating Revenue": 3672390.0
    },
    "2022-12-31": {
        "Tax Effect Of Unusual Items": 1097985.0,
        "Tax Rate For Calcs": 0.21,
        "Normalized EBITDA": -8646245.0,
        "Total Unusual Items": 5228500.0,
        "Total Unusual Items Excluding Goodwill": 5228500.0,
        "Net Income From Continuing Operation Net Minority Interest": 1308365.0,
        "Reconciled Depreciation": 579115.0,
        "Reconciled Cost Of Revenue": 837880.0,
        "EBITDA": -3417745.0,
        "EBIT": -3996860.0,
        "Net Interest Income": 76725.0,
        "Interest Income": 76725.0,
        "Normalized Income": -2822150.0,
        "Net Income From Continuing And Discontinued Operation": 1308365.0,
        "Total Expenses": 6947407.0,
        "Total Operating Income As Reported": 1231640.0,
        "Diluted Average Shares": 19264307.0,
        "Basic Average Shares": 13779958.0,
        "Diluted EPS": 0.07,
        "Basic EPS": 0.09,
        "Diluted NI Availto Com Stockholders": 1308365.0,
        "Net Income Common Stockholders": 1308365.0,
        "Net Income": 1308365.0,
        "Net Income Including Noncontrolling Interests": 1308365.0,
        "Net Income Continuous Operations": 1308365.0,
        "Pretax Income": 1308365.0,
        "Other Income Expense": 5228500.0,
        "Special Income Charges": 5228500.0,
        "Impairment Of Capital Assets": 0.0,
        "Restructuring And Mergern Acquisition": -5228500.0,
        "Net Non Operating Interest Income Expense": 76725.0,
        "Interest Income Non Operating": 76725.0,
        "Operating Income": -3996860.0,
        "Operating Expense": 6072126.0,
        "Depreciation Amortization Depletion Income Statement": 541714.0,
        "Depreciation And Amortization In Income Statement": 541714.0,
        "Amortization": 541714.0,
        "Amortization Of Intangibles Income Statement": 541714.0,
        "Research And Development": 2532646.0,
        "Selling General And Administration": 2997766.0,
        "Selling And Marketing Expense": 1737091.0,
        "General And Administrative Expense": 1260675.0,
        "Other Gand A": 1260675.0,
        "Gross Profit": 2075266.0,
        "Cost Of Revenue": 875281.0,
        "Total Revenue": 2950547.0,
        "Operating Revenue": 2950547.0
    },
    "2022-09-30": {
        "Tax Effect Of Unusual Items": 0.0,
        "Tax Rate For Calcs": 0.0,
        "Normalized EBITDA": 250931.0,
        "Total Unusual Items": -2603398.0,
        "Total Unusual Items Excluding Goodwill": -2603398.0,
        "Net Income From Continuing Operation Net Minority Interest": -5382727.0,
        "Reconciled Depreciation": 477016.0,
        "Reconciled Cost Of Revenue": 1214597.0,
        "EBITDA": -2352467.0,
        "EBIT": -2829483.0,
        "Net Interest Income": 50154.0,
        "Interest Income": 50154.0,
        "Normalized Income": -2779329.0,
        "Net Income From Continuing And Discontinued Operation": -5382727.0,
        "Total Expenses": 6780507.0,
        "Total Operating Income As Reported": -5432881.0,
        "Diluted Average Shares": 13317188.0,
        "Basic Average Shares": 13317188.0,
        "Diluted EPS": -0.4,
        "Basic EPS": -0.4,
        "Diluted NI Availto Com Stockholders": -5382727.0,
        "Net Income Common Stockholders": -5382727.0,
        "Net Income": -5382727.0,
        "Net Income Including Noncontrolling Interests": -5382727.0,
        "Net Income Continuous Operations": -5382727.0,
        "Pretax Income": -5382727.0,
        "Other Income Expense": -2603398.0,
        "Special Income Charges": -2603398.0,
        "Impairment Of Capital Assets": NaN,
        "Restructuring And Mergern Acquisition": 2603398.0,
        "Net Non Operating Interest Income Expense": 50154.0,
        "Interest Income Non Operating": 50154.0,
        "Operating Income": -2829483.0,
        "Operating Expense": 5565910.0,
        "Depreciation Amortization Depletion Income Statement": NaN,
        "Depreciation And Amortization In Income Statement": NaN,
        "Amortization": NaN,
        "Amortization Of Intangibles Income Statement": NaN,
        "Research And Development": 2002379.0,
        "Selling General And Administration": 3563531.0,
        "Selling And Marketing Expense": 1744239.0,
        "General And Administrative Expense": 1819292.0,
        "Other Gand A": 1819292.0,
        "Gross Profit": 2736427.0,
        "Cost Of Revenue": 1214597.0,
        "Total Revenue": 3951024.0,
        "Operating Revenue": 3951024.0
    },
    "2022-06-30": {
        "Tax Effect Of Unusual Items": 0.0,
        "Tax Rate For Calcs": 0.0,
        "Normalized EBITDA": -2586193.0,
        "Total Unusual Items": 1862229.0,
        "Total Unusual Items Excluding Goodwill": 1862229.0,
        "Net Income From Continuing Operation Net Minority Interest": -982519.0,
        "Reconciled Depreciation": 258555.0,
        "Reconciled Cost Of Revenue": 513009.0,
        "EBITDA": -723964.0,
        "EBIT": -982519.0,
        "Net Interest Income": 11409.0,
        "Interest Expense": 0.0,
        "Interest Income": 11409.0,
        "Normalized Income": -2844748.0,
        "Net Income From Continuing And Discontinued Operation": -982519.0,
        "Total Expenses": 5358907.0,
        "Total Operating Income As Reported": -993928.0,
        "Diluted Average Shares": 12765495.0,
        "Basic Average Shares": 12765495.0,
        "Diluted EPS": -0.07,
        "Basic EPS": -0.07,
        "Diluted NI Availto Com Stockholders": -982519.0,
        "Net Income Common Stockholders": -982519.0,
        "Net Income": -982519.0,
        "Net Income Including Noncontrolling Interests": -982519.0,
        "Net Income Continuous Operations": -982519.0,
        "Pretax Income": -982519.0,
        "Other Income Expense": 1862229.0,
        "Special Income Charges": 1862229.0,
        "Other Special Charges": 0.0,
        "Impairment Of Capital Assets": NaN,
        "Restructuring And Mergern Acquisition": NaN,
        "Net Non Operating Interest Income Expense": 11409.0,
        "Interest Expense Non Operating": 0.0,
        "Interest Income Non Operating": 11409.0,
        "Operating Income": -2856157.0,
        "Operating Expense": 4845898.0,
        "Depreciation Amortization Depletion Income Statement": NaN,
        "Depreciation And Amortization In Income Statement": NaN,
        "Amortization": NaN,
        "Amortization Of Intangibles Income Statement": NaN,
        "Research And Development": 2066192.0,
        "Selling General And Administration": 2779706.0,
        "Selling And Marketing Expense": 1116571.0,
        "General And Administrative Expense": 1663135.0,
        "Other Gand A": 1663135.0,
        "Gross Profit": 1989741.0,
        "Cost Of Revenue": 513009.0,
        "Total Revenue": 2502750.0,
        "Operating Revenue": 2502750.0
    },
    "2022-03-31": {
        "Diluted EPS": -0.14,
        "Total Revenue": 2,
        "Gross Profit": 2,
        "Operating Income": -2,
        "EBIT": -2,
        "Net Income": -2
    },
    "2021-12-31": {
        "Diluted EPS": -0.14,
        "Total Revenue": 2,
        "Gross Profit": 1,
        "Operating Income": -2,
        "EBIT": -2,
        "Net Income": -2
    },
    "2021-09-30": {
        "Diluted EPS": -0.17,
        "Total Revenue": 1,
        "Gross Profit": 1,
        "Operating Income": -1,
        "EBIT": -1,
        "Net Income": -2
    },
    "2021-06-30": {
        "Diluted EPS": -0.38,
        "Total Revenue": 1,
        "Gross Profit": 1,
        "Operating Income": -3,
        "EBIT": -3,
        "Net Income": -3
    },
    "2021-03-31": {
        "Diluted EPS": -0.17,
        "Total Revenue": 1,
        "Gross Profit": 0,
        "Operating Income": -1,
        "EBIT": -1,
        "Net Income": -1
    },
    "2020-12-31": {
        "Diluted EPS": -0.11,
        "Total Revenue": 1,
        "Gross Profit": 1,
        "Operating Income": -1,
        "EBIT": -1,
        "Net Income": -1
    },
    "2020-09-30": {
        "Diluted EPS": -0.18,
        "Total Revenue": 0,
        "Gross Profit": 0,
        "Operating Income": -1,
        "EBIT": -1,
        "Net Income": -1
    },
    "2020-06-30": {
        "Diluted EPS": 0.0,
        "Total Revenue": NaN,
        "Gross Profit": NaN,
        "Operating Income": NaN,
        "EBIT": NaN,
        "Net Income": NaN
    },
    "2020-03-31": {
        "Diluted EPS": -0.52,
        "Total Revenue": 1,
        "Gross Profit": 1,
        "Operating Income": -4,
        "EBIT": -4,
        "Net Income": -4
    },
    "2023-06-30": {
        "Tax Effect Of Unusual Items": 0.0,
        "Tax Rate For Calcs": 0.0,
        "Normalized EBITDA": 10891298.0,
        "Total Unusual Items": -14853051.0,
        "Total Unusual Items Excluding Goodwill": -14853051.0,
        "Net Income From Continuing Operation Net Minority Interest": -19266323.0,
        "Reconciled Depreciation": 204851.0,
        "Reconciled Cost Of Revenue": 1256873.0,
        "EBITDA": -3961753.0,
        "EBIT": -4470873.0,
        "Net Interest Income": 57601.0,
        "Interest Income": 57601.0,
        "Normalized Income": -4413272.0,
        "Net Income From Continuing And Discontinued Operation": -19266323.0,
        "Total Expenses": 7379276.0,
        "Total Operating Income As Reported": -19323924.0,
        "Diluted Average Shares": NaN,
        "Basic Average Shares": NaN,
        "Diluted EPS": NaN,
        "Basic EPS": NaN,
        "Diluted NI Availto Com Stockholders": -19266323.0,
        "Net Income Common Stockholders": -19266323.0,
        "Net Income": -19266323.0,
        "Net Income Including Noncontrolling Interests": -19266323.0,
        "Net Income Continuous Operations": -19266323.0,
        "Pretax Income": -19266323.0,
        "Other Income Expense": -14853051.0,
        "Special Income Charges": -14853051.0,
        "Impairment Of Capital Assets": 14872660.0,
        "Restructuring And Mergern Acquisition": -19609.0,
        "Net Non Operating Interest Income Expense": 57601.0,
        "Interest Income Non Operating": 57601.0,
        "Operating Income": -4470873.0,
        "Operating Expense": 6426672.0,
        "Depreciation Amortization Depletion Income Statement": 509120.0,
        "Depreciation And Amortization In Income Statement": 509120.0,
        "Amortization": 509120.0,
        "Amortization Of Intangibles Income Statement": 509120.0,
        "Research And Development": 2101659.0,
        "Selling General And Administration": 3815893.0,
        "Selling And Marketing Expense": 2551765.0,
        "General And Administrative Expense": 1264128.0,
        "Other Gand A": 1264128.0,
        "Gross Profit": 1955799.0,
        "Cost Of Revenue": 952604.0,
        "Total Revenue": 2908403.0,
        "Operating Revenue": 2908403.0
    },
    "2023-09-30": {
        "Tax Effect Of Unusual Items": 0.0,
        "Tax Rate For Calcs": 0.0,
        "Normalized EBITDA": -3500998.0,
        "Total Unusual Items": 1864601.0,
        "Total Unusual Items Excluding Goodwill": 1864601.0,
        "Net Income From Continuing Operation Net Minority Interest": -119443.0,
        "Reconciled Depreciation": 398923.0,
        "Reconciled Cost Of Revenue": 1150706.0,
        "EBITDA": -1636397.0,
        "EBIT": -2035320.0,
        "Net Interest Income": 51276.0,
        "Interest Income": 51276.0,
        "Normalized Income": -1984044.0,
        "Net Income From Continuing And Discontinued Operation": -119443.0,
        "Total Expenses": 5140200.0,
        "Total Operating Income As Reported": -170719.0,
        "Diluted Average Shares": 14730386.0,
        "Basic Average Shares": 14730386.0,
        "Diluted EPS": -0.01,
        "Basic EPS": -0.01,
        "Diluted NI Availto Com Stockholders": -119443.0,
        "Net Income Common Stockholders": -119443.0,
        "Net Income": -119443.0,
        "Net Income Including Noncontrolling Interests": -119443.0,
        "Net Income Continuous Operations": -119443.0,
        "Pretax Income": -119443.0,
        "Other Income Expense": 1864601.0,
        "Special Income Charges": 1864601.0,
        "Impairment Of Capital Assets": 892929.0,
        "Restructuring And Mergern Acquisition": -2757530.0,
        "Net Non Operating Interest Income Expense": 51276.0,
        "Interest Income Non Operating": 51276.0,
        "Operating Income": -2035320.0,
        "Operating Expense": 3958691.0,
        "Depreciation Amortization Depletion Income Statement": 368120.0,
        "Depreciation And Amortization In Income Statement": 368120.0,
        "Amortization": 368120.0,
        "Amortization Of Intangibles Income Statement": 368120.0,
        "Research And Development": 1680787.0,
        "Selling General And Administration": 1909784.0,
        "Selling And Marketing Expense": 813742.0,
        "General And Administrative Expense": 1096042.0,
        "Other Gand A": 1096042.0,
        "Gross Profit": 1923371.0,
        "Cost Of Revenue": 1181509.0,
        "Total Revenue": 3104880.0,
        "Operating Revenue": 3104880.0
    },
    "2023-12-31": {
        "Tax Effect Of Unusual Items": 0.0,
        "Tax Rate For Calcs": 0.0,
        "Normalized EBITDA": -3010517.0,
        "Total Unusual Items": 1259739.0,
        "Total Unusual Items Excluding Goodwill": 1259739.0,
        "Net Income From Continuing Operation Net Minority Interest": -738367.0,
        "Reconciled Depreciation": 321535.0,
        "Reconciled Cost Of Revenue": 625010.0,
        "EBITDA": -1750778.0,
        "EBIT": -2072313.0,
        "Net Interest Income": 74207.0,
        "Interest Income": 74207.0,
        "Normalized Income": -1998106.0,
        "Net Income From Continuing And Discontinued Operation": -738367.0,
        "Total Expenses": 4148738.0,
        "Total Operating Income As Reported": -812574.0,
        "Diluted Average Shares": 16668740.0,
        "Basic Average Shares": 16668740.0,
        "Diluted EPS": -0.04,
        "Basic EPS": -0.04,
        "Diluted NI Availto Com Stockholders": -738367.0,
        "Net Income Common Stockholders": -738367.0,
        "Net Income": -738367.0,
        "Net Income Including Noncontrolling Interests": -738367.0,
        "Net Income Continuous Operations": -738367.0,
        "Pretax Income": -738367.0,
        "Other Income Expense": 1259739.0,
        "Special Income Charges": 1259739.0,
        "Impairment Of Capital Assets": 8275.0,
        "Restructuring And Mergern Acquisition": -1268014.0,
        "Net Non Operating Interest Income Expense": 74207.0,
        "Interest Income Non Operating": 74207.0,
        "Operating Income": -2072313.0,
        "Operating Expense": 3493229.0,
        "Depreciation Amortization Depletion Income Statement": 291036.0,
        "Depreciation And Amortization In Income Statement": 291036.0,
        "Amortization": 291036.0,
        "Amortization Of Intangibles Income Statement": 291036.0,
        "Research And Development": 1391883.0,
        "Selling General And Administration": 1810310.0,
        "Selling And Marketing Expense": 765116.0,
        "General And Administrative Expense": 1045194.0,
        "Other Gand A": 1045194.0,
        "Gross Profit": 1420916.0,
        "Cost Of Revenue": 655509.0,
        "Total Revenue": 2076425.0,
        "Operating Revenue": 2076425.0
    }
}