{
    "2023-03-31": {
        "Tax Effect Of Unusual Items": NaN,
        "Tax Rate For Calcs": NaN,
        "Normalized EBITDA": NaN,
        "Total Unusual Items": NaN,
        "Total Unusual Items Excluding Goodwill": NaN,
        "Net Income From Continuing Operation Net Minority Interest": NaN,
        "Reconciled Depreciation": NaN,
        "Reconciled Cost Of Revenue": NaN,
        "EBITDA": NaN,
        "EBIT": NaN,
        "Net Interest Income": NaN,
        "Interest Expense": NaN,
        "Interest Income": NaN,
        "Normalized Income": NaN,
        "Net Income From Continuing And Discontinued Operation": NaN,
        "Total Expenses": NaN,
        "Total Operating Income As Reported": NaN,
        "Diluted Average Shares": NaN,
        "Basic Average Shares": NaN,
        "Diluted EPS": NaN,
        "Basic EPS": NaN,
        "Diluted NI Availto Com Stockholders": NaN,
        "Net Income Common Stockholders": NaN,
        "Net Income": NaN,
        "Net Income Including Noncontrolling Interests": NaN,
        "Net Income Continuous Operations": NaN,
        "Pretax Income": NaN,
        "Other Income Expense": NaN,
        "Other Non Operating Income Expenses": NaN,
        "Special Income Charges": NaN,
        "Net Non Operating Interest Income Expense": NaN,
        "Interest Expense Non Operating": NaN,
        "Interest Income Non Operating": NaN,
        "Operating Income": NaN,
        "Operating Expense": NaN,
        "Research And Development": NaN,
        "Selling General And Administration": NaN,
        "General And Administrative Expense": 4319000.0,
        "Other Gand A": 4319000.0,
        "Gross Profit": NaN,
        "Cost Of Revenue": NaN,
        "Total Revenue": NaN,
        "Operating Revenue": NaN
    },
    "2022-12-31": {
        "Tax Effect Of Unusual Items": NaN,
        "Tax Rate For Calcs": NaN,
        "Normalized EBITDA": NaN,
        "Total Unusual Items": 0.0,
        "Total Unusual Items Excluding Goodwill": 0.0,
        "Net Income From Continuing Operation Net Minority Interest": NaN,
        "Reconciled Depreciation": NaN,
        "Reconciled Cost Of Revenue": NaN,
        "EBITDA": NaN,
        "EBIT": NaN,
        "Net Interest Income": NaN,
        "Interest Expense": NaN,
        "Interest Income": NaN,
        "Normalized Income": NaN,
        "Net Income From Continuing And Discontinued Operation": NaN,
        "Total Expenses": NaN,
        "Total Operating Income As Reported": NaN,
        "Diluted Average Shares": NaN,
        "Basic Average Shares": NaN,
        "Diluted EPS": NaN,
        "Basic EPS": NaN,
        "Diluted NI Availto Com Stockholders": NaN,
        "Net Income Common Stockholders": NaN,
        "Net Income": NaN,
        "Net Income Including Noncontrolling Interests": NaN,
        "Net Income Continuous Operations": NaN,
        "Pretax Income": NaN,
        "Other Income Expense": -7000.0,
        "Other Non Operating Income Expenses": -7000.0,
        "Special Income Charges": 0.0,
        "Other Special Charges": 0.0,
        "Net Non Operating Interest Income Expense": NaN,
        "Interest Expense Non Operating": NaN,
        "Interest Income Non Operating": NaN,
        "Operating Income": NaN,
        "Operating Expense": NaN,
        "Research And Development": NaN,
        "Selling General And Administration": NaN,
        "General And Administrative Expense": 3189000.0,
        "Other Gand A": 3189000.0,
        "Gross Profit": NaN,
        "Cost Of Revenue": NaN,
        "Total Revenue": NaN,
        "Operating Revenue": NaN
    },
    "2022-09-30": {
        "Tax Effect Of Unusual Items": NaN,
        "Tax Rate For Calcs": NaN,
        "Normalized EBITDA": NaN,
        "Total Unusual Items": -1437000.0,
        "Total Unusual Items Excluding Goodwill": -1437000.0,
        "Net Income From Continuing Operation Net Minority Interest": NaN,
        "Reconciled Depreciation": NaN,
        "Reconciled Cost Of Revenue": NaN,
        "EBITDA": NaN,
        "EBIT": NaN,
        "Net Interest Income": NaN,
        "Interest Expense": NaN,
        "Interest Income": NaN,
        "Normalized Income": NaN,
        "Net Income From Continuing And Discontinued Operation": NaN,
        "Total Expenses": NaN,
        "Total Operating Income As Reported": NaN,
        "Diluted Average Shares": NaN,
        "Basic Average Shares": NaN,
        "Diluted EPS": NaN,
        "Basic EPS": NaN,
        "Diluted NI Availto Com Stockholders": NaN,
        "Net Income Common Stockholders": NaN,
        "Net Income": NaN,
        "Net Income Including Noncontrolling Interests": NaN,
        "Net Income Continuous Operations": NaN,
        "Pretax Income": NaN,
        "Other Income Expense": -1432000.0,
        "Other Non Operating Income Expenses": 5000.0,
        "Special Income Charges": -1437000.0,
        "Other Special Charges": 1437000.0,
        "Net Non Operating Interest Income Expense": NaN,
        "Interest Expense Non Operating": NaN,
        "Interest Income Non Operating": NaN,
        "Operating Income": NaN,
        "Operating Expense": NaN,
        "Research And Development": NaN,
        "Selling General And Administration": NaN,
        "General And Administrative Expense": 3925000.0,
        "Other Gand A": 3925000.0,
        "Gross Profit": NaN,
        "Cost Of Revenue": NaN,
        "Total Revenue": NaN,
        "Operating Revenue": NaN
    },
    "2022-06-30": {
        "Tax Effect Of Unusual Items": 0.0,
        "Tax Rate For Calcs": 0.0,
        "Normalized EBITDA": -9004000.0,
        "Total Unusual Items": NaN,
        "Total Unusual Items Excluding Goodwill": NaN,
        "Net Income From Continuing Operation Net Minority Interest": -10168000.0,
        "Reconciled Depreciation": 98000.0,
        "Reconciled Cost Of Revenue": NaN,
        "EBITDA": -9004000.0,
        "EBIT": -9102000.0,
        "Net Interest Income": -1046000.0,
        "Interest Expense": 1066000.0,
        "Interest Income": 20000.0,
        "Normalized Income": -10168000.0,
        "Net Income From Continuing And Discontinued Operation": -10168000.0,
        "Total Expenses": 9335000.0,
        "Total Operating Income As Reported": -9121000.0,
        "Diluted Average Shares": 27519053.0,
        "Basic Average Shares": 27519053.0,
        "Diluted EPS": -0.37,
        "Basic EPS": -0.37,
        "Diluted NI Availto Com Stockholders": -10168000.0,
        "Net Income Common Stockholders": -10168000.0,
        "Net Income": -10168000.0,
        "Net Income Including Noncontrolling Interests": -10168000.0,
        "Net Income Continuous Operations": -10168000.0,
        "Pretax Income": -10168000.0,
        "Other Income Expense": -1000.0,
        "Other Non Operating Income Expenses": -1000.0,
        "Special Income Charges": NaN,
        "Other Special Charges": NaN,
        "Net Non Operating Interest Income Expense": -1046000.0,
        "Interest Expense Non Operating": 1066000.0,
        "Interest Income Non Operating": 20000.0,
        "Operating Income": -9121000.0,
        "Operating Expense": 9335000.0,
        "Research And Development": 4162000.0,
        "Selling General And Administration": 5173000.0,
        "General And Administrative Expense": 5173000.0,
        "Other Gand A": 5173000.0,
        "Gross Profit": NaN,
        "Cost Of Revenue": NaN,
        "Total Revenue": 214000.0,
        "Operating Revenue": 214000.0
    },
    "2022-03-31": {
        "Diluted EPS": -0.31,
        "Total Revenue": 0,
        "Gross Profit": 0,
        "Operating Income": -7,
        "EBIT": -7,
        "Net Income": -8
    },
    "2021-12-31": {
        "Diluted EPS": -0.36,
        "Total Revenue": NaN,
        "Gross Profit": NaN,
        "Operating Income": -8,
        "EBIT": -8,
        "Net Income": -10
    },
    "2021-09-30": {
        "Diluted EPS": -0.47,
        "Total Revenue": NaN,
        "Gross Profit": NaN,
        "Operating Income": -12,
        "EBIT": -12,
        "Net Income": -13
    },
    "2021-06-30": {
        "Diluted EPS": -0.43,
        "Total Revenue": NaN,
        "Gross Profit": NaN,
        "Operating Income": -11,
        "EBIT": -11,
        "Net Income": -12
    },
    "2021-03-31": {
        "Diluted EPS": -0.04,
        "Total Revenue": 12,
        "Gross Profit": 12,
        "Operating Income": 0,
        "EBIT": 0,
        "Net Income": -1
    },
    "2020-12-31": {
        "Diluted EPS": -0.52,
        "Total Revenue": NaN,
        "Gross Profit": NaN,
        "Operating Income": -12,
        "EBIT": -12,
        "Net Income": -13
    },
    "2020-09-30": {
        "Diluted EPS": -0.42,
        "Total Revenue": NaN,
        "Gross Profit": NaN,
        "Operating Income": -10,
        "EBIT": -10,
        "Net Income": -10
    },
    "2020-06-30": {
        "Diluted EPS": -0.38,
        "Total Revenue": NaN,
        "Gross Profit": NaN,
        "Operating Income": -9,
        "EBIT": -9,
        "Net Income": -9
    },
    "2020-03-31": {
        "Diluted EPS": -0.39,
        "Total Revenue": NaN,
        "Gross Profit": NaN,
        "Operating Income": -10,
        "EBIT": -10,
        "Net Income": -10
    },
    "2019-12-31": {
        "Diluted EPS": -0.31,
        "Total Revenue": NaN,
        "Gross Profit": NaN,
        "Operating Income": -8,
        "EBIT": -8,
        "Net Income": -8
    },
    "2019-09-30": {
        "Diluted EPS": -0.24,
        "Total Revenue": NaN,
        "Gross Profit": NaN,
        "Operating Income": -7,
        "EBIT": -6,
        "Net Income": -6
    },
    "2019-06-30": {
        "Diluted EPS": -0.28,
        "Total Revenue": NaN,
        "Gross Profit": NaN,
        "Operating Income": -8,
        "EBIT": -7,
        "Net Income": -7
    },
    "2019-03-31": {
        "Diluted EPS": -0.3,
        "Total Revenue": NaN,
        "Gross Profit": NaN,
        "Operating Income": -8,
        "EBIT": -8,
        "Net Income": -7
    },
    "2018-12-31": {
        "Diluted EPS": 0.4,
        "Total Revenue": NaN,
        "Gross Profit": NaN,
        "Operating Income": -8,
        "EBIT": -8,
        "Net Income": -8
    },
    "2018-09-30": {
        "Diluted EPS": -0.24,
        "Total Revenue": NaN,
        "Gross Profit": NaN,
        "Operating Income": -6,
        "EBIT": -6,
        "Net Income": -6
    },
    "2018-06-30": {
        "Diluted EPS": -0.92,
        "Total Revenue": NaN,
        "Gross Profit": NaN,
        "Operating Income": -5,
        "EBIT": -5,
        "Net Income": -5
    },
    "2018-03-31": {
        "Diluted EPS": -0.65,
        "Total Revenue": NaN,
        "Gross Profit": NaN,
        "Operating Income": -2,
        "EBIT": -2,
        "Net Income": -2
    },
    "2017-12-31": {
        "Diluted EPS": -2.41,
        "Total Revenue": NaN,
        "Gross Profit": NaN,
        "Operating Income": -1,
        "EBIT": -1,
        "Net Income": -1
    },
    "2017-09-30": {
        "Diluted EPS": -0.48,
        "Total Revenue": NaN,
        "Gross Profit": NaN,
        "Operating Income": -1,
        "EBIT": -1,
        "Net Income": -1
    },
    "2017-06-30": {
        "Diluted EPS": -0.38,
        "Total Revenue": NaN,
        "Gross Profit": NaN,
        "Operating Income": -1,
        "EBIT": -1,
        "Net Income": -1
    },
    "2017-03-31": {
        "Diluted EPS": -0.15,
        "Total Revenue": NaN,
        "Gross Profit": NaN,
        "Operating Income": -1,
        "EBIT": -1,
        "Net Income": -1
    },
    "2016-12-31": {
        "Diluted EPS": 0.0,
        "Total Revenue": NaN,
        "Gross Profit": NaN,
        "Operating Income": NaN,
        "EBIT": NaN,
        "Net Income": NaN
    },
    "2023-06-30": {
        "Tax Effect Of Unusual Items": NaN,
        "Tax Rate For Calcs": NaN,
        "Normalized EBITDA": NaN,
        "Total Unusual Items": NaN,
        "Total Unusual Items Excluding Goodwill": NaN,
        "Net Income From Continuing Operation Net Minority Interest": NaN,
        "Reconciled Depreciation": NaN,
        "Reconciled Cost Of Revenue": NaN,
        "EBITDA": NaN,
        "EBIT": NaN,
        "Net Interest Income": NaN,
        "Interest Expense": NaN,
        "Interest Income": NaN,
        "Normalized Income": NaN,
        "Net Income From Continuing And Discontinued Operation": NaN,
        "Total Expenses": NaN,
        "Total Operating Income As Reported": NaN,
        "Diluted Average Shares": 45916867.0,
        "Basic Average Shares": 45916867.0,
        "Diluted EPS": -0.24,
        "Basic EPS": -0.24,
        "Diluted NI Availto Com Stockholders": NaN,
        "Net Income Common Stockholders": NaN,
        "Net Income": NaN,
        "Net Income Including Noncontrolling Interests": NaN,
        "Net Income Continuous Operations": NaN,
        "Pretax Income": NaN,
        "Other Income Expense": NaN,
        "Other Non Operating Income Expenses": NaN,
        "Special Income Charges": NaN,
        "Net Non Operating Interest Income Expense": NaN,
        "Interest Expense Non Operating": NaN,
        "Interest Income Non Operating": NaN,
        "Operating Income": NaN,
        "Operating Expense": NaN,
        "Research And Development": NaN,
        "Selling General And Administration": NaN,
        "General And Administrative Expense": 5937000.0,
        "Other Gand A": 5937000.0,
        "Gross Profit": NaN,
        "Cost Of Revenue": NaN,
        "Total Revenue": NaN,
        "Operating Revenue": NaN
    },
    "2023-09-30": {
        "Tax Effect Of Unusual Items": 0.0,
        "Tax Rate For Calcs": 0.0,
        "Normalized EBITDA": -22935000.0,
        "Total Unusual Items": 0.0,
        "Total Unusual Items Excluding Goodwill": 0.0,
        "Net Income From Continuing Operation Net Minority Interest": -24802000.0,
        "Reconciled Depreciation": 210000.0,
        "Reconciled Cost Of Revenue": 270000.0,
        "EBITDA": -22935000.0,
        "EBIT": -23145000.0,
        "Net Interest Income": -835000.0,
        "Interest Expense": 1657000.0,
        "Interest Income": 822000.0,
        "Normalized Income": -24802000.0,
        "Net Income From Continuing And Discontinued Operation": -24802000.0,
        "Total Expenses": 26834000.0,
        "Total Operating Income As Reported": -23917000.0,
        "Diluted Average Shares": 46073932.0,
        "Basic Average Shares": 46073932.0,
        "Diluted EPS": -0.54,
        "Basic EPS": -0.54,
        "Diluted NI Availto Com Stockholders": -24802000.0,
        "Net Income Common Stockholders": -24802000.0,
        "Net Income": -24802000.0,
        "Net Income Including Noncontrolling Interests": -24802000.0,
        "Net Income Continuous Operations": -24802000.0,
        "Pretax Income": -24802000.0,
        "Other Income Expense": -50000.0,
        "Other Non Operating Income Expenses": -50000.0,
        "Special Income Charges": 0.0,
        "Net Non Operating Interest Income Expense": -835000.0,
        "Interest Expense Non Operating": 1657000.0,
        "Interest Income Non Operating": 822000.0,
        "Operating Income": -23917000.0,
        "Operating Expense": 26564000.0,
        "Research And Development": 6510000.0,
        "Selling General And Administration": 20054000.0,
        "General And Administrative Expense": NaN,
        "Other Gand A": NaN,
        "Gross Profit": 2647000.0,
        "Cost Of Revenue": 270000.0,
        "Total Revenue": 2917000.0,
        "Operating Revenue": 2917000.0
    },
    "2023-12-31": {
        "Tax Effect Of Unusual Items": 0.0,
        "Tax Rate For Calcs": 0.0,
        "Normalized EBITDA": -19555000.0,
        "Total Unusual Items": -2537000.0,
        "Total Unusual Items Excluding Goodwill": -2537000.0,
        "Net Income From Continuing Operation Net Minority Interest": -24614000.0,
        "Reconciled Depreciation": 217000.0,
        "Reconciled Cost Of Revenue": 272000.0,
        "EBITDA": -22092000.0,
        "EBIT": -22309000.0,
        "Net Interest Income": -1513000.0,
        "Interest Expense": 2305000.0,
        "Interest Income": 792000.0,
        "Normalized Income": -22077000.0,
        "Net Income From Continuing And Discontinued Operation": -24614000.0,
        "Total Expenses": 22587000.0,
        "Total Operating Income As Reported": -23136000.0,
        "Diluted Average Shares": NaN,
        "Basic Average Shares": NaN,
        "Diluted EPS": NaN,
        "Basic EPS": NaN,
        "Diluted NI Availto Com Stockholders": -24614000.0,
        "Net Income Common Stockholders": -24614000.0,
        "Net Income": -24614000.0,
        "Net Income Including Noncontrolling Interests": -24614000.0,
        "Net Income Continuous Operations": -24614000.0,
        "Pretax Income": -24614000.0,
        "Other Income Expense": -2502000.0,
        "Other Non Operating Income Expenses": 35000.0,
        "Special Income Charges": -2537000.0,
        "Net Non Operating Interest Income Expense": -1513000.0,
        "Interest Expense Non Operating": 2305000.0,
        "Interest Income Non Operating": 792000.0,
        "Operating Income": -20599000.0,
        "Operating Expense": 22315000.0,
        "Research And Development": 5320000.0,
        "Selling General And Administration": 16995000.0,
        "General And Administrative Expense": NaN,
        "Other Gand A": NaN,
        "Gross Profit": 1716000.0,
        "Cost Of Revenue": 272000.0,
        "Total Revenue": 1988000.0,
        "Operating Revenue": 1988000.0
    },
    "2024-03-31": {
        "Tax Effect Of Unusual Items": 0.0,
        "Tax Rate For Calcs": 0.0,
        "Normalized EBITDA": -17672000.0,
        "Total Unusual Items": NaN,
        "Total Unusual Items Excluding Goodwill": NaN,
        "Net Income From Continuing Operation Net Minority Interest": -20331000.0,
        "Reconciled Depreciation": 340000.0,
        "Reconciled Cost Of Revenue": 1138000.0,
        "EBITDA": -17672000.0,
        "EBIT": -18012000.0,
        "Net Interest Income": -1721000.0,
        "Interest Expense": 2319000.0,
        "Interest Income": 598000.0,
        "Normalized Income": -20331000.0,
        "Net Income From Continuing And Discontinued Operation": -20331000.0,
        "Total Expenses": 22425000.0,
        "Total Operating Income As Reported": -18599000.0,
        "Diluted Average Shares": 46483669.0,
        "Basic Average Shares": 46483669.0,
        "Diluted EPS": -0.44,
        "Basic EPS": -0.44,
        "Diluted NI Availto Com Stockholders": -20331000.0,
        "Net Income Common Stockholders": -20331000.0,
        "Net Income": -20331000.0,
        "Net Income Including Noncontrolling Interests": -20331000.0,
        "Net Income Continuous Operations": -20331000.0,
        "Pretax Income": -20331000.0,
        "Other Income Expense": -11000.0,
        "Other Non Operating Income Expenses": -11000.0,
        "Special Income Charges": NaN,
        "Net Non Operating Interest Income Expense": -1721000.0,
        "Interest Expense Non Operating": 2319000.0,
        "Interest Income Non Operating": 598000.0,
        "Operating Income": -18599000.0,
        "Operating Expense": 21287000.0,
        "Research And Development": 4948000.0,
        "Selling General And Administration": 16339000.0,
        "General And Administrative Expense": NaN,
        "Other Gand A": NaN,
        "Gross Profit": 2688000.0,
        "Cost Of Revenue": 1138000.0,
        "Total Revenue": 3826000.0,
        "Operating Revenue": 3826000.0
    },
    "2024-06-30": {
        "Tax Effect Of Unusual Items": 0.0,
        "Tax Rate For Calcs": 0.0,
        "Normalized EBITDA": -14484000.0,
        "Total Unusual Items": NaN,
        "Total Unusual Items Excluding Goodwill": NaN,
        "Net Income From Continuing Operation Net Minority Interest": -17186000.0,
        "Reconciled Depreciation": 334000.0,
        "Reconciled Cost Of Revenue": 542000.0,
        "EBITDA": -14484000.0,
        "EBIT": -14818000.0,
        "Net Interest Income": -1975000.0,
        "Interest Expense": 2368000.0,
        "Interest Income": 393000.0,
        "Normalized Income": -17186000.0,
        "Net Income From Continuing And Discontinued Operation": -17186000.0,
        "Total Expenses": 20383000.0,
        "Total Operating Income As Reported": -15206000.0,
        "Diluted Average Shares": 46502274.0,
        "Basic Average Shares": 46502274.0,
        "Diluted EPS": -0.37,
        "Basic EPS": -0.37,
        "Diluted NI Availto Com Stockholders": -17186000.0,
        "Net Income Common Stockholders": -17186000.0,
        "Net Income": -17186000.0,
        "Net Income Including Noncontrolling Interests": -17186000.0,
        "Net Income Continuous Operations": -17186000.0,
        "Pretax Income": -17186000.0,
        "Other Income Expense": -5000.0,
        "Other Non Operating Income Expenses": -5000.0,
        "Special Income Charges": NaN,
        "Net Non Operating Interest Income Expense": -1975000.0,
        "Interest Expense Non Operating": 2368000.0,
        "Interest Income Non Operating": 393000.0,
        "Operating Income": -15206000.0,
        "Operating Expense": 19841000.0,
        "Research And Development": 3319000.0,
        "Selling General And Administration": 16522000.0,
        "General And Administrative Expense": NaN,
        "Other Gand A": NaN,
        "Gross Profit": 4635000.0,
        "Cost Of Revenue": 542000.0,
        "Total Revenue": 5177000.0,
        "Operating Revenue": 5177000.0
    },
    "2024-09-30": {
        "Tax Effect Of Unusual Items": 0.0,
        "Tax Rate For Calcs": 0.0,
        "Normalized EBITDA": -20142000.0,
        "Total Unusual Items": NaN,
        "Total Unusual Items Excluding Goodwill": NaN,
        "Net Income From Continuing Operation Net Minority Interest": -22860000.0,
        "Reconciled Depreciation": 342000.0,
        "Reconciled Cost Of Revenue": 435000.0,
        "EBITDA": -20142000.0,
        "EBIT": -20484000.0,
        "Net Interest Income": -2155000.0,
        "Interest Expense": 2376000.0,
        "Interest Income": 221000.0,
        "Normalized Income": -22860000.0,
        "Net Income From Continuing And Discontinued Operation": -22860000.0,
        "Total Expenses": 18923000.0,
        "Total Operating Income As Reported": -20704000.0,
        "Diluted Average Shares": 46805427.0,
        "Basic Average Shares": 46805427.0,
        "Diluted EPS": -0.49,
        "Basic EPS": -0.49,
        "Diluted NI Availto Com Stockholders": -22860000.0,
        "Net Income Common Stockholders": -22860000.0,
        "Net Income": -22860000.0,
        "Net Income Including Noncontrolling Interests": -22860000.0,
        "Net Income Continuous Operations": -22860000.0,
        "Pretax Income": -22860000.0,
        "Other Income Expense": -1000.0,
        "Other Non Operating Income Expenses": -1000.0,
        "Special Income Charges": NaN,
        "Net Non Operating Interest Income Expense": -2155000.0,
        "Interest Expense Non Operating": 2376000.0,
        "Interest Income Non Operating": 221000.0,
        "Operating Income": -20704000.0,
        "Operating Expense": 18488000.0,
        "Research And Development": 2405000.0,
        "Selling General And Administration": 16083000.0,
        "General And Administrative Expense": NaN,
        "Other Gand A": NaN,
        "Gross Profit": -2216000.0,
        "Cost Of Revenue": 435000.0,
        "Total Revenue": -1781000.0,
        "Operating Revenue": -1781000.0
    }
}