{
    "2023-03-31": {
        "Tax Effect Of Unusual Items": 0.0,
        "Tax Rate For Calcs": 0.0,
        "Normalized EBITDA": -67881000.0,
        "Net Income From Continuing Operation Net Minority Interest": -68151000.0,
        "Reconciled Depreciation": 105000.0,
        "EBITDA": -67881000.0,
        "EBIT": -67986000.0,
        "Net Interest Income": 4322000.0,
        "Interest Expense": 165000.0,
        "Interest Income": 4487000.0,
        "Normalized Income": -68151000.0,
        "Net Income From Continuing And Discontinued Operation": -68151000.0,
        "Total Expenses": 72571000.0,
        "Total Operating Income As Reported": -72473000.0,
        "Diluted Average Shares": 42242309.0,
        "Basic Average Shares": 42242309.0,
        "Diluted EPS": -1.61,
        "Basic EPS": -1.61,
        "Diluted NI Availto Com Stockholders": -68151000.0,
        "Net Income Common Stockholders": -68151000.0,
        "Net Income": -68151000.0,
        "Net Income Including Noncontrolling Interests": -68151000.0,
        "Net Income Continuous Operations": -68151000.0,
        "Pretax Income": -68151000.0,
        "Net Non Operating Interest Income Expense": 4322000.0,
        "Interest Expense Non Operating": 165000.0,
        "Interest Income Non Operating": 4487000.0,
        "Operating Income": -72473000.0,
        "Operating Expense": 72571000.0,
        "Research And Development": 50740000.0,
        "Selling General And Administration": 21831000.0,
        "General And Administrative Expense": 21831000.0,
        "Other Gand A": 21831000.0,
        "Salaries And Wages": NaN,
        "Total Revenue": 98000.0,
        "Operating Revenue": 98000.0
    },
    "2022-12-31": {
        "Tax Effect Of Unusual Items": 0.0,
        "Tax Rate For Calcs": 0.0,
        "Normalized EBITDA": -45521000.0,
        "Net Income From Continuing Operation Net Minority Interest": -45785000.0,
        "Reconciled Depreciation": 96000.0,
        "EBITDA": -45521000.0,
        "EBIT": -45617000.0,
        "Net Interest Income": 3281000.0,
        "Interest Expense": 168000.0,
        "Interest Income": 3449000.0,
        "Normalized Income": -45785000.0,
        "Net Income From Continuing And Discontinued Operation": -45785000.0,
        "Total Expenses": 49171000.0,
        "Total Operating Income As Reported": -49066000.0,
        "Diluted Average Shares": 40541507.0,
        "Basic Average Shares": 40541507.0,
        "Diluted EPS": -1.13,
        "Basic EPS": -1.13,
        "Diluted NI Availto Com Stockholders": -45785000.0,
        "Net Income Common Stockholders": -45785000.0,
        "Net Income": -45785000.0,
        "Net Income Including Noncontrolling Interests": -45785000.0,
        "Net Income Continuous Operations": -45785000.0,
        "Pretax Income": -45785000.0,
        "Net Non Operating Interest Income Expense": 3281000.0,
        "Interest Expense Non Operating": 168000.0,
        "Interest Income Non Operating": 3449000.0,
        "Operating Income": -49066000.0,
        "Operating Expense": 49171000.0,
        "Research And Development": 39317000.0,
        "Selling General And Administration": 9854000.0,
        "General And Administrative Expense": 9854000.0,
        "Other Gand A": 9854000.0,
        "Salaries And Wages": NaN,
        "Total Revenue": 105000.0,
        "Operating Revenue": 105000.0
    },
    "2022-09-30": {
        "Tax Effect Of Unusual Items": 0.0,
        "Tax Rate For Calcs": 0.0,
        "Normalized EBITDA": -28679000.0,
        "Net Income From Continuing Operation Net Minority Interest": -28905000.0,
        "Reconciled Depreciation": 62000.0,
        "EBITDA": -28679000.0,
        "EBIT": -28741000.0,
        "Net Interest Income": 880000.0,
        "Interest Expense": 164000.0,
        "Interest Income": 1044000.0,
        "Normalized Income": -28905000.0,
        "Net Income From Continuing And Discontinued Operation": -28905000.0,
        "Total Expenses": 30980000.0,
        "Total Operating Income As Reported": -29785000.0,
        "Diluted Average Shares": 33742076.0,
        "Basic Average Shares": 33742076.0,
        "Diluted EPS": -0.86,
        "Basic EPS": -0.86,
        "Diluted NI Availto Com Stockholders": -28905000.0,
        "Net Income Common Stockholders": -28905000.0,
        "Net Income": -28905000.0,
        "Net Income Including Noncontrolling Interests": -28905000.0,
        "Net Income Continuous Operations": -28905000.0,
        "Pretax Income": -28905000.0,
        "Net Non Operating Interest Income Expense": 880000.0,
        "Interest Expense Non Operating": 164000.0,
        "Interest Income Non Operating": 1044000.0,
        "Operating Income": -29785000.0,
        "Operating Expense": 30980000.0,
        "Research And Development": 22119000.0,
        "Selling General And Administration": 8861000.0,
        "General And Administrative Expense": 8861000.0,
        "Other Gand A": 8861000.0,
        "Salaries And Wages": NaN,
        "Total Revenue": 1195000.0,
        "Operating Revenue": 1195000.0
    },
    "2022-06-30": {
        "Tax Effect Of Unusual Items": 0.0,
        "Tax Rate For Calcs": 0.0,
        "Normalized EBITDA": -29280000.0,
        "Net Income From Continuing Operation Net Minority Interest": -29491000.0,
        "Reconciled Depreciation": 57000.0,
        "EBITDA": -29280000.0,
        "EBIT": -29337000.0,
        "Net Interest Income": 73000.0,
        "Interest Expense": 154000.0,
        "Interest Income": 227000.0,
        "Normalized Income": -29491000.0,
        "Net Income From Continuing And Discontinued Operation": -29491000.0,
        "Total Expenses": 29820000.0,
        "Total Operating Income As Reported": -29564000.0,
        "Diluted Average Shares": 27762257.0,
        "Basic Average Shares": 27762257.0,
        "Diluted EPS": -1.06,
        "Basic EPS": -1.06,
        "Diluted NI Availto Com Stockholders": -29491000.0,
        "Net Income Common Stockholders": -29491000.0,
        "Net Income": -29491000.0,
        "Net Income Including Noncontrolling Interests": -29491000.0,
        "Net Income Continuous Operations": -29491000.0,
        "Pretax Income": -29491000.0,
        "Net Non Operating Interest Income Expense": 73000.0,
        "Interest Expense Non Operating": 154000.0,
        "Interest Income Non Operating": 227000.0,
        "Operating Income": -29564000.0,
        "Operating Expense": 29820000.0,
        "Research And Development": 21712000.0,
        "Selling General And Administration": 8108000.0,
        "General And Administrative Expense": 8108000.0,
        "Other Gand A": 8108000.0,
        "Salaries And Wages": NaN,
        "Total Revenue": 256000.0,
        "Operating Revenue": 256000.0
    },
    "2022-03-31": {
        "Diluted EPS": -0.98,
        "Total Revenue": 0,
        "Gross Profit": 0,
        "Operating Income": -26,
        "EBIT": -26,
        "Net Income": -26
    },
    "2021-12-31": {
        "Diluted EPS": -0.29,
        "Total Revenue": 0,
        "Gross Profit": 0,
        "Operating Income": -29,
        "EBIT": -29,
        "Net Income": -29
    },
    "2021-09-30": {
        "Diluted EPS": -1.25,
        "Total Revenue": 0,
        "Gross Profit": 0,
        "Operating Income": -14,
        "EBIT": -14,
        "Net Income": -14
    },
    "2021-06-30": {
        "Diluted EPS": -2.21,
        "Total Revenue": 1,
        "Gross Profit": 1,
        "Operating Income": -18,
        "EBIT": -18,
        "Net Income": -18
    },
    "2021-03-31": {
        "Diluted EPS": -2.91,
        "Total Revenue": 1,
        "Gross Profit": 1,
        "Operating Income": -19,
        "EBIT": -18,
        "Net Income": -18
    },
    "2020-12-31": {
        "Diluted EPS": -25.18,
        "Total Revenue": 0,
        "Gross Profit": 0,
        "Operating Income": -91,
        "EBIT": -90,
        "Net Income": -91
    },
    "2020-09-30": {
        "Diluted EPS": -1.48,
        "Total Revenue": NaN,
        "Gross Profit": NaN,
        "Operating Income": -5,
        "EBIT": -5,
        "Net Income": -5
    },
    "2020-06-30": {
        "Diluted EPS": -1.82,
        "Total Revenue": 0,
        "Gross Profit": 0,
        "Operating Income": -6,
        "EBIT": -6,
        "Net Income": -6
    },
    "2020-03-31": {
        "Diluted EPS": -2.65,
        "Total Revenue": 1,
        "Gross Profit": 1,
        "Operating Income": -8,
        "EBIT": -8,
        "Net Income": -8
    },
    "2019-12-31": {
        "Diluted EPS": -4.6,
        "Total Revenue": 1,
        "Gross Profit": 1,
        "Operating Income": -10,
        "EBIT": -10,
        "Net Income": -10
    },
    "2019-09-30": {
        "Diluted EPS": -5.4,
        "Total Revenue": 1,
        "Gross Profit": 1,
        "Operating Income": -11,
        "EBIT": -12,
        "Net Income": -11
    },
    "2019-06-30": {
        "Diluted EPS": -4.35,
        "Total Revenue": 3,
        "Gross Profit": 3,
        "Operating Income": -9,
        "EBIT": -9,
        "Net Income": -9
    },
    "2019-03-31": {
        "Diluted EPS": -5.7,
        "Total Revenue": 0,
        "Gross Profit": 0,
        "Operating Income": -12,
        "EBIT": -12,
        "Net Income": -12
    },
    "2018-12-31": {
        "Diluted EPS": -5.1,
        "Total Revenue": 0,
        "Gross Profit": 0,
        "Operating Income": -10,
        "EBIT": -11,
        "Net Income": -10
    },
    "2018-09-30": {
        "Diluted EPS": -4.35,
        "Total Revenue": 1,
        "Gross Profit": 1,
        "Operating Income": -9,
        "EBIT": -9,
        "Net Income": -9
    },
    "2018-06-30": {
        "Diluted EPS": -4.35,
        "Total Revenue": 2,
        "Gross Profit": 2,
        "Operating Income": -9,
        "EBIT": -9,
        "Net Income": -9
    },
    "2018-03-31": {
        "Diluted EPS": -2.7,
        "Total Revenue": 5,
        "Gross Profit": 5,
        "Operating Income": -5,
        "EBIT": -5,
        "Net Income": -5
    },
    "2017-12-31": {
        "Diluted EPS": -2.55,
        "Total Revenue": 1,
        "Gross Profit": 1,
        "Operating Income": -6,
        "EBIT": -6,
        "Net Income": -6
    },
    "2017-09-30": {
        "Diluted EPS": -4.05,
        "Total Revenue": 2,
        "Gross Profit": 2,
        "Operating Income": -6,
        "EBIT": -6,
        "Net Income": -6
    },
    "2017-06-30": {
        "Diluted EPS": -5.1,
        "Total Revenue": 1,
        "Gross Profit": 1,
        "Operating Income": -7,
        "EBIT": -7,
        "Net Income": -7
    },
    "2017-03-31": {
        "Diluted EPS": -9.0,
        "Total Revenue": 0,
        "Gross Profit": 0,
        "Operating Income": -7,
        "EBIT": -7,
        "Net Income": -7
    },
    "2016-12-31": {
        "Diluted EPS": -147.38,
        "Total Revenue": 1,
        "Gross Profit": 1,
        "Operating Income": -6,
        "EBIT": -6,
        "Net Income": -6
    },
    "2016-09-30": {
        "Diluted EPS": -103.75,
        "Total Revenue": 1,
        "Gross Profit": 1,
        "Operating Income": -4,
        "EBIT": -4,
        "Net Income": -4
    },
    "2016-06-30": {
        "Diluted EPS": -88.16,
        "Total Revenue": 1,
        "Gross Profit": 1,
        "Operating Income": -3,
        "EBIT": -3,
        "Net Income": -4
    },
    "2016-03-31": {
        "Diluted EPS": -83.66,
        "Total Revenue": 1,
        "Gross Profit": 1,
        "Operating Income": -4,
        "EBIT": -3,
        "Net Income": -4
    },
    "2015-12-31": {
        "Diluted EPS": -52.16,
        "Total Revenue": 1,
        "Gross Profit": 0,
        "Operating Income": -3,
        "EBIT": -3,
        "Net Income": -3
    },
    "2015-09-30": {
        "Diluted EPS": -87.66,
        "Total Revenue": 1,
        "Gross Profit": 0,
        "Operating Income": -3,
        "EBIT": -3,
        "Net Income": -3
    },
    "2015-06-30": {
        "Diluted EPS": -74.18,
        "Total Revenue": 1,
        "Gross Profit": 0,
        "Operating Income": -2,
        "EBIT": -2,
        "Net Income": -3
    },
    "2015-03-31": {
        "Diluted EPS": -101.15,
        "Total Revenue": 1,
        "Gross Profit": 0,
        "Operating Income": -3,
        "EBIT": -3,
        "Net Income": -3
    },
    "2014-12-31": {
        "Diluted EPS": NaN,
        "Total Revenue": 1,
        "Gross Profit": 0,
        "Operating Income": -2,
        "EBIT": -2,
        "Net Income": -2
    },
    "2014-09-30": {
        "Diluted EPS": -89.91,
        "Total Revenue": 1,
        "Gross Profit": 0,
        "Operating Income": -2,
        "EBIT": -2,
        "Net Income": -2
    },
    "2014-06-30": {
        "Diluted EPS": NaN,
        "Total Revenue": 1,
        "Gross Profit": 0,
        "Operating Income": -3,
        "EBIT": -3,
        "Net Income": -3
    },
    "2014-03-31": {
        "Diluted EPS": -793.46,
        "Total Revenue": 1,
        "Gross Profit": 0,
        "Operating Income": 0,
        "EBIT": 0,
        "Net Income": -1
    },
    "2013-12-31": {
        "Diluted EPS": NaN,
        "Total Revenue": 1,
        "Gross Profit": 0,
        "Operating Income": 0,
        "EBIT": 0,
        "Net Income": 0
    },
    "2013-09-30": {
        "Diluted EPS": -78.67,
        "Total Revenue": 1,
        "Gross Profit": 0,
        "Operating Income": 0,
        "EBIT": 0,
        "Net Income": -1
    },
    "2013-06-30": {
        "Diluted EPS": -53.95,
        "Total Revenue": 1,
        "Gross Profit": 1,
        "Operating Income": 0,
        "EBIT": 0,
        "Net Income": -1
    },
    "2013-03-31": {
        "Diluted EPS": NaN,
        "Total Revenue": 1,
        "Gross Profit": 0,
        "Operating Income": 0,
        "EBIT": 0,
        "Net Income": -1
    },
    "2023-06-30": {
        "Tax Effect Of Unusual Items": NaN,
        "Tax Rate For Calcs": NaN,
        "Normalized EBITDA": NaN,
        "Net Income From Continuing Operation Net Minority Interest": NaN,
        "Reconciled Depreciation": NaN,
        "EBITDA": NaN,
        "EBIT": NaN,
        "Net Interest Income": NaN,
        "Interest Expense": NaN,
        "Interest Income": NaN,
        "Normalized Income": NaN,
        "Net Income From Continuing And Discontinued Operation": NaN,
        "Total Expenses": NaN,
        "Total Operating Income As Reported": NaN,
        "Diluted Average Shares": NaN,
        "Basic Average Shares": NaN,
        "Diluted EPS": NaN,
        "Basic EPS": NaN,
        "Diluted NI Availto Com Stockholders": NaN,
        "Net Income Common Stockholders": NaN,
        "Net Income": NaN,
        "Net Income Including Noncontrolling Interests": NaN,
        "Net Income Continuous Operations": NaN,
        "Pretax Income": NaN,
        "Net Non Operating Interest Income Expense": NaN,
        "Interest Expense Non Operating": NaN,
        "Interest Income Non Operating": NaN,
        "Operating Income": NaN,
        "Operating Expense": NaN,
        "Research And Development": NaN,
        "Selling General And Administration": NaN,
        "General And Administrative Expense": NaN,
        "Other Gand A": NaN,
        "Salaries And Wages": 8197000.0,
        "Total Revenue": NaN,
        "Operating Revenue": NaN
    },
    "2023-09-30": {
        "Tax Effect Of Unusual Items": 0.0,
        "Tax Rate For Calcs": 0.0,
        "Normalized EBITDA": -46925000.0,
        "Net Income From Continuing Operation Net Minority Interest": -47660000.0,
        "Reconciled Depreciation": 135000.0,
        "EBITDA": -46925000.0,
        "EBIT": -47060000.0,
        "Net Interest Income": 3564000.0,
        "Interest Expense": 600000.0,
        "Interest Income": 4164000.0,
        "Normalized Income": -47660000.0,
        "Net Income From Continuing And Discontinued Operation": -47660000.0,
        "Total Expenses": 51296000.0,
        "Total Operating Income As Reported": -51224000.0,
        "Diluted Average Shares": 43654577.0,
        "Basic Average Shares": 43654577.0,
        "Diluted EPS": -1.09,
        "Basic EPS": -1.09,
        "Diluted NI Availto Com Stockholders": -47660000.0,
        "Net Income Common Stockholders": -47660000.0,
        "Net Income": -47660000.0,
        "Net Income Including Noncontrolling Interests": -47660000.0,
        "Net Income Continuous Operations": -47660000.0,
        "Pretax Income": -47660000.0,
        "Net Non Operating Interest Income Expense": 3564000.0,
        "Interest Expense Non Operating": 600000.0,
        "Interest Income Non Operating": 4164000.0,
        "Operating Income": -51224000.0,
        "Operating Expense": 51296000.0,
        "Research And Development": 30385000.0,
        "Selling General And Administration": 20911000.0,
        "General And Administrative Expense": 20911000.0,
        "Other Gand A": 20911000.0,
        "Salaries And Wages": NaN,
        "Total Revenue": 72000.0,
        "Operating Revenue": 72000.0
    },
    "2023-12-31": {
        "Tax Effect Of Unusual Items": 0.0,
        "Tax Rate For Calcs": 0.0,
        "Normalized EBITDA": -65794000.0,
        "Net Income From Continuing Operation Net Minority Interest": -66860000.0,
        "Reconciled Depreciation": 150000.0,
        "EBITDA": -65794000.0,
        "EBIT": -65944000.0,
        "Net Interest Income": 4618000.0,
        "Interest Expense": 916000.0,
        "Interest Income": 5534000.0,
        "Normalized Income": -66860000.0,
        "Net Income From Continuing And Discontinued Operation": -66860000.0,
        "Total Expenses": 71550000.0,
        "Total Operating Income As Reported": -71478000.0,
        "Diluted Average Shares": 49681803.0,
        "Basic Average Shares": 49681803.0,
        "Diluted EPS": -1.35,
        "Basic EPS": -1.35,
        "Diluted NI Availto Com Stockholders": -66860000.0,
        "Net Income Common Stockholders": -66860000.0,
        "Net Income": -66860000.0,
        "Net Income Including Noncontrolling Interests": -66860000.0,
        "Net Income Continuous Operations": -66860000.0,
        "Pretax Income": -66860000.0,
        "Net Non Operating Interest Income Expense": 4618000.0,
        "Interest Expense Non Operating": 916000.0,
        "Interest Income Non Operating": 5534000.0,
        "Operating Income": -71478000.0,
        "Operating Expense": 71550000.0,
        "Research And Development": 38557000.0,
        "Selling General And Administration": 32993000.0,
        "General And Administrative Expense": 32993000.0,
        "Other Gand A": 32993000.0,
        "Salaries And Wages": NaN,
        "Total Revenue": 72000.0,
        "Operating Revenue": 72000.0
    },
    "2024-03-31": {
        "Tax Effect Of Unusual Items": 0.0,
        "Tax Rate For Calcs": 0.0,
        "Normalized EBITDA": -47810000.0,
        "Net Income From Continuing Operation Net Minority Interest": -48542000.0,
        "Reconciled Depreciation": 145000.0,
        "EBITDA": -47810000.0,
        "EBIT": -47955000.0,
        "Net Interest Income": 7355000.0,
        "Interest Expense": 587000.0,
        "Interest Income": 7942000.0,
        "Normalized Income": -48542000.0,
        "Net Income From Continuing And Discontinued Operation": -48542000.0,
        "Total Expenses": 55969000.0,
        "Total Operating Income As Reported": -55897000.0,
        "Diluted Average Shares": 61099038.0,
        "Basic Average Shares": 61099038.0,
        "Diluted EPS": -0.79,
        "Basic EPS": -0.79,
        "Diluted NI Availto Com Stockholders": -48542000.0,
        "Net Income Common Stockholders": -48542000.0,
        "Net Income": -48542000.0,
        "Net Income Including Noncontrolling Interests": -48542000.0,
        "Net Income Continuous Operations": -48542000.0,
        "Pretax Income": -48542000.0,
        "Net Non Operating Interest Income Expense": 7355000.0,
        "Interest Expense Non Operating": 587000.0,
        "Interest Income Non Operating": 7942000.0,
        "Operating Income": -55897000.0,
        "Operating Expense": 55969000.0,
        "Research And Development": 40944000.0,
        "Selling General And Administration": 15025000.0,
        "General And Administrative Expense": 15025000.0,
        "Other Gand A": 15025000.0,
        "Salaries And Wages": NaN,
        "Total Revenue": 72000.0,
        "Operating Revenue": 72000.0
    },
    "2024-06-30": {
        "Tax Effect Of Unusual Items": 0.0,
        "Tax Rate For Calcs": 0.0,
        "Normalized EBITDA": -64254000.0,
        "Net Income From Continuing Operation Net Minority Interest": -64993000.0,
        "Reconciled Depreciation": 142000.0,
        "EBITDA": -64254000.0,
        "EBIT": -64396000.0,
        "Net Interest Income": 7194000.0,
        "Interest Expense": 597000.0,
        "Interest Income": 7791000.0,
        "Normalized Income": -64993000.0,
        "Net Income From Continuing And Discontinued Operation": -64993000.0,
        "Total Expenses": 72259000.0,
        "Total Operating Income As Reported": -72187000.0,
        "Diluted Average Shares": 63854514.0,
        "Basic Average Shares": 63854514.0,
        "Diluted EPS": -1.02,
        "Basic EPS": -1.02,
        "Diluted NI Availto Com Stockholders": -64993000.0,
        "Net Income Common Stockholders": -64993000.0,
        "Net Income": -64993000.0,
        "Net Income Including Noncontrolling Interests": -64993000.0,
        "Net Income Continuous Operations": -64993000.0,
        "Pretax Income": -64993000.0,
        "Net Non Operating Interest Income Expense": 7194000.0,
        "Interest Expense Non Operating": 597000.0,
        "Interest Income Non Operating": 7791000.0,
        "Operating Income": -72187000.0,
        "Operating Expense": 72259000.0,
        "Research And Development": 56193000.0,
        "Selling General And Administration": 16066000.0,
        "General And Administrative Expense": 16066000.0,
        "Other Gand A": 16066000.0,
        "Salaries And Wages": NaN,
        "Total Revenue": 72000.0,
        "Operating Revenue": 72000.0
    },
    "2024-09-30": {
        "Tax Effect Of Unusual Items": 0.0,
        "Tax Rate For Calcs": 0.0,
        "Normalized EBITDA": -75555000.0,
        "Net Income From Continuing Operation Net Minority Interest": -76689000.0,
        "Reconciled Depreciation": 130000.0,
        "EBITDA": -75555000.0,
        "EBIT": -75685000.0,
        "Net Interest Income": 6791000.0,
        "Interest Expense": 1004000.0,
        "Interest Income": 7795000.0,
        "Normalized Income": -76689000.0,
        "Net Income From Continuing And Discontinued Operation": -76689000.0,
        "Total Expenses": 83566000.0,
        "Total Operating Income As Reported": -83480000.0,
        "Diluted Average Shares": 66420063.0,
        "Basic Average Shares": 66420063.0,
        "Diluted EPS": -1.15,
        "Basic EPS": -1.15,
        "Diluted NI Availto Com Stockholders": -76689000.0,
        "Net Income Common Stockholders": -76689000.0,
        "Net Income": -76689000.0,
        "Net Income Including Noncontrolling Interests": -76689000.0,
        "Net Income Continuous Operations": -76689000.0,
        "Pretax Income": -76689000.0,
        "Net Non Operating Interest Income Expense": 6791000.0,
        "Interest Expense Non Operating": 1004000.0,
        "Interest Income Non Operating": 7795000.0,
        "Operating Income": -83480000.0,
        "Operating Expense": 83566000.0,
        "Research And Development": 69158000.0,
        "Selling General And Administration": 14408000.0,
        "General And Administrative Expense": 14408000.0,
        "Other Gand A": 14408000.0,
        "Salaries And Wages": NaN,
        "Total Revenue": 86000.0,
        "Operating Revenue": 86000.0
    }
}