{
    "2023-03-31": {
        "Tax Effect Of Unusual Items": NaN,
        "Tax Rate For Calcs": NaN,
        "Normalized EBITDA": NaN,
        "Total Unusual Items": NaN,
        "Total Unusual Items Excluding Goodwill": NaN,
        "Net Income From Continuing Operation Net Minority Interest": NaN,
        "Reconciled Depreciation": NaN,
        "Reconciled Cost Of Revenue": NaN,
        "EBITDA": NaN,
        "EBIT": NaN,
        "Net Interest Income": NaN,
        "Interest Expense": NaN,
        "Interest Income": NaN,
        "Normalized Income": NaN,
        "Net Income From Continuing And Discontinued Operation": NaN,
        "Total Expenses": NaN,
        "Total Operating Income As Reported": NaN,
        "Diluted Average Shares": 77681375.0,
        "Basic Average Shares": 77681375.0,
        "Diluted EPS": -0.24,
        "Basic EPS": -0.24,
        "Diluted NI Availto Com Stockholders": NaN,
        "Net Income Common Stockholders": NaN,
        "Net Income": NaN,
        "Net Income Including Noncontrolling Interests": NaN,
        "Net Income Continuous Operations": NaN,
        "Tax Provision": NaN,
        "Pretax Income": NaN,
        "Other Income Expense": NaN,
        "Special Income Charges": NaN,
        "Other Special Charges": NaN,
        "Gain On Sale Of Security": NaN,
        "Net Non Operating Interest Income Expense": NaN,
        "Interest Expense Non Operating": NaN,
        "Interest Income Non Operating": NaN,
        "Operating Income": NaN,
        "Operating Expense": NaN,
        "Other Taxes": NaN,
        "Research And Development": NaN,
        "Selling General And Administration": NaN,
        "Gross Profit": NaN,
        "Cost Of Revenue": NaN,
        "Total Revenue": NaN,
        "Operating Revenue": NaN
    },
    "2022-12-31": {
        "Tax Effect Of Unusual Items": NaN,
        "Tax Rate For Calcs": NaN,
        "Normalized EBITDA": NaN,
        "Total Unusual Items": NaN,
        "Total Unusual Items Excluding Goodwill": NaN,
        "Net Income From Continuing Operation Net Minority Interest": NaN,
        "Reconciled Depreciation": NaN,
        "Reconciled Cost Of Revenue": 346000.0,
        "EBITDA": NaN,
        "EBIT": NaN,
        "Net Interest Income": NaN,
        "Interest Expense": NaN,
        "Interest Income": NaN,
        "Normalized Income": NaN,
        "Net Income From Continuing And Discontinued Operation": NaN,
        "Total Expenses": NaN,
        "Total Operating Income As Reported": NaN,
        "Diluted Average Shares": NaN,
        "Basic Average Shares": NaN,
        "Diluted EPS": NaN,
        "Basic EPS": NaN,
        "Diluted NI Availto Com Stockholders": NaN,
        "Net Income Common Stockholders": NaN,
        "Net Income": NaN,
        "Net Income Including Noncontrolling Interests": NaN,
        "Net Income Continuous Operations": NaN,
        "Tax Provision": NaN,
        "Pretax Income": NaN,
        "Other Income Expense": NaN,
        "Special Income Charges": NaN,
        "Other Special Charges": NaN,
        "Gain On Sale Of Security": NaN,
        "Net Non Operating Interest Income Expense": NaN,
        "Interest Expense Non Operating": NaN,
        "Interest Income Non Operating": NaN,
        "Operating Income": NaN,
        "Operating Expense": NaN,
        "Other Taxes": NaN,
        "Research And Development": NaN,
        "Selling General And Administration": NaN,
        "Gross Profit": 112000.0,
        "Cost Of Revenue": 346000.0,
        "Total Revenue": NaN,
        "Operating Revenue": NaN
    },
    "2022-09-30": {
        "Tax Effect Of Unusual Items": NaN,
        "Tax Rate For Calcs": NaN,
        "Normalized EBITDA": NaN,
        "Total Unusual Items": NaN,
        "Total Unusual Items Excluding Goodwill": NaN,
        "Net Income From Continuing Operation Net Minority Interest": NaN,
        "Reconciled Depreciation": NaN,
        "Reconciled Cost Of Revenue": 0.0,
        "EBITDA": NaN,
        "EBIT": NaN,
        "Net Interest Income": NaN,
        "Interest Expense": NaN,
        "Interest Income": NaN,
        "Normalized Income": NaN,
        "Net Income From Continuing And Discontinued Operation": NaN,
        "Total Expenses": NaN,
        "Total Operating Income As Reported": NaN,
        "Diluted Average Shares": 68016767.0,
        "Basic Average Shares": 68016767.0,
        "Diluted EPS": -0.24,
        "Basic EPS": -0.24,
        "Diluted NI Availto Com Stockholders": NaN,
        "Net Income Common Stockholders": NaN,
        "Net Income": NaN,
        "Net Income Including Noncontrolling Interests": NaN,
        "Net Income Continuous Operations": NaN,
        "Tax Provision": NaN,
        "Pretax Income": NaN,
        "Other Income Expense": NaN,
        "Gain On Sale Of Security": NaN,
        "Net Non Operating Interest Income Expense": NaN,
        "Interest Expense Non Operating": NaN,
        "Interest Income Non Operating": NaN,
        "Operating Income": NaN,
        "Operating Expense": NaN,
        "Other Taxes": NaN,
        "Research And Development": NaN,
        "Selling General And Administration": NaN,
        "Gross Profit": 0.0,
        "Cost Of Revenue": 0.0,
        "Total Revenue": NaN,
        "Operating Revenue": NaN
    },
    "2022-06-30": {
        "Tax Effect Of Unusual Items": -1064800.0,
        "Tax Rate For Calcs": 0.4,
        "Normalized EBITDA": -14769000.0,
        "Total Unusual Items": -2662000.0,
        "Total Unusual Items Excluding Goodwill": -2662000.0,
        "Net Income From Continuing Operation Net Minority Interest": -17766000.0,
        "Reconciled Depreciation": 165000.0,
        "Reconciled Cost Of Revenue": NaN,
        "EBITDA": -17431000.0,
        "EBIT": -17596000.0,
        "Net Interest Income": 74000.0,
        "Interest Expense": 91000.0,
        "Interest Income": 165000.0,
        "Normalized Income": -16168800.0,
        "Net Income From Continuing And Discontinued Operation": -17766000.0,
        "Total Expenses": 15099000.0,
        "Total Operating Income As Reported": -20508000.0,
        "Diluted Average Shares": 60597230.0,
        "Basic Average Shares": 60597230.0,
        "Diluted EPS": -0.32,
        "Basic EPS": -0.32,
        "Diluted NI Availto Com Stockholders": -17766000.0,
        "Net Income Common Stockholders": -17766000.0,
        "Net Income": -17766000.0,
        "Net Income Including Noncontrolling Interests": -17766000.0,
        "Net Income Continuous Operations": -17766000.0,
        "Tax Provision": 79000.0,
        "Pretax Income": -17687000.0,
        "Other Income Expense": -2662000.0,
        "Gain On Sale Of Security": -2662000.0,
        "Net Non Operating Interest Income Expense": 74000.0,
        "Interest Expense Non Operating": 91000.0,
        "Interest Income Non Operating": 165000.0,
        "Operating Income": -15099000.0,
        "Operating Expense": 15099000.0,
        "Other Taxes": -5409000.0,
        "Research And Development": 14982000.0,
        "Selling General And Administration": 5526000.0,
        "Gross Profit": NaN,
        "Cost Of Revenue": NaN,
        "Total Revenue": 0.0,
        "Operating Revenue": 0.0
    },
    "2022-03-31": {
        "Diluted EPS": -0.4,
        "Total Revenue": NaN,
        "Gross Profit": NaN,
        "Operating Income": -25,
        "EBIT": -25,
        "Net Income": -25
    },
    "2021-12-31": {
        "Diluted EPS": -0.3,
        "Total Revenue": NaN,
        "Gross Profit": NaN,
        "Operating Income": -28,
        "EBIT": -28,
        "Net Income": -23
    },
    "2021-09-30": {
        "Diluted EPS": 0.16,
        "Total Revenue": 40,
        "Gross Profit": 40,
        "Operating Income": 7,
        "EBIT": 7,
        "Net Income": 11
    },
    "2021-06-30": {
        "Diluted EPS": -0.4,
        "Total Revenue": NaN,
        "Gross Profit": NaN,
        "Operating Income": -29,
        "EBIT": -28,
        "Net Income": -22
    },
    "2021-03-31": {
        "Diluted EPS": -0.4,
        "Total Revenue": NaN,
        "Gross Profit": NaN,
        "Operating Income": -23,
        "EBIT": -23,
        "Net Income": -21
    },
    "2020-12-31": {
        "Diluted EPS": 0.02,
        "Total Revenue": NaN,
        "Gross Profit": NaN,
        "Operating Income": -28,
        "EBIT": -28,
        "Net Income": -25
    },
    "2020-09-30": {
        "Diluted EPS": -0.44,
        "Total Revenue": NaN,
        "Gross Profit": NaN,
        "Operating Income": -21,
        "EBIT": -21,
        "Net Income": -19
    },
    "2020-06-30": {
        "Diluted EPS": -0.64,
        "Total Revenue": NaN,
        "Gross Profit": NaN,
        "Operating Income": -11,
        "EBIT": -11,
        "Net Income": -9
    },
    "2020-03-31": {
        "Diluted EPS": -0.94,
        "Total Revenue": NaN,
        "Gross Profit": NaN,
        "Operating Income": -14,
        "EBIT": -14,
        "Net Income": -12
    },
    "2019-12-31": {
        "Diluted EPS": -0.77,
        "Total Revenue": NaN,
        "Gross Profit": NaN,
        "Operating Income": -10,
        "EBIT": -10,
        "Net Income": -10
    },
    "2019-09-30": {
        "Diluted EPS": -0.94,
        "Total Revenue": NaN,
        "Gross Profit": NaN,
        "Operating Income": -17,
        "EBIT": -17,
        "Net Income": -12
    },
    "2019-06-30": {
        "Diluted EPS": -0.88,
        "Total Revenue": NaN,
        "Gross Profit": NaN,
        "Operating Income": -15,
        "EBIT": -15,
        "Net Income": -12
    },
    "2019-03-31": {
        "Diluted EPS": -0.53,
        "Total Revenue": NaN,
        "Gross Profit": NaN,
        "Operating Income": -10,
        "EBIT": -10,
        "Net Income": -7
    },
    "2018-12-31": {
        "Diluted EPS": -0.25,
        "Total Revenue": NaN,
        "Gross Profit": NaN,
        "Operating Income": -9,
        "EBIT": -9,
        "Net Income": -3
    },
    "2018-09-30": {
        "Diluted EPS": -0.23,
        "Total Revenue": NaN,
        "Gross Profit": NaN,
        "Operating Income": -9,
        "EBIT": -9,
        "Net Income": -3
    },
    "2018-06-30": {
        "Diluted EPS": 0.06,
        "Total Revenue": NaN,
        "Gross Profit": NaN,
        "Operating Income": -8,
        "EBIT": -8,
        "Net Income": 1
    },
    "2018-03-31": {
        "Diluted EPS": -1.6,
        "Total Revenue": NaN,
        "Gross Profit": NaN,
        "Operating Income": -8,
        "EBIT": -8,
        "Net Income": -21
    },
    "2017-09-30": {
        "Diluted EPS": -0.88,
        "Total Revenue": NaN,
        "Gross Profit": NaN,
        "Operating Income": -11,
        "EBIT": -11,
        "Net Income": -12
    },
    "2017-06-30": {
        "Diluted EPS": -0.4,
        "Total Revenue": NaN,
        "Gross Profit": NaN,
        "Operating Income": -9,
        "EBIT": -9,
        "Net Income": -4
    },
    "2016-12-31": {
        "Diluted EPS": 0.0,
        "Total Revenue": NaN,
        "Gross Profit": NaN,
        "Operating Income": NaN,
        "EBIT": NaN,
        "Net Income": NaN
    },
    "2016-06-30": {
        "Diluted EPS": -0.46,
        "Total Revenue": NaN,
        "Gross Profit": NaN,
        "Operating Income": NaN,
        "EBIT": NaN,
        "Net Income": -1
    },
    "2023-06-30": {
        "Tax Effect Of Unusual Items": 140600.0,
        "Tax Rate For Calcs": 0.19,
        "Normalized EBITDA": -8340000.0,
        "Total Unusual Items": 740000.0,
        "Total Unusual Items Excluding Goodwill": 740000.0,
        "Net Income From Continuing Operation Net Minority Interest": -8807000.0,
        "Reconciled Depreciation": 157000.0,
        "Reconciled Cost Of Revenue": NaN,
        "EBITDA": -7600000.0,
        "EBIT": -7757000.0,
        "Net Interest Income": 2662000.0,
        "Interest Expense": 740000.0,
        "Interest Income": 3402000.0,
        "Normalized Income": -9406400.0,
        "Net Income From Continuing And Discontinued Operation": -8807000.0,
        "Total Expenses": 11899000.0,
        "Total Operating Income As Reported": -9965000.0,
        "Diluted Average Shares": 79308625.0,
        "Basic Average Shares": 79308625.0,
        "Diluted EPS": -0.08,
        "Basic EPS": -0.08,
        "Diluted NI Availto Com Stockholders": -8807000.0,
        "Net Income Common Stockholders": -8807000.0,
        "Net Income": -8807000.0,
        "Net Income Including Noncontrolling Interests": -8807000.0,
        "Net Income Continuous Operations": -8807000.0,
        "Tax Provision": 310000.0,
        "Pretax Income": -8497000.0,
        "Other Income Expense": 740000.0,
        "Special Income Charges": 0.0,
        "Other Special Charges": NaN,
        "Gain On Sale Of Security": 740000.0,
        "Net Non Operating Interest Income Expense": 2662000.0,
        "Interest Expense Non Operating": 740000.0,
        "Interest Income Non Operating": 3402000.0,
        "Operating Income": -11899000.0,
        "Operating Expense": 11899000.0,
        "Other Taxes": 1934000.0,
        "Research And Development": -2474000.0,
        "Selling General And Administration": 12439000.0,
        "Gross Profit": NaN,
        "Cost Of Revenue": NaN,
        "Total Revenue": 0.0,
        "Operating Revenue": 0.0
    },
    "2023-09-30": {
        "Tax Effect Of Unusual Items": -192280.0,
        "Tax Rate For Calcs": 0.19,
        "Normalized EBITDA": -13075000.0,
        "Total Unusual Items": -1012000.0,
        "Total Unusual Items Excluding Goodwill": -1012000.0,
        "Net Income From Continuing Operation Net Minority Interest": -14687000.0,
        "Reconciled Depreciation": 155000.0,
        "Reconciled Cost Of Revenue": NaN,
        "EBITDA": -14087000.0,
        "EBIT": -14242000.0,
        "Net Interest Income": 2989000.0,
        "Interest Expense": 401000.0,
        "Interest Income": 3390000.0,
        "Normalized Income": -13867280.0,
        "Net Income From Continuing And Discontinued Operation": -14687000.0,
        "Total Expenses": 16620000.0,
        "Total Operating Income As Reported": -16311000.0,
        "Diluted Average Shares": 79779844.0,
        "Basic Average Shares": 79779844.0,
        "Diluted EPS": -0.16,
        "Basic EPS": -0.16,
        "Diluted NI Availto Com Stockholders": -14687000.0,
        "Net Income Common Stockholders": -14687000.0,
        "Net Income": -14687000.0,
        "Net Income Including Noncontrolling Interests": -14687000.0,
        "Net Income Continuous Operations": -14687000.0,
        "Tax Provision": 44000.0,
        "Pretax Income": -14643000.0,
        "Other Income Expense": -1012000.0,
        "Special Income Charges": NaN,
        "Other Special Charges": NaN,
        "Gain On Sale Of Security": -1012000.0,
        "Net Non Operating Interest Income Expense": 2989000.0,
        "Interest Expense Non Operating": 401000.0,
        "Interest Income Non Operating": 3390000.0,
        "Operating Income": -16620000.0,
        "Operating Expense": 16620000.0,
        "Other Taxes": 309000.0,
        "Research And Development": 2958000.0,
        "Selling General And Administration": 13353000.0,
        "Gross Profit": NaN,
        "Cost Of Revenue": NaN,
        "Total Revenue": 0.0,
        "Operating Revenue": 0.0
    },
    "2023-12-31": {
        "Tax Effect Of Unusual Items": 4506.027494,
        "Tax Rate For Calcs": 0.003736,
        "Normalized EBITDA": -14560000.0,
        "Total Unusual Items": 1206000.0,
        "Total Unusual Items Excluding Goodwill": 1206000.0,
        "Net Income From Continuing Operation Net Minority Interest": -14132000.0,
        "Reconciled Depreciation": 208000.0,
        "Reconciled Cost Of Revenue": NaN,
        "EBITDA": -13354000.0,
        "EBIT": -13562000.0,
        "Net Interest Income": 2669000.0,
        "Interest Expense": 623000.0,
        "Interest Income": 3292000.0,
        "Normalized Income": -15333493.972506,
        "Net Income From Continuing And Discontinued Operation": -14132000.0,
        "Total Expenses": 18060000.0,
        "Total Operating Income As Reported": -19094000.0,
        "Diluted Average Shares": NaN,
        "Basic Average Shares": NaN,
        "Diluted EPS": NaN,
        "Basic EPS": NaN,
        "Diluted NI Availto Com Stockholders": -14132000.0,
        "Net Income Common Stockholders": -14132000.0,
        "Net Income": -14132000.0,
        "Net Income Including Noncontrolling Interests": -14132000.0,
        "Net Income Continuous Operations": -14132000.0,
        "Tax Provision": -53000.0,
        "Pretax Income": -14185000.0,
        "Other Income Expense": 1206000.0,
        "Special Income Charges": NaN,
        "Other Special Charges": NaN,
        "Gain On Sale Of Security": 1206000.0,
        "Net Non Operating Interest Income Expense": 2669000.0,
        "Interest Expense Non Operating": 623000.0,
        "Interest Income Non Operating": 3292000.0,
        "Operating Income": -18060000.0,
        "Operating Expense": 18060000.0,
        "Other Taxes": -1034000.0,
        "Research And Development": 4122000.0,
        "Selling General And Administration": 14972000.0,
        "Gross Profit": NaN,
        "Cost Of Revenue": NaN,
        "Total Revenue": 0.0,
        "Operating Revenue": 0.0
    },
    "2024-03-31": {
        "Tax Effect Of Unusual Items": -54750.0,
        "Tax Rate For Calcs": 0.25,
        "Normalized EBITDA": -22972000.0,
        "Total Unusual Items": -219000.0,
        "Total Unusual Items Excluding Goodwill": -219000.0,
        "Net Income From Continuing Operation Net Minority Interest": -25794000.0,
        "Reconciled Depreciation": 263000.0,
        "Reconciled Cost Of Revenue": NaN,
        "EBITDA": -23191000.0,
        "EBIT": -23454000.0,
        "Net Interest Income": 1792000.0,
        "Interest Expense": 1586000.0,
        "Interest Income": 3378000.0,
        "Normalized Income": -25629750.0,
        "Net Income From Continuing And Discontinued Operation": -25794000.0,
        "Total Expenses": 26613000.0,
        "Total Operating Income As Reported": -27198000.0,
        "Diluted Average Shares": 80712625.0,
        "Basic Average Shares": 80712625.0,
        "Diluted EPS": -0.32,
        "Basic EPS": -0.32,
        "Diluted NI Availto Com Stockholders": -25794000.0,
        "Net Income Common Stockholders": -25794000.0,
        "Net Income": -25794000.0,
        "Net Income Including Noncontrolling Interests": -25794000.0,
        "Net Income Continuous Operations": -25794000.0,
        "Tax Provision": 754000.0,
        "Pretax Income": -25040000.0,
        "Other Income Expense": -219000.0,
        "Special Income Charges": NaN,
        "Other Special Charges": NaN,
        "Gain On Sale Of Security": -219000.0,
        "Net Non Operating Interest Income Expense": 1792000.0,
        "Interest Expense Non Operating": 1586000.0,
        "Interest Income Non Operating": 3378000.0,
        "Operating Income": -26613000.0,
        "Operating Expense": 26613000.0,
        "Other Taxes": -585000.0,
        "Research And Development": 6764000.0,
        "Selling General And Administration": 20434000.0,
        "Gross Profit": NaN,
        "Cost Of Revenue": NaN,
        "Total Revenue": 0.0,
        "Operating Revenue": 0.0
    },
    "2024-06-30": {
        "Tax Effect Of Unusual Items": -907000.0,
        "Tax Rate For Calcs": 0.25,
        "Normalized EBITDA": -64166000.0,
        "Total Unusual Items": -3628000.0,
        "Total Unusual Items Excluding Goodwill": -3628000.0,
        "Net Income From Continuing Operation Net Minority Interest": -70835000.0,
        "Reconciled Depreciation": 270000.0,
        "Reconciled Cost Of Revenue": NaN,
        "EBITDA": -67794000.0,
        "EBIT": -68064000.0,
        "Net Interest Income": 1383000.0,
        "Interest Expense": 1757000.0,
        "Interest Income": 3140000.0,
        "Normalized Income": -68114000.0,
        "Net Income From Continuing And Discontinued Operation": -70835000.0,
        "Total Expenses": 67576000.0,
        "Total Operating Income As Reported": -68423000.0,
        "Diluted Average Shares": 81027125.0,
        "Basic Average Shares": 81027125.0,
        "Diluted EPS": -0.88,
        "Basic EPS": -0.88,
        "Diluted NI Availto Com Stockholders": -70835000.0,
        "Net Income Common Stockholders": -70835000.0,
        "Net Income": -70835000.0,
        "Net Income Including Noncontrolling Interests": -70835000.0,
        "Net Income Continuous Operations": -70835000.0,
        "Tax Provision": 1014000.0,
        "Pretax Income": -69821000.0,
        "Other Income Expense": -3628000.0,
        "Special Income Charges": -3653000.0,
        "Other Special Charges": 3653000.0,
        "Gain On Sale Of Security": 25000.0,
        "Net Non Operating Interest Income Expense": 1383000.0,
        "Interest Expense Non Operating": 1757000.0,
        "Interest Income Non Operating": 3140000.0,
        "Operating Income": -67576000.0,
        "Operating Expense": 67576000.0,
        "Other Taxes": -847000.0,
        "Research And Development": 19388000.0,
        "Selling General And Administration": 49035000.0,
        "Gross Profit": NaN,
        "Cost Of Revenue": NaN,
        "Total Revenue": 0.0,
        "Operating Revenue": 0.0
    }
}