{
    "2023-03-31": {
        "Tax Effect Of Unusual Items": NaN,
        "Tax Rate For Calcs": NaN,
        "Normalized EBITDA": NaN,
        "Total Unusual Items": 1250000.0,
        "Total Unusual Items Excluding Goodwill": 1250000.0,
        "Net Income From Continuing Operation Net Minority Interest": NaN,
        "EBITDA": NaN,
        "EBIT": NaN,
        "Net Interest Income": NaN,
        "Interest Expense": NaN,
        "Normalized Income": NaN,
        "Net Income From Continuing And Discontinued Operation": NaN,
        "Total Expenses": NaN,
        "Total Operating Income As Reported": NaN,
        "Diluted Average Shares": NaN,
        "Basic Average Shares": NaN,
        "Diluted EPS": NaN,
        "Basic EPS": NaN,
        "Diluted NI Availto Com Stockholders": NaN,
        "Net Income Common Stockholders": NaN,
        "Net Income": NaN,
        "Net Income Including Noncontrolling Interests": NaN,
        "Net Income Continuous Operations": NaN,
        "Tax Provision": 0.0,
        "Pretax Income": NaN,
        "Other Income Expense": NaN,
        "Other Non Operating Income Expenses": NaN,
        "Special Income Charges": 1250000.0,
        "Other Special Charges": -1250000.0,
        "Net Non Operating Interest Income Expense": NaN,
        "Interest Expense Non Operating": NaN,
        "Operating Income": NaN,
        "Operating Expense": NaN,
        "Research And Development": NaN,
        "Selling General And Administration": NaN,
        "General And Administrative Expense": NaN,
        "Other Gand A": NaN,
        "Salaries And Wages": 95942.0,
        "Total Revenue": NaN,
        "Operating Revenue": NaN
    },
    "2022-12-31": {
        "Tax Effect Of Unusual Items": NaN,
        "Tax Rate For Calcs": NaN,
        "Normalized EBITDA": NaN,
        "Total Unusual Items": NaN,
        "Total Unusual Items Excluding Goodwill": NaN,
        "Net Income From Continuing Operation Net Minority Interest": NaN,
        "EBITDA": NaN,
        "EBIT": NaN,
        "Net Interest Income": 0.0,
        "Interest Expense": 0.0,
        "Normalized Income": NaN,
        "Net Income From Continuing And Discontinued Operation": NaN,
        "Total Expenses": NaN,
        "Total Operating Income As Reported": NaN,
        "Diluted Average Shares": NaN,
        "Basic Average Shares": NaN,
        "Diluted EPS": NaN,
        "Basic EPS": NaN,
        "Diluted NI Availto Com Stockholders": NaN,
        "Net Income Common Stockholders": NaN,
        "Net Income": NaN,
        "Net Income Including Noncontrolling Interests": NaN,
        "Net Income Continuous Operations": NaN,
        "Tax Provision": NaN,
        "Pretax Income": NaN,
        "Other Income Expense": NaN,
        "Other Non Operating Income Expenses": NaN,
        "Special Income Charges": NaN,
        "Other Special Charges": NaN,
        "Net Non Operating Interest Income Expense": 0.0,
        "Interest Expense Non Operating": 0.0,
        "Operating Income": NaN,
        "Operating Expense": NaN,
        "Research And Development": NaN,
        "Selling General And Administration": NaN,
        "General And Administrative Expense": NaN,
        "Other Gand A": NaN,
        "Salaries And Wages": NaN,
        "Total Revenue": NaN,
        "Operating Revenue": NaN
    },
    "2022-09-30": {
        "Tax Effect Of Unusual Items": NaN,
        "Tax Rate For Calcs": NaN,
        "Normalized EBITDA": NaN,
        "Total Unusual Items": NaN,
        "Total Unusual Items Excluding Goodwill": NaN,
        "Net Income From Continuing Operation Net Minority Interest": NaN,
        "EBITDA": NaN,
        "EBIT": NaN,
        "Net Interest Income": 0.0,
        "Interest Expense": 0.0,
        "Normalized Income": NaN,
        "Net Income From Continuing And Discontinued Operation": NaN,
        "Total Expenses": NaN,
        "Total Operating Income As Reported": NaN,
        "Diluted Average Shares": 1171337.0,
        "Basic Average Shares": 1171337.0,
        "Diluted EPS": -6.5,
        "Basic EPS": -6.5,
        "Diluted NI Availto Com Stockholders": NaN,
        "Net Income Common Stockholders": NaN,
        "Net Income": NaN,
        "Net Income Including Noncontrolling Interests": NaN,
        "Net Income Continuous Operations": NaN,
        "Tax Provision": NaN,
        "Pretax Income": NaN,
        "Other Income Expense": NaN,
        "Other Non Operating Income Expenses": NaN,
        "Special Income Charges": NaN,
        "Other Special Charges": NaN,
        "Net Non Operating Interest Income Expense": 0.0,
        "Interest Expense Non Operating": 0.0,
        "Operating Income": NaN,
        "Operating Expense": NaN,
        "Research And Development": NaN,
        "Selling General And Administration": NaN,
        "General And Administrative Expense": NaN,
        "Other Gand A": NaN,
        "Salaries And Wages": NaN,
        "Total Revenue": NaN,
        "Operating Revenue": NaN
    },
    "2022-06-30": {
        "Tax Effect Of Unusual Items": 0.0,
        "Tax Rate For Calcs": 0.0,
        "Normalized EBITDA": -5884715.0,
        "Total Unusual Items": NaN,
        "Total Unusual Items Excluding Goodwill": NaN,
        "Net Income From Continuing Operation Net Minority Interest": -5884715.0,
        "EBITDA": -5884715.0,
        "EBIT": -5884715.0,
        "Net Interest Income": 0.0,
        "Interest Expense": 0.0,
        "Normalized Income": -5884715.0,
        "Net Income From Continuing And Discontinued Operation": -5884715.0,
        "Total Expenses": 5904089.0,
        "Total Operating Income As Reported": -5904089.0,
        "Diluted Average Shares": 11712753.0,
        "Basic Average Shares": 11712753.0,
        "Diluted EPS": -0.5,
        "Basic EPS": -0.5,
        "Diluted NI Availto Com Stockholders": -5884715.0,
        "Net Income Common Stockholders": -5884715.0,
        "Net Income": -5884715.0,
        "Net Income Including Noncontrolling Interests": -5884715.0,
        "Net Income Continuous Operations": -5884715.0,
        "Tax Provision": 0.0,
        "Pretax Income": -5884715.0,
        "Other Income Expense": 19374.0,
        "Other Non Operating Income Expenses": 19374.0,
        "Special Income Charges": NaN,
        "Other Special Charges": NaN,
        "Net Non Operating Interest Income Expense": 0.0,
        "Interest Expense Non Operating": 0.0,
        "Operating Income": -5904089.0,
        "Operating Expense": 5904089.0,
        "Research And Development": 3258471.0,
        "Selling General And Administration": 2645618.0,
        "General And Administrative Expense": 2645618.0,
        "Other Gand A": 2645618.0,
        "Salaries And Wages": NaN,
        "Total Revenue": 0.0,
        "Operating Revenue": 0.0
    },
    "2022-03-31": {
        "Diluted EPS": -0.44,
        "Total Revenue": NaN,
        "Gross Profit": NaN,
        "Operating Income": -5,
        "EBIT": -5,
        "Net Income": -5
    },
    "2021-12-31": {
        "Diluted EPS": -0.21,
        "Total Revenue": NaN,
        "Gross Profit": NaN,
        "Operating Income": -4,
        "EBIT": -4,
        "Net Income": -4
    },
    "2021-09-30": {
        "Diluted EPS": -0.53,
        "Total Revenue": NaN,
        "Gross Profit": NaN,
        "Operating Income": -3,
        "EBIT": -3,
        "Net Income": -3
    },
    "2021-06-30": {
        "Diluted EPS": -0.47,
        "Total Revenue": NaN,
        "Gross Profit": NaN,
        "Operating Income": -2,
        "EBIT": -2,
        "Net Income": -2
    },
    "2021-03-31": {
        "Diluted EPS": -0.6,
        "Total Revenue": NaN,
        "Gross Profit": NaN,
        "Operating Income": -2,
        "EBIT": -2,
        "Net Income": -2
    },
    "2020-12-31": {
        "Diluted EPS": -0.23,
        "Total Revenue": NaN,
        "Gross Profit": NaN,
        "Operating Income": -1,
        "EBIT": -1,
        "Net Income": -1
    },
    "2020-09-30": {
        "Diluted EPS": -0.54,
        "Total Revenue": NaN,
        "Gross Profit": NaN,
        "Operating Income": -2,
        "EBIT": -2,
        "Net Income": -2
    },
    "2020-06-30": {
        "Diluted EPS": -0.41,
        "Total Revenue": NaN,
        "Gross Profit": NaN,
        "Operating Income": -1,
        "EBIT": -1,
        "Net Income": -1
    },
    "2020-03-31": {
        "Diluted EPS": -0.22,
        "Total Revenue": NaN,
        "Gross Profit": NaN,
        "Operating Income": -1,
        "EBIT": -1,
        "Net Income": -1
    },
    "2019-12-31": {
        "Diluted EPS": 0.0,
        "Total Revenue": NaN,
        "Gross Profit": NaN,
        "Operating Income": NaN,
        "EBIT": NaN,
        "Net Income": NaN
    },
    "2023-06-30": {
        "Tax Effect Of Unusual Items": NaN,
        "Tax Rate For Calcs": NaN,
        "Normalized EBITDA": NaN,
        "Net Income From Continuing Operation Net Minority Interest": NaN,
        "EBITDA": NaN,
        "EBIT": NaN,
        "Net Interest Income": 0.0,
        "Interest Expense": 0.0,
        "Normalized Income": NaN,
        "Net Income From Continuing And Discontinued Operation": NaN,
        "Total Expenses": NaN,
        "Total Operating Income As Reported": NaN,
        "Diluted Average Shares": 1171233.0,
        "Basic Average Shares": 1171233.0,
        "Diluted EPS": -2.66,
        "Basic EPS": -2.66,
        "Diluted NI Availto Com Stockholders": NaN,
        "Net Income Common Stockholders": NaN,
        "Net Income": NaN,
        "Net Income Including Noncontrolling Interests": NaN,
        "Net Income Continuous Operations": NaN,
        "Tax Provision": 0.0,
        "Pretax Income": NaN,
        "Other Income Expense": NaN,
        "Other Non Operating Income Expenses": NaN,
        "Net Non Operating Interest Income Expense": 0.0,
        "Interest Expense Non Operating": 0.0,
        "Operating Income": NaN,
        "Operating Expense": NaN,
        "Research And Development": NaN,
        "Selling General And Administration": NaN,
        "General And Administrative Expense": NaN,
        "Other Gand A": NaN,
        "Total Revenue": NaN,
        "Operating Revenue": NaN
    },
    "2023-09-30": {
        "Tax Effect Of Unusual Items": 0.0,
        "Tax Rate For Calcs": 0.0,
        "Normalized EBITDA": -5994498.0,
        "Net Income From Continuing Operation Net Minority Interest": -5994498.0,
        "EBITDA": -5994498.0,
        "EBIT": -5994498.0,
        "Net Interest Income": 0.0,
        "Interest Expense": 0.0,
        "Normalized Income": -5994498.0,
        "Net Income From Continuing And Discontinued Operation": -5994498.0,
        "Total Expenses": 6115138.0,
        "Total Operating Income As Reported": -6115138.0,
        "Diluted Average Shares": 1171233.0,
        "Basic Average Shares": 1171233.0,
        "Diluted EPS": -5.12,
        "Basic EPS": -5.12,
        "Diluted NI Availto Com Stockholders": -5994498.0,
        "Net Income Common Stockholders": -5994498.0,
        "Net Income": -5994498.0,
        "Net Income Including Noncontrolling Interests": -5994498.0,
        "Net Income Continuous Operations": -5994498.0,
        "Tax Provision": 0.0,
        "Pretax Income": -5994498.0,
        "Other Income Expense": 120640.0,
        "Other Non Operating Income Expenses": 120640.0,
        "Net Non Operating Interest Income Expense": 0.0,
        "Interest Expense Non Operating": 0.0,
        "Operating Income": -6115138.0,
        "Operating Expense": 6115138.0,
        "Research And Development": 1495619.0,
        "Selling General And Administration": 4619519.0,
        "General And Administrative Expense": 4619519.0,
        "Other Gand A": 4619519.0,
        "Total Revenue": 0.0,
        "Operating Revenue": 0.0
    },
    "2023-12-31": {
        "Tax Effect Of Unusual Items": 0.0,
        "Tax Rate For Calcs": 0.0,
        "Normalized EBITDA": -5934099.0,
        "Net Income From Continuing Operation Net Minority Interest": -4561709.0,
        "EBITDA": -5934099.0,
        "EBIT": -5934099.0,
        "Net Interest Income": NaN,
        "Interest Expense": NaN,
        "Normalized Income": -4561709.0,
        "Net Income From Continuing And Discontinued Operation": -4561709.0,
        "Total Expenses": 5934099.0,
        "Total Operating Income As Reported": -4684099.0,
        "Diluted Average Shares": NaN,
        "Basic Average Shares": NaN,
        "Diluted EPS": NaN,
        "Basic EPS": NaN,
        "Diluted NI Availto Com Stockholders": -4561709.0,
        "Net Income Common Stockholders": -4561709.0,
        "Net Income": -4561709.0,
        "Net Income Including Noncontrolling Interests": -4561709.0,
        "Net Income Continuous Operations": -4561709.0,
        "Tax Provision": 0.0,
        "Pretax Income": -4561709.0,
        "Other Income Expense": 1372390.0,
        "Other Non Operating Income Expenses": 122390.0,
        "Net Non Operating Interest Income Expense": NaN,
        "Interest Expense Non Operating": NaN,
        "Operating Income": -5934099.0,
        "Operating Expense": 5934099.0,
        "Research And Development": 1095588.0,
        "Selling General And Administration": 4838511.0,
        "General And Administrative Expense": 4838511.0,
        "Other Gand A": 4838511.0,
        "Total Revenue": 0.0,
        "Operating Revenue": 0.0
    },
    "2024-03-31": {
        "Tax Effect Of Unusual Items": 0.0,
        "Tax Rate For Calcs": 0.0,
        "Normalized EBITDA": -3302457.0,
        "Net Income From Continuing Operation Net Minority Interest": -3220424.0,
        "EBITDA": -3302457.0,
        "EBIT": -3302457.0,
        "Net Interest Income": NaN,
        "Interest Expense": NaN,
        "Normalized Income": -3220424.0,
        "Net Income From Continuing And Discontinued Operation": -3220424.0,
        "Total Expenses": 3302457.0,
        "Total Operating Income As Reported": -3302457.0,
        "Diluted Average Shares": 1171233.0,
        "Basic Average Shares": 1171233.0,
        "Diluted EPS": -2.75,
        "Basic EPS": -2.75,
        "Diluted NI Availto Com Stockholders": -3220424.0,
        "Net Income Common Stockholders": -3220424.0,
        "Net Income": -3220424.0,
        "Net Income Including Noncontrolling Interests": -3220424.0,
        "Net Income Continuous Operations": -3220424.0,
        "Tax Provision": 0.0,
        "Pretax Income": -3220424.0,
        "Other Income Expense": 82033.0,
        "Other Non Operating Income Expenses": 82033.0,
        "Net Non Operating Interest Income Expense": NaN,
        "Interest Expense Non Operating": NaN,
        "Operating Income": -3302457.0,
        "Operating Expense": 3302457.0,
        "Research And Development": 1613275.0,
        "Selling General And Administration": 1689182.0,
        "General And Administrative Expense": 1689182.0,
        "Other Gand A": 1689182.0,
        "Total Revenue": 0.0,
        "Operating Revenue": 0.0
    },
    "2024-06-30": {
        "Tax Effect Of Unusual Items": 0.0,
        "Tax Rate For Calcs": 0.0,
        "Normalized EBITDA": -3439254.0,
        "Net Income From Continuing Operation Net Minority Interest": -3450256.0,
        "EBITDA": -3439254.0,
        "EBIT": -3439254.0,
        "Net Interest Income": -11002.0,
        "Interest Expense": 11002.0,
        "Normalized Income": -3450256.0,
        "Net Income From Continuing And Discontinued Operation": -3450256.0,
        "Total Expenses": 3458382.0,
        "Total Operating Income As Reported": -3458382.0,
        "Diluted Average Shares": 1977093.0,
        "Basic Average Shares": 1977093.0,
        "Diluted EPS": -1.75,
        "Basic EPS": -1.75,
        "Diluted NI Availto Com Stockholders": -3450256.0,
        "Net Income Common Stockholders": -3450256.0,
        "Net Income": -3450256.0,
        "Net Income Including Noncontrolling Interests": -3450256.0,
        "Net Income Continuous Operations": -3450256.0,
        "Tax Provision": NaN,
        "Pretax Income": -3450256.0,
        "Other Income Expense": 19128.0,
        "Other Non Operating Income Expenses": 19128.0,
        "Net Non Operating Interest Income Expense": -11002.0,
        "Interest Expense Non Operating": 11002.0,
        "Operating Income": -3458382.0,
        "Operating Expense": 3458382.0,
        "Research And Development": 1956094.0,
        "Selling General And Administration": 1502288.0,
        "General And Administrative Expense": 1502288.0,
        "Other Gand A": 1502288.0,
        "Total Revenue": 0.0,
        "Operating Revenue": 0.0
    },
    "2024-09-30": {
        "Tax Effect Of Unusual Items": 0.0,
        "Tax Rate For Calcs": 0.0,
        "Normalized EBITDA": -1913708.0,
        "Net Income From Continuing Operation Net Minority Interest": -2006456.0,
        "EBITDA": -1913708.0,
        "EBIT": -1913708.0,
        "Net Interest Income": -92748.0,
        "Interest Expense": 92748.0,
        "Normalized Income": -2006456.0,
        "Net Income From Continuing And Discontinued Operation": -2006456.0,
        "Total Expenses": 1924354.0,
        "Total Operating Income As Reported": -1924354.0,
        "Diluted Average Shares": 4657711.0,
        "Basic Average Shares": 4657711.0,
        "Diluted EPS": -0.43,
        "Basic EPS": -0.43,
        "Diluted NI Availto Com Stockholders": -2006456.0,
        "Net Income Common Stockholders": -2006456.0,
        "Net Income": -2006456.0,
        "Net Income Including Noncontrolling Interests": -2006456.0,
        "Net Income Continuous Operations": -2006456.0,
        "Tax Provision": NaN,
        "Pretax Income": -2006456.0,
        "Other Income Expense": 10646.0,
        "Other Non Operating Income Expenses": 10646.0,
        "Net Non Operating Interest Income Expense": -92748.0,
        "Interest Expense Non Operating": 92748.0,
        "Operating Income": -1924354.0,
        "Operating Expense": 1924354.0,
        "Research And Development": 1143396.0,
        "Selling General And Administration": 780958.0,
        "General And Administrative Expense": 780958.0,
        "Other Gand A": 780958.0,
        "Total Revenue": 0.0,
        "Operating Revenue": 0.0
    }
}