{
    "2023-03-31": {
        "Tax Effect Of Unusual Items": NaN,
        "Tax Rate For Calcs": NaN,
        "Normalized EBITDA": NaN,
        "Total Unusual Items": -14352.0,
        "Total Unusual Items Excluding Goodwill": -14352.0,
        "Net Income From Continuing Operation Net Minority Interest": NaN,
        "Reconciled Depreciation": NaN,
        "Reconciled Cost Of Revenue": 32357.0,
        "EBITDA": NaN,
        "EBIT": NaN,
        "Net Interest Income": -24625.0,
        "Interest Expense": 24625.0,
        "Normalized Income": NaN,
        "Net Income From Continuing And Discontinued Operation": NaN,
        "Total Expenses": NaN,
        "Total Operating Income As Reported": NaN,
        "Diluted Average Shares": 515304.0,
        "Basic Average Shares": 515304.0,
        "Diluted EPS": -2.28,
        "Basic EPS": -2.28,
        "Diluted NI Availto Com Stockholders": NaN,
        "Net Income Common Stockholders": NaN,
        "Net Income": NaN,
        "Net Income Including Noncontrolling Interests": NaN,
        "Net Income Continuous Operations": NaN,
        "Tax Provision": 0.0,
        "Pretax Income": NaN,
        "Other Income Expense": NaN,
        "Other Non Operating Income Expenses": NaN,
        "Gain On Sale Of Security": -14352.0,
        "Net Non Operating Interest Income Expense": -24625.0,
        "Interest Expense Non Operating": 24625.0,
        "Operating Income": NaN,
        "Operating Expense": NaN,
        "Depreciation Amortization Depletion Income Statement": 759954.0,
        "Depreciation And Amortization In Income Statement": 759954.0,
        "Amortization": 686353.0,
        "Amortization Of Intangibles Income Statement": 686353.0,
        "Depreciation Income Statement": 73601.0,
        "Research And Development": 67140.0,
        "Selling General And Administration": NaN,
        "Selling And Marketing Expense": 1385342.0,
        "General And Administrative Expense": 649418.0,
        "Other Gand A": 679078.0,
        "Salaries And Wages": -29660.0,
        "Gross Profit": 125593.0,
        "Cost Of Revenue": 32357.0,
        "Total Revenue": NaN,
        "Operating Revenue": NaN
    },
    "2022-12-31": {
        "Tax Effect Of Unusual Items": NaN,
        "Tax Rate For Calcs": NaN,
        "Normalized EBITDA": NaN,
        "Total Unusual Items": -8283115.0,
        "Total Unusual Items Excluding Goodwill": -8283115.0,
        "Net Income From Continuing Operation Net Minority Interest": NaN,
        "Reconciled Depreciation": NaN,
        "Reconciled Cost Of Revenue": NaN,
        "EBITDA": NaN,
        "EBIT": NaN,
        "Net Interest Income": -27277.0,
        "Interest Expense": 26787.0,
        "Normalized Income": NaN,
        "Net Income From Continuing And Discontinued Operation": NaN,
        "Total Expenses": NaN,
        "Total Operating Income As Reported": NaN,
        "Diluted Average Shares": NaN,
        "Basic Average Shares": NaN,
        "Diluted EPS": NaN,
        "Basic EPS": NaN,
        "Diluted NI Availto Com Stockholders": NaN,
        "Net Income Common Stockholders": NaN,
        "Net Income": NaN,
        "Net Income Including Noncontrolling Interests": NaN,
        "Net Income Continuous Operations": NaN,
        "Tax Provision": NaN,
        "Pretax Income": NaN,
        "Other Income Expense": NaN,
        "Other Non Operating Income Expenses": NaN,
        "Gain On Sale Of Security": -29115.0,
        "Net Non Operating Interest Income Expense": -27277.0,
        "Total Other Finance Cost": 490.0,
        "Interest Expense Non Operating": 26787.0,
        "Operating Income": NaN,
        "Operating Expense": NaN,
        "Depreciation Amortization Depletion Income Statement": 1098711.0,
        "Depreciation And Amortization In Income Statement": 1098711.0,
        "Amortization": 1040636.0,
        "Amortization Of Intangibles Income Statement": 1040636.0,
        "Depreciation Income Statement": 58075.0,
        "Research And Development": NaN,
        "Selling General And Administration": NaN,
        "Selling And Marketing Expense": NaN,
        "General And Administrative Expense": 1554362.0,
        "Other Gand A": -95216.0,
        "Salaries And Wages": 1649578.0,
        "Gross Profit": NaN,
        "Cost Of Revenue": NaN,
        "Total Revenue": NaN,
        "Operating Revenue": NaN
    },
    "2022-09-30": {
        "Tax Effect Of Unusual Items": NaN,
        "Tax Rate For Calcs": NaN,
        "Normalized EBITDA": NaN,
        "Total Unusual Items": NaN,
        "Total Unusual Items Excluding Goodwill": NaN,
        "Net Income From Continuing Operation Net Minority Interest": NaN,
        "Reconciled Depreciation": NaN,
        "Reconciled Cost Of Revenue": NaN,
        "EBITDA": NaN,
        "EBIT": NaN,
        "Net Interest Income": -45338.0,
        "Interest Expense": 29155.0,
        "Normalized Income": NaN,
        "Net Income From Continuing And Discontinued Operation": NaN,
        "Total Expenses": NaN,
        "Total Operating Income As Reported": NaN,
        "Diluted Average Shares": 99907.0,
        "Basic Average Shares": 99907.0,
        "Diluted EPS": -28.64,
        "Basic EPS": -28.64,
        "Diluted NI Availto Com Stockholders": NaN,
        "Net Income Common Stockholders": NaN,
        "Net Income": NaN,
        "Net Income Including Noncontrolling Interests": NaN,
        "Net Income Continuous Operations": NaN,
        "Tax Provision": NaN,
        "Pretax Income": NaN,
        "Other Income Expense": NaN,
        "Other Non Operating Income Expenses": -196118.0,
        "Gain On Sale Of Security": 28334.0,
        "Net Non Operating Interest Income Expense": -45338.0,
        "Total Other Finance Cost": 16183.0,
        "Interest Expense Non Operating": 29155.0,
        "Operating Income": NaN,
        "Operating Expense": NaN,
        "Depreciation Amortization Depletion Income Statement": 703978.0,
        "Depreciation And Amortization In Income Statement": 703978.0,
        "Amortization": 629108.0,
        "Amortization Of Intangibles Income Statement": 629108.0,
        "Depreciation Income Statement": 74870.0,
        "Research And Development": NaN,
        "Selling General And Administration": NaN,
        "Selling And Marketing Expense": NaN,
        "General And Administrative Expense": NaN,
        "Other Gand A": 986144.0,
        "Salaries And Wages": NaN,
        "Gross Profit": NaN,
        "Cost Of Revenue": NaN,
        "Total Revenue": NaN,
        "Operating Revenue": NaN
    },
    "2022-06-30": {
        "Tax Effect Of Unusual Items": 0.0,
        "Tax Rate For Calcs": 0.0,
        "Normalized EBITDA": -2788459.0,
        "Total Unusual Items": 288657.0,
        "Total Unusual Items Excluding Goodwill": 288657.0,
        "Net Income From Continuing Operation Net Minority Interest": -2740734.0,
        "Reconciled Depreciation": 695859.0,
        "EBITDA": -2499802.0,
        "EBIT": -3195661.0,
        "Net Interest Income": -50221.0,
        "Interest Expense": 30482.0,
        "Normalized Income": -3029391.0,
        "Net Income From Continuing And Discontinued Operation": -2740734.0,
        "Total Expenses": 3715240.0,
        "Total Operating Income As Reported": -3339456.0,
        "Diluted Average Shares": 1380724.0,
        "Basic Average Shares": 1380724.0,
        "Diluted EPS": -1.95,
        "Basic EPS": -1.95,
        "Diluted NI Availto Com Stockholders": -2740734.0,
        "Net Income Common Stockholders": -2740734.0,
        "Net Income": -2740734.0,
        "Minority Interests": 485409.0,
        "Net Income Including Noncontrolling Interests": -3226143.0,
        "Net Income Continuous Operations": -3226143.0,
        "Pretax Income": -3226143.0,
        "Other Income Expense": 288657.0,
        "Other Non Operating Income Expenses": NaN,
        "Special Income Charges": 0.0,
        "Gain On Sale Of Security": 288657.0,
        "Net Non Operating Interest Income Expense": -50221.0,
        "Total Other Finance Cost": 19739.0,
        "Interest Expense Non Operating": 30482.0,
        "Operating Income": -3464579.0,
        "Operating Expense": 3715240.0,
        "Depreciation Amortization Depletion Income Statement": 695859.0,
        "Depreciation And Amortization In Income Statement": 695859.0,
        "Amortization": 629989.0,
        "Amortization Of Intangibles Income Statement": 629989.0,
        "Depreciation Income Statement": 65870.0,
        "Selling General And Administration": 3019381.0,
        "Selling And Marketing Expense": 29406.0,
        "General And Administrative Expense": 2989975.0,
        "Other Gand A": 1013918.0,
        "Salaries And Wages": 1976057.0,
        "Total Revenue": 250661.0,
        "Operating Revenue": 250661.0
    },
    "2023-06-30": {
        "Tax Effect Of Unusual Items": 0.0,
        "Tax Rate For Calcs": 0.0,
        "Normalized EBITDA": -1585267.0,
        "Total Unusual Items": -66596.0,
        "Total Unusual Items Excluding Goodwill": -66596.0,
        "Net Income From Continuing Operation Net Minority Interest": -2310655.0,
        "Reconciled Depreciation": 725388.0,
        "Reconciled Cost Of Revenue": 23570.0,
        "EBITDA": -1585267.0,
        "EBIT": -2310655.0,
        "Net Interest Income": -20288.0,
        "Interest Expense": 20288.0,
        "Normalized Income": -2310655.0,
        "Net Income From Continuing And Discontinued Operation": -2310655.0,
        "Total Expenses": 2366708.0,
        "Total Operating Income As Reported": -2310655.0,
        "Diluted Average Shares": 669636.0,
        "Basic Average Shares": 669636.0,
        "Diluted EPS": -3.05,
        "Basic EPS": -3.05,
        "Diluted NI Availto Com Stockholders": -2310655.0,
        "Net Income Common Stockholders": -2310655.0,
        "Net Income": -2310655.0,
        "Net Income Including Noncontrolling Interests": -2310655.0,
        "Net Income Continuous Operations": -2310655.0,
        "Tax Provision": 0.0,
        "Pretax Income": -2310655.0,
        "Other Income Expense": -66596.0,
        "Other Non Operating Income Expenses": NaN,
        "Gain On Sale Of Security": -66596.0,
        "Net Non Operating Interest Income Expense": -20288.0,
        "Interest Expense Non Operating": 20288.0,
        "Operating Income": -2310655.0,
        "Operating Expense": 2343138.0,
        "Depreciation Amortization Depletion Income Statement": 725388.0,
        "Depreciation And Amortization In Income Statement": 725388.0,
        "Amortization": 685598.0,
        "Amortization Of Intangibles Income Statement": 685598.0,
        "Depreciation Income Statement": 39790.0,
        "Research And Development": 717667.0,
        "Selling General And Administration": 1625471.0,
        "Selling And Marketing Expense": 43485.0,
        "General And Administrative Expense": 1510951.0,
        "Other Gand A": 641729.0,
        "Salaries And Wages": 869222.0,
        "Gross Profit": 32483.0,
        "Cost Of Revenue": 23570.0,
        "Total Revenue": 56053.0,
        "Operating Revenue": 56053.0
    },
    "2023-09-30": {
        "Tax Effect Of Unusual Items": 0.0,
        "Tax Rate For Calcs": 0.0,
        "Normalized EBITDA": -952410.0,
        "Total Unusual Items": 29219.0,
        "Total Unusual Items Excluding Goodwill": 29219.0,
        "Net Income From Continuing Operation Net Minority Interest": -1573484.0,
        "Reconciled Depreciation": 633678.0,
        "Reconciled Cost Of Revenue": NaN,
        "EBITDA": -923191.0,
        "EBIT": -1556869.0,
        "Net Interest Income": -16615.0,
        "Interest Expense": 16615.0,
        "Normalized Income": -1602703.0,
        "Net Income From Continuing And Discontinued Operation": -1573484.0,
        "Total Expenses": 1609038.0,
        "Total Operating Income As Reported": -1927589.0,
        "Diluted Average Shares": 669635.0,
        "Basic Average Shares": 669635.0,
        "Diluted EPS": -2.08,
        "Basic EPS": -2.08,
        "Diluted NI Availto Com Stockholders": -1573484.0,
        "Net Income Common Stockholders": -1573484.0,
        "Net Income": -1573484.0,
        "Net Income Including Noncontrolling Interests": -1573484.0,
        "Net Income Continuous Operations": -1573484.0,
        "Tax Provision": NaN,
        "Pretax Income": -1573484.0,
        "Other Income Expense": 29219.0,
        "Other Non Operating Income Expenses": NaN,
        "Gain On Sale Of Security": 29219.0,
        "Net Non Operating Interest Income Expense": -16615.0,
        "Interest Expense Non Operating": 16615.0,
        "Operating Income": -1586088.0,
        "Operating Expense": 1609038.0,
        "Depreciation Amortization Depletion Income Statement": 633678.0,
        "Depreciation And Amortization In Income Statement": 633678.0,
        "Amortization": 611186.0,
        "Amortization Of Intangibles Income Statement": 611186.0,
        "Depreciation Income Statement": 22492.0,
        "Research And Development": NaN,
        "Selling General And Administration": 975360.0,
        "Selling And Marketing Expense": 42715.0,
        "General And Administrative Expense": 932645.0,
        "Other Gand A": 565360.0,
        "Salaries And Wages": 367285.0,
        "Gross Profit": NaN,
        "Cost Of Revenue": NaN,
        "Total Revenue": 22950.0,
        "Operating Revenue": 22950.0
    },
    "2023-12-31": {
        "Tax Effect Of Unusual Items": 0.0,
        "Tax Rate For Calcs": 0.0,
        "Normalized EBITDA": 2885345.0,
        "Total Unusual Items": -3916603.0,
        "Total Unusual Items Excluding Goodwill": -3916603.0,
        "Net Income From Continuing Operation Net Minority Interest": -5301129.0,
        "Reconciled Depreciation": 349179.0,
        "Reconciled Cost Of Revenue": NaN,
        "EBITDA": -1031258.0,
        "EBIT": -1380437.0,
        "Net Interest Income": NaN,
        "Interest Expense": NaN,
        "Normalized Income": -1384526.0,
        "Net Income From Continuing And Discontinued Operation": -5301129.0,
        "Total Expenses": 1466382.0,
        "Total Operating Income As Reported": -5287241.0,
        "Diluted Average Shares": NaN,
        "Basic Average Shares": NaN,
        "Diluted EPS": NaN,
        "Basic EPS": NaN,
        "Diluted NI Availto Com Stockholders": -5301129.0,
        "Net Income Common Stockholders": -5301129.0,
        "Net Income": -5301129.0,
        "Net Income Including Noncontrolling Interests": -5301129.0,
        "Net Income Continuous Operations": -5301129.0,
        "Tax Provision": NaN,
        "Pretax Income": -5301129.0,
        "Other Income Expense": -3930491.0,
        "Other Non Operating Income Expenses": NaN,
        "Gain On Sale Of Security": NaN,
        "Net Non Operating Interest Income Expense": NaN,
        "Interest Expense Non Operating": NaN,
        "Operating Income": -1432166.0,
        "Operating Expense": 1363315.0,
        "Depreciation Amortization Depletion Income Statement": NaN,
        "Depreciation And Amortization In Income Statement": NaN,
        "Amortization": NaN,
        "Amortization Of Intangibles Income Statement": NaN,
        "Depreciation Income Statement": NaN,
        "Research And Development": NaN,
        "Selling General And Administration": 2375100.0,
        "Selling And Marketing Expense": 5822219.0,
        "General And Administrative Expense": -3447119.0,
        "Other Gand A": NaN,
        "Salaries And Wages": -1560952.0,
        "Gross Profit": NaN,
        "Cost Of Revenue": NaN,
        "Total Revenue": 34216.0,
        "Operating Revenue": 34216.0
    },
    "2024-03-31": {
        "Tax Effect Of Unusual Items": 0.0,
        "Tax Rate For Calcs": 0.0,
        "Normalized EBITDA": -1501436.0,
        "Total Unusual Items": NaN,
        "Total Unusual Items Excluding Goodwill": NaN,
        "Net Income From Continuing Operation Net Minority Interest": -1501683.0,
        "Reconciled Depreciation": 0.0,
        "Reconciled Cost Of Revenue": 24046.0,
        "EBITDA": -1501436.0,
        "EBIT": -1501436.0,
        "Net Interest Income": NaN,
        "Interest Expense": NaN,
        "Normalized Income": -1501683.0,
        "Net Income From Continuing And Discontinued Operation": -1501683.0,
        "Total Expenses": 1527939.0,
        "Total Operating Income As Reported": -1501436.0,
        "Diluted Average Shares": 2506015.0,
        "Basic Average Shares": 2506015.0,
        "Diluted EPS": -0.53,
        "Basic EPS": -0.53,
        "Diluted NI Availto Com Stockholders": -1501683.0,
        "Net Income Common Stockholders": -1501683.0,
        "Net Income": -1501683.0,
        "Net Income Including Noncontrolling Interests": -1501683.0,
        "Net Income Continuous Operations": -1501683.0,
        "Tax Provision": 0.0,
        "Pretax Income": -1501683.0,
        "Other Income Expense": -247.0,
        "Other Non Operating Income Expenses": -247.0,
        "Gain On Sale Of Security": NaN,
        "Net Non Operating Interest Income Expense": NaN,
        "Interest Expense Non Operating": NaN,
        "Operating Income": -1501436.0,
        "Operating Expense": 1503893.0,
        "Depreciation Amortization Depletion Income Statement": NaN,
        "Depreciation And Amortization In Income Statement": NaN,
        "Amortization": NaN,
        "Amortization Of Intangibles Income Statement": NaN,
        "Depreciation Income Statement": NaN,
        "Research And Development": 39412.0,
        "Selling General And Administration": 1464481.0,
        "Selling And Marketing Expense": 1464481.0,
        "General And Administrative Expense": NaN,
        "Other Gand A": NaN,
        "Salaries And Wages": NaN,
        "Gross Profit": 2457.0,
        "Cost Of Revenue": 24046.0,
        "Total Revenue": 26503.0,
        "Operating Revenue": 26503.0
    },
    "2024-06-30": {
        "Tax Effect Of Unusual Items": 0.0,
        "Tax Rate For Calcs": 0.0,
        "Normalized EBITDA": -1499668.0,
        "Total Unusual Items": NaN,
        "Total Unusual Items Excluding Goodwill": NaN,
        "Net Income From Continuing Operation Net Minority Interest": -1499742.0,
        "Reconciled Depreciation": 0.0,
        "Reconciled Cost Of Revenue": 16231.0,
        "EBITDA": -1499668.0,
        "EBIT": -1499668.0,
        "Net Interest Income": NaN,
        "Interest Expense": NaN,
        "Normalized Income": -1499742.0,
        "Net Income From Continuing And Discontinued Operation": -1499742.0,
        "Total Expenses": 1526605.0,
        "Total Operating Income As Reported": -1499668.0,
        "Diluted Average Shares": 2506015.0,
        "Basic Average Shares": 2506015.0,
        "Diluted EPS": -0.54,
        "Basic EPS": -0.54,
        "Diluted NI Availto Com Stockholders": -1499742.0,
        "Net Income Common Stockholders": -1499742.0,
        "Net Income": -1499742.0,
        "Net Income Including Noncontrolling Interests": -1499742.0,
        "Net Income Continuous Operations": -1499742.0,
        "Tax Provision": 0.0,
        "Pretax Income": -1499742.0,
        "Other Income Expense": -74.0,
        "Other Non Operating Income Expenses": -74.0,
        "Gain On Sale Of Security": NaN,
        "Net Non Operating Interest Income Expense": NaN,
        "Interest Expense Non Operating": NaN,
        "Operating Income": -1499668.0,
        "Operating Expense": 1510374.0,
        "Depreciation Amortization Depletion Income Statement": NaN,
        "Depreciation And Amortization In Income Statement": NaN,
        "Amortization": NaN,
        "Amortization Of Intangibles Income Statement": NaN,
        "Depreciation Income Statement": NaN,
        "Research And Development": 67203.0,
        "Selling General And Administration": 1443171.0,
        "Selling And Marketing Expense": NaN,
        "General And Administrative Expense": NaN,
        "Other Gand A": NaN,
        "Salaries And Wages": NaN,
        "Gross Profit": 10706.0,
        "Cost Of Revenue": 16231.0,
        "Total Revenue": 26937.0,
        "Operating Revenue": 26937.0
    }
}