{
    "2023-03-31": {
        "Tax Effect Of Unusual Items": NaN,
        "Tax Rate For Calcs": NaN,
        "Normalized EBITDA": NaN,
        "Total Unusual Items": NaN,
        "Total Unusual Items Excluding Goodwill": NaN,
        "Net Income From Continuing Operation Net Minority Interest": NaN,
        "Reconciled Depreciation": NaN,
        "Reconciled Cost Of Revenue": NaN,
        "EBITDA": NaN,
        "EBIT": NaN,
        "Net Interest Income": NaN,
        "Interest Expense": NaN,
        "Interest Income": NaN,
        "Normalized Income": NaN,
        "Net Income From Continuing And Discontinued Operation": NaN,
        "Total Expenses": NaN,
        "Total Operating Income As Reported": NaN,
        "Diluted Average Shares": 378648599.0,
        "Basic Average Shares": 378648599.0,
        "Diluted EPS": 1.745682,
        "Basic EPS": 1.745682,
        "Diluted NI Availto Com Stockholders": NaN,
        "Net Income Common Stockholders": NaN,
        "Preferred Stock Dividends": 38000000.0,
        "Net Income": NaN,
        "Minority Interests": NaN,
        "Net Income Including Noncontrolling Interests": NaN,
        "Net Income Continuous Operations": NaN,
        "Tax Provision": NaN,
        "Pretax Income": NaN,
        "Other Income Expense": NaN,
        "Other Non Operating Income Expenses": NaN,
        "Special Income Charges": NaN,
        "Gain On Sale Of Ppe": NaN,
        "Other Special Charges": -1000000.0,
        "Impairment Of Capital Assets": NaN,
        "Gain On Sale Of Security": NaN,
        "Net Non Operating Interest Income Expense": NaN,
        "Total Other Finance Cost": NaN,
        "Interest Expense Non Operating": NaN,
        "Interest Income Non Operating": NaN,
        "Operating Income": NaN,
        "Operating Expense": NaN,
        "Depreciation Amortization Depletion Income Statement": NaN,
        "Depreciation And Amortization In Income Statement": NaN,
        "Selling General And Administration": NaN,
        "Gross Profit": NaN,
        "Cost Of Revenue": NaN,
        "Total Revenue": NaN,
        "Operating Revenue": NaN
    },
    "2022-12-31": {
        "Tax Effect Of Unusual Items": -20428571.428571,
        "Tax Rate For Calcs": 0.261905,
        "Normalized EBITDA": 369000000.0,
        "Total Unusual Items": -78000000.0,
        "Total Unusual Items Excluding Goodwill": -78000000.0,
        "Net Income From Continuing Operation Net Minority Interest": -246000000.0,
        "Reconciled Depreciation": 472000000.0,
        "Reconciled Cost Of Revenue": 3126000000.0,
        "EBITDA": 291000000.0,
        "EBIT": -181000000.0,
        "Net Interest Income": -156000000.0,
        "Interest Expense": 155000000.0,
        "Interest Income": 15000000.0,
        "Normalized Income": -188428571.428571,
        "Net Income From Continuing And Discontinued Operation": -246000000.0,
        "Total Expenses": 3893000000.0,
        "Total Operating Income As Reported": -98000000.0,
        "Diluted Average Shares": NaN,
        "Basic Average Shares": NaN,
        "Diluted EPS": NaN,
        "Basic EPS": NaN,
        "Diluted NI Availto Com Stockholders": -396000000.0,
        "Net Income Common Stockholders": -396000000.0,
        "Preferred Stock Dividends": NaN,
        "Net Income": -246000000.0,
        "Minority Interests": 2000000.0,
        "Net Income Including Noncontrolling Interests": -248000000.0,
        "Net Income Continuous Operations": -248000000.0,
        "Tax Provision": -88000000.0,
        "Pretax Income": -336000000.0,
        "Other Income Expense": -156000000.0,
        "Other Non Operating Income Expenses": -78000000.0,
        "Special Income Charges": -67000000.0,
        "Gain On Sale Of Ppe": 0.0,
        "Other Special Charges": -7000000.0,
        "Impairment Of Capital Assets": 74000000.0,
        "Gain On Sale Of Security": -11000000.0,
        "Net Non Operating Interest Income Expense": -156000000.0,
        "Total Other Finance Cost": 16000000.0,
        "Interest Expense Non Operating": 155000000.0,
        "Interest Income Non Operating": 15000000.0,
        "Operating Income": -24000000.0,
        "Operating Expense": 677000000.0,
        "Depreciation Amortization Depletion Income Statement": 382000000.0,
        "Depreciation And Amortization In Income Statement": 382000000.0,
        "Selling General And Administration": 295000000.0,
        "Gross Profit": 653000000.0,
        "Cost Of Revenue": 3216000000.0,
        "Total Revenue": 3869000000.0,
        "Operating Revenue": 4006000000.0
    },
    "2022-09-30": {
        "Tax Effect Of Unusual Items": NaN,
        "Tax Rate For Calcs": NaN,
        "Normalized EBITDA": NaN,
        "Total Unusual Items": NaN,
        "Total Unusual Items Excluding Goodwill": NaN,
        "Net Income From Continuing Operation Net Minority Interest": NaN,
        "Reconciled Depreciation": NaN,
        "Reconciled Cost Of Revenue": NaN,
        "EBITDA": NaN,
        "EBIT": NaN,
        "Net Interest Income": NaN,
        "Interest Expense": NaN,
        "Interest Income": NaN,
        "Normalized Income": NaN,
        "Net Income From Continuing And Discontinued Operation": NaN,
        "Total Expenses": NaN,
        "Total Operating Income As Reported": NaN,
        "Diluted Average Shares": 417482511.0,
        "Basic Average Shares": 413762896.0,
        "Diluted EPS": 1.51,
        "Basic EPS": 1.53,
        "Diluted NI Availto Com Stockholders": NaN,
        "Net Income Common Stockholders": NaN,
        "Preferred Stock Dividends": NaN,
        "Net Income": NaN,
        "Minority Interests": NaN,
        "Net Income Including Noncontrolling Interests": NaN,
        "Net Income Continuous Operations": NaN,
        "Tax Provision": NaN,
        "Pretax Income": NaN,
        "Other Income Expense": NaN,
        "Other Non Operating Income Expenses": NaN,
        "Special Income Charges": NaN,
        "Gain On Sale Of Ppe": NaN,
        "Other Special Charges": NaN,
        "Impairment Of Capital Assets": NaN,
        "Gain On Sale Of Security": NaN,
        "Net Non Operating Interest Income Expense": NaN,
        "Total Other Finance Cost": NaN,
        "Interest Expense Non Operating": NaN,
        "Interest Income Non Operating": NaN,
        "Operating Income": NaN,
        "Operating Expense": NaN,
        "Depreciation Amortization Depletion Income Statement": NaN,
        "Depreciation And Amortization In Income Statement": NaN,
        "Selling General And Administration": NaN,
        "Gross Profit": NaN,
        "Cost Of Revenue": NaN,
        "Total Revenue": NaN,
        "Operating Revenue": NaN
    },
    "2022-06-30": {
        "Tax Effect Of Unusual Items": 25872000.0,
        "Tax Rate For Calcs": 0.231,
        "Normalized EBITDA": -1225000000.0,
        "Total Unusual Items": 112000000.0,
        "Total Unusual Items Excluding Goodwill": 112000000.0,
        "Net Income From Continuing Operation Net Minority Interest": -1365000000.0,
        "Reconciled Depreciation": 512000000.0,
        "Reconciled Cost Of Revenue": 2479000000.0,
        "EBITDA": -1113000000.0,
        "EBIT": -1625000000.0,
        "Net Interest Income": -152000000.0,
        "Interest Expense": 139000000.0,
        "Interest Income": 2000000.0,
        "Normalized Income": -1451128000.0,
        "Net Income From Continuing And Discontinued Operation": -1365000000.0,
        "Total Expenses": 3271000000.0,
        "Total Operating Income As Reported": -1683000000.0,
        "Diluted Average Shares": 429193031.0,
        "Basic Average Shares": 429193031.0,
        "Diluted EPS": -3.27,
        "Basic EPS": -3.27,
        "Diluted NI Availto Com Stockholders": -1365000000.0,
        "Net Income Common Stockholders": -1365000000.0,
        "Preferred Stock Dividends": NaN,
        "Net Income": -1365000000.0,
        "Minority Interests": -8000000.0,
        "Net Income Including Noncontrolling Interests": -1357000000.0,
        "Net Income Continuous Operations": -1357000000.0,
        "Tax Provision": -407000000.0,
        "Pretax Income": -1764000000.0,
        "Other Income Expense": 71000000.0,
        "Other Non Operating Income Expenses": -41000000.0,
        "Special Income Charges": 67000000.0,
        "Gain On Sale Of Ppe": 5000000.0,
        "Other Special Charges": -62000000.0,
        "Impairment Of Capital Assets": 0.0,
        "Gain On Sale Of Security": 45000000.0,
        "Net Non Operating Interest Income Expense": -152000000.0,
        "Total Other Finance Cost": 15000000.0,
        "Interest Expense Non Operating": 139000000.0,
        "Interest Income Non Operating": 2000000.0,
        "Operating Income": -1683000000.0,
        "Operating Expense": 674000000.0,
        "Depreciation Amortization Depletion Income Statement": 394000000.0,
        "Depreciation And Amortization In Income Statement": 394000000.0,
        "Selling General And Administration": 280000000.0,
        "Gross Profit": -1009000000.0,
        "Cost Of Revenue": 2597000000.0,
        "Total Revenue": 1588000000.0,
        "Operating Revenue": 3326000000.0
    },
    "2022-03-31": {
        "Diluted EPS": -0.72,
        "Total Revenue": NaN,
        "Gross Profit": 430,
        "Operating Income": -288,
        "EBIT": 254,
        "Net Income": -323
    },
    "2021-12-31": {
        "Diluted EPS": 1.44,
        "Total Revenue": NaN,
        "Gross Profit": NaN,
        "Operating Income": 887,
        "EBIT": NaN,
        "Net Income": 705
    },
    "2021-09-30": {
        "Diluted EPS": 0.01,
        "Total Revenue": NaN,
        "Gross Profit": 856,
        "Operating Income": 119,
        "EBIT": 701,
        "Net Income": 7
    },
    "2021-06-30": {
        "Diluted EPS": 0.07,
        "Total Revenue": NaN,
        "Gross Profit": 816,
        "Operating Income": 62,
        "EBIT": 520,
        "Net Income": 36
    },
    "2021-03-31": {
        "Diluted EPS": -4.21,
        "Total Revenue": NaN,
        "Gross Profit": NaN,
        "Operating Income": NaN,
        "EBIT": NaN,
        "Net Income": NaN
    },
    "2020-12-31": {
        "Diluted EPS": -0.05,
        "Total Revenue": NaN,
        "Gross Profit": 807,
        "Operating Income": 75,
        "EBIT": 611,
        "Net Income": -29
    },
    "2020-09-30": {
        "Diluted EPS": 0.9,
        "Total Revenue": NaN,
        "Gross Profit": NaN,
        "Operating Income": 676,
        "EBIT": NaN,
        "Net Income": 443
    },
    "2020-06-30": {
        "Diluted EPS": 0.34,
        "Total Revenue": NaN,
        "Gross Profit": NaN,
        "Operating Income": 377,
        "EBIT": 910,
        "Net Income": 166
    },
    "2020-03-31": {
        "Diluted EPS": 0.11,
        "Total Revenue": NaN,
        "Gross Profit": NaN,
        "Operating Income": 391,
        "EBIT": 880,
        "Net Income": 56
    },
    "2019-12-31": {
        "Diluted EPS": 0.49,
        "Total Revenue": NaN,
        "Gross Profit": NaN,
        "Operating Income": 334,
        "EBIT": 816,
        "Net Income": 234
    },
    "2019-09-30": {
        "Diluted EPS": 0.23,
        "Total Revenue": NaN,
        "Gross Profit": NaN,
        "Operating Income": 440,
        "EBIT": 948,
        "Net Income": 113
    },
    "2019-06-30": {
        "Diluted EPS": 0.7,
        "Total Revenue": NaN,
        "Gross Profit": NaN,
        "Operating Income": 729,
        "EBIT": NaN,
        "Net Income": 356
    },
    "2019-03-31": {
        "Diluted EPS": 0.44,
        "Total Revenue": NaN,
        "Gross Profit": NaN,
        "Operating Income": 490,
        "EBIT": 951,
        "Net Income": 225
    },
    "2018-12-31": {
        "Diluted EPS": -0.21,
        "Total Revenue": NaN,
        "Gross Profit": 648,
        "Operating Income": 4,
        "EBIT": 467,
        "Net Income": -186
    },
    "2018-09-30": {
        "Diluted EPS": 0.61,
        "Total Revenue": NaN,
        "Gross Profit": NaN,
        "Operating Income": 650,
        "EBIT": NaN,
        "Net Income": 330
    },
    "2018-06-30": {
        "Diluted EPS": 0.2,
        "Total Revenue": NaN,
        "Gross Profit": 972,
        "Operating Income": 231,
        "EBIT": 670,
        "Net Income": 108
    },
    "2018-03-31": {
        "Diluted EPS": -0.71,
        "Total Revenue": 765,
        "Gross Profit": -79,
        "Operating Income": -394,
        "EBIT": -214,
        "Net Income": -306
    },
    "2017-12-31": {
        "Diluted EPS": -1.35,
        "Total Revenue": 944,
        "Gross Profit": -87,
        "Operating Income": -462,
        "EBIT": -248,
        "Net Income": -579
    },
    "2017-09-30": {
        "Diluted EPS": 0.64,
        "Total Revenue": NaN,
        "Gross Profit": 777,
        "Operating Income": 452,
        "EBIT": 636,
        "Net Income": 273
    },
    "2017-06-30": {
        "Diluted EPS": -0.06,
        "Total Revenue": NaN,
        "Gross Profit": 372,
        "Operating Income": 53,
        "EBIT": 264,
        "Net Income": -26
    },
    "2017-03-31": {
        "Diluted EPS": 0.18,
        "Total Revenue": NaN,
        "Gross Profit": 460,
        "Operating Income": 155,
        "EBIT": 381,
        "Net Income": 78
    },
    "2016-12-31": {
        "Diluted EPS": 52.63,
        "Total Revenue": NaN,
        "Gross Profit": 264,
        "Operating Income": -160,
        "EBIT": 125,
        "Net Income": NaN
    },
    "2016-09-30": {
        "Diluted EPS": 0.44,
        "Total Revenue": NaN,
        "Gross Profit": 626,
        "Operating Income": 640,
        "EBIT": 823,
        "Net Income": 187
    },
    "2016-06-30": {
        "Diluted EPS": 0.0,
        "Total Revenue": NaN,
        "Gross Profit": 324,
        "Operating Income": -112,
        "EBIT": 70,
        "Net Income": -499
    },
    "2016-03-31": {
        "Diluted EPS": 0.0,
        "Total Revenue": NaN,
        "Gross Profit": 276,
        "Operating Income": 39,
        "EBIT": 206,
        "Net Income": -343
    },
    "2015-12-31": {
        "Diluted EPS": 0.0,
        "Total Revenue": NaN,
        "Gross Profit": NaN,
        "Operating Income": NaN,
        "EBIT": NaN,
        "Net Income": NaN
    },
    "2014-12-31": {
        "Diluted EPS": 0.0,
        "Total Revenue": NaN,
        "Gross Profit": NaN,
        "Operating Income": NaN,
        "EBIT": NaN,
        "Net Income": NaN
    },
    "2023-06-30": {
        "Tax Effect Of Unusual Items": NaN,
        "Tax Rate For Calcs": NaN,
        "Normalized EBITDA": NaN,
        "Total Unusual Items": NaN,
        "Total Unusual Items Excluding Goodwill": NaN,
        "Net Income From Continuing Operation Net Minority Interest": NaN,
        "Reconciled Depreciation": NaN,
        "Reconciled Cost Of Revenue": NaN,
        "EBITDA": NaN,
        "EBIT": NaN,
        "Net Interest Income": NaN,
        "Interest Expense": NaN,
        "Interest Income": NaN,
        "Normalized Income": NaN,
        "Net Income From Continuing And Discontinued Operation": NaN,
        "Total Expenses": NaN,
        "Total Operating Income As Reported": NaN,
        "Diluted Average Shares": 376794258.0,
        "Basic Average Shares": 372956476.0,
        "Diluted EPS": 1.17,
        "Basic EPS": 1.18,
        "Diluted NI Availto Com Stockholders": NaN,
        "Net Income Common Stockholders": NaN,
        "Preferred Stock Dividends": 37000000.0,
        "Net Income": NaN,
        "Minority Interests": NaN,
        "Net Income Including Noncontrolling Interests": NaN,
        "Net Income Continuous Operations": NaN,
        "Tax Provision": NaN,
        "Pretax Income": NaN,
        "Other Income Expense": NaN,
        "Other Non Operating Income Expenses": NaN,
        "Special Income Charges": NaN,
        "Gain On Sale Of Ppe": NaN,
        "Other Special Charges": -8000000.0,
        "Impairment Of Capital Assets": NaN,
        "Gain On Sale Of Security": NaN,
        "Net Non Operating Interest Income Expense": NaN,
        "Total Other Finance Cost": NaN,
        "Interest Expense Non Operating": NaN,
        "Interest Income Non Operating": NaN,
        "Operating Income": NaN,
        "Operating Expense": NaN,
        "Depreciation Amortization Depletion Income Statement": NaN,
        "Depreciation And Amortization In Income Statement": NaN,
        "Selling General And Administration": NaN,
        "Gross Profit": NaN,
        "Cost Of Revenue": NaN,
        "Total Revenue": NaN,
        "Operating Revenue": NaN
    },
    "2023-09-30": {
        "Tax Effect Of Unusual Items": 14112000.0,
        "Tax Rate For Calcs": 0.252,
        "Normalized EBITDA": 1270000000.0,
        "Total Unusual Items": 56000000.0,
        "Total Unusual Items Excluding Goodwill": 56000000.0,
        "Net Income From Continuing Operation Net Minority Interest": 502000000.0,
        "Reconciled Depreciation": 501000000.0,
        "Reconciled Cost Of Revenue": 2394000000.0,
        "EBITDA": 1326000000.0,
        "EBIT": 825000000.0,
        "Net Interest Income": -170000000.0,
        "Interest Expense": 154000000.0,
        "Interest Income": 16000000.0,
        "Normalized Income": 460112000.0,
        "Net Income From Continuing And Discontinued Operation": 502000000.0,
        "Total Expenses": 3252000000.0,
        "Total Operating Income As Reported": 834000000.0,
        "Diluted Average Shares": 362113659.0,
        "Basic Average Shares": 362113659.0,
        "Diluted EPS": 1.386305,
        "Basic EPS": 1.386305,
        "Diluted NI Availto Com Stockholders": 465000000.0,
        "Net Income Common Stockholders": 465000000.0,
        "Preferred Stock Dividends": 37000000.0,
        "Net Income": 502000000.0,
        "Minority Interests": 0.0,
        "Net Income Including Noncontrolling Interests": 502000000.0,
        "Net Income Continuous Operations": 502000000.0,
        "Tax Provision": 169000000.0,
        "Pretax Income": 671000000.0,
        "Other Income Expense": 7000000.0,
        "Other Non Operating Income Expenses": -49000000.0,
        "Special Income Charges": 13000000.0,
        "Gain On Sale Of Ppe": 1000000.0,
        "Other Special Charges": -12000000.0,
        "Impairment Of Capital Assets": 0.0,
        "Gain On Sale Of Security": 43000000.0,
        "Net Non Operating Interest Income Expense": -170000000.0,
        "Total Other Finance Cost": 32000000.0,
        "Interest Expense Non Operating": 154000000.0,
        "Interest Income Non Operating": 16000000.0,
        "Operating Income": 834000000.0,
        "Operating Expense": 732000000.0,
        "Depreciation Amortization Depletion Income Statement": 375000000.0,
        "Depreciation And Amortization In Income Statement": 375000000.0,
        "Selling General And Administration": 357000000.0,
        "Gross Profit": 1566000000.0,
        "Cost Of Revenue": 2520000000.0,
        "Total Revenue": 4086000000.0,
        "Operating Revenue": 4789000000.0
    },
    "2023-12-31": {
        "Tax Effect Of Unusual Items": -19950000.0,
        "Tax Rate For Calcs": 0.21,
        "Normalized EBITDA": 634000000.0,
        "Total Unusual Items": -95000000.0,
        "Total Unusual Items Excluding Goodwill": -95000000.0,
        "Net Income From Continuing Operation Net Minority Interest": -184000000.0,
        "Reconciled Depreciation": 514000000.0,
        "Reconciled Cost Of Revenue": 2107000000.0,
        "EBITDA": 539000000.0,
        "EBIT": 25000000.0,
        "Net Interest Income": -148000000.0,
        "Interest Expense": 171000000.0,
        "Interest Income": 44000000.0,
        "Normalized Income": -108950000.0,
        "Net Income From Continuing And Discontinued Operation": -184000000.0,
        "Total Expenses": 2976000000.0,
        "Total Operating Income As Reported": 102000000.0,
        "Diluted Average Shares": NaN,
        "Basic Average Shares": NaN,
        "Diluted EPS": NaN,
        "Basic EPS": NaN,
        "Diluted NI Availto Com Stockholders": -334000000.0,
        "Net Income Common Stockholders": -334000000.0,
        "Preferred Stock Dividends": NaN,
        "Net Income": -184000000.0,
        "Minority Interests": 0.0,
        "Net Income Including Noncontrolling Interests": -184000000.0,
        "Net Income Continuous Operations": -184000000.0,
        "Tax Provision": 38000000.0,
        "Pretax Income": -146000000.0,
        "Other Income Expense": -100000000.0,
        "Other Non Operating Income Expenses": -5000000.0,
        "Special Income Charges": 6000000.0,
        "Gain On Sale Of Ppe": 0.0,
        "Other Special Charges": -6000000.0,
        "Impairment Of Capital Assets": 0.0,
        "Gain On Sale Of Security": -101000000.0,
        "Net Non Operating Interest Income Expense": -148000000.0,
        "Total Other Finance Cost": 21000000.0,
        "Interest Expense Non Operating": 171000000.0,
        "Interest Income Non Operating": 44000000.0,
        "Operating Income": 102000000.0,
        "Operating Expense": 748000000.0,
        "Depreciation Amortization Depletion Income Statement": 393000000.0,
        "Depreciation And Amortization In Income Statement": 393000000.0,
        "Selling General And Administration": 355000000.0,
        "Gross Profit": 850000000.0,
        "Cost Of Revenue": 2228000000.0,
        "Total Revenue": 3078000000.0,
        "Operating Revenue": 2880000000.0
    },
    "2024-03-31": {
        "Tax Effect Of Unusual Items": 11550000.0,
        "Tax Rate For Calcs": 0.21,
        "Normalized EBITDA": 694000000.0,
        "Total Unusual Items": 55000000.0,
        "Total Unusual Items Excluding Goodwill": 55000000.0,
        "Net Income From Continuing Operation Net Minority Interest": -35000000.0,
        "Reconciled Depreciation": 1177000000.0,
        "Reconciled Cost Of Revenue": 2062000000.0,
        "EBITDA": 749000000.0,
        "EBIT": 194000000.0,
        "Net Interest Income": -200000000.0,
        "Interest Expense": 196000000.0,
        "Interest Income": 23000000.0,
        "Normalized Income": -78450000.0,
        "Net Income From Continuing And Discontinued Operation": -35000000.0,
        "Total Expenses": 2968000000.0,
        "Total Operating Income As Reported": 86000000.0,
        "Diluted Average Shares": 348733986.0,
        "Basic Average Shares": 348733986.0,
        "Diluted EPS": -0.240871,
        "Basic EPS": -0.240871,
        "Diluted NI Availto Com Stockholders": -84000000.0,
        "Net Income Common Stockholders": -84000000.0,
        "Preferred Stock Dividends": 49000000.0,
        "Net Income": -35000000.0,
        "Minority Interests": -53000000.0,
        "Net Income Including Noncontrolling Interests": 18000000.0,
        "Net Income Continuous Operations": 18000000.0,
        "Tax Provision": -20000000.0,
        "Pretax Income": -2000000.0,
        "Other Income Expense": 112000000.0,
        "Other Non Operating Income Expenses": 57000000.0,
        "Special Income Charges": 8000000.0,
        "Gain On Sale Of Ppe": 1000000.0,
        "Other Special Charges": -7000000.0,
        "Impairment Of Capital Assets": 0.0,
        "Gain On Sale Of Security": 47000000.0,
        "Net Non Operating Interest Income Expense": -200000000.0,
        "Total Other Finance Cost": 27000000.0,
        "Interest Expense Non Operating": 196000000.0,
        "Interest Income Non Operating": 23000000.0,
        "Operating Income": 86000000.0,
        "Operating Expense": 754000000.0,
        "Depreciation Amortization Depletion Income Statement": 403000000.0,
        "Depreciation And Amortization In Income Statement": 403000000.0,
        "Selling General And Administration": 351000000.0,
        "Gross Profit": 840000000.0,
        "Cost Of Revenue": 2214000000.0,
        "Total Revenue": 3054000000.0,
        "Operating Revenue": 3159000000.0
    },
    "2024-06-30": {
        "Tax Effect Of Unusual Items": 2794000.0,
        "Tax Rate For Calcs": 0.254,
        "Normalized EBITDA": 1282000000.0,
        "Total Unusual Items": 11000000.0,
        "Total Unusual Items Excluding Goodwill": 11000000.0,
        "Net Income From Continuing Operation Net Minority Interest": 365000000.0,
        "Reconciled Depreciation": 437000000.0,
        "Reconciled Cost Of Revenue": 2225000000.0,
        "EBITDA": 1293000000.0,
        "EBIT": 856000000.0,
        "Net Interest Income": -234000000.0,
        "Interest Expense": 230000000.0,
        "Interest Income": 18000000.0,
        "Normalized Income": 356794000.0,
        "Net Income From Continuing And Discontinued Operation": 365000000.0,
        "Total Expenses": 3037000000.0,
        "Total Operating Income As Reported": 808000000.0,
        "Diluted Average Shares": 345293460.0,
        "Basic Average Shares": 345293460.0,
        "Diluted EPS": 1.057072,
        "Basic EPS": 1.057072,
        "Diluted NI Availto Com Stockholders": 318000000.0,
        "Net Income Common Stockholders": 318000000.0,
        "Preferred Stock Dividends": 47000000.0,
        "Net Income": 365000000.0,
        "Minority Interests": -102000000.0,
        "Net Income Including Noncontrolling Interests": 467000000.0,
        "Net Income Continuous Operations": 467000000.0,
        "Tax Provision": 159000000.0,
        "Pretax Income": 626000000.0,
        "Other Income Expense": 52000000.0,
        "Other Non Operating Income Expenses": 41000000.0,
        "Special Income Charges": 0.0,
        "Gain On Sale Of Ppe": 0.0,
        "Other Special Charges": NaN,
        "Impairment Of Capital Assets": 0.0,
        "Gain On Sale Of Security": 11000000.0,
        "Net Non Operating Interest Income Expense": -234000000.0,
        "Total Other Finance Cost": 22000000.0,
        "Interest Expense Non Operating": 230000000.0,
        "Interest Income Non Operating": 18000000.0,
        "Operating Income": 808000000.0,
        "Operating Expense": 812000000.0,
        "Depreciation Amortization Depletion Income Statement": 437000000.0,
        "Depreciation And Amortization In Income Statement": 437000000.0,
        "Selling General And Administration": 375000000.0,
        "Gross Profit": 1620000000.0,
        "Cost Of Revenue": 2225000000.0,
        "Total Revenue": 3845000000.0,
        "Operating Revenue": 3599000000.0
    },
    "2024-09-30": {
        "Tax Effect Of Unusual Items": -13456000.0,
        "Tax Rate For Calcs": 0.232,
        "Normalized EBITDA": 3140000000.0,
        "Total Unusual Items": -58000000.0,
        "Total Unusual Items Excluding Goodwill": -58000000.0,
        "Net Income From Continuing Operation Net Minority Interest": 1888000000.0,
        "Reconciled Depreciation": 466000000.0,
        "Reconciled Cost Of Revenue": 2823000000.0,
        "EBITDA": 3082000000.0,
        "EBIT": 2616000000.0,
        "Net Interest Income": -239000000.0,
        "Interest Expense": 224000000.0,
        "Interest Income": 9000000.0,
        "Normalized Income": 1932544000.0,
        "Net Income From Continuing And Discontinued Operation": 1888000000.0,
        "Total Expenses": 3700000000.0,
        "Total Operating Income As Reported": 2588000000.0,
        "Diluted Average Shares": 340717442.0,
        "Basic Average Shares": 340717442.0,
        "Diluted EPS": 5.541248,
        "Basic EPS": 5.541248,
        "Diluted NI Availto Com Stockholders": 1840000000.0,
        "Net Income Common Stockholders": 1840000000.0,
        "Preferred Stock Dividends": 48000000.0,
        "Net Income": 1888000000.0,
        "Minority Interests": 51000000.0,
        "Net Income Including Noncontrolling Interests": 1837000000.0,
        "Net Income Continuous Operations": 1837000000.0,
        "Tax Provision": 555000000.0,
        "Pretax Income": 2392000000.0,
        "Other Income Expense": 43000000.0,
        "Other Non Operating Income Expenses": 101000000.0,
        "Special Income Charges": 26000000.0,
        "Gain On Sale Of Ppe": 5000000.0,
        "Other Special Charges": -21000000.0,
        "Impairment Of Capital Assets": 0.0,
        "Gain On Sale Of Security": -84000000.0,
        "Net Non Operating Interest Income Expense": -239000000.0,
        "Total Other Finance Cost": 24000000.0,
        "Interest Expense Non Operating": 224000000.0,
        "Interest Income Non Operating": 9000000.0,
        "Operating Income": 2588000000.0,
        "Operating Expense": 877000000.0,
        "Depreciation Amortization Depletion Income Statement": 466000000.0,
        "Depreciation And Amortization In Income Statement": 466000000.0,
        "Selling General And Administration": 411000000.0,
        "Gross Profit": 3465000000.0,
        "Cost Of Revenue": 2823000000.0,
        "Total Revenue": 6288000000.0,
        "Operating Revenue": 4341000000.0
    }
}