{
    "2023-03-31": {
        "Tax Effect Of Unusual Items": NaN,
        "Tax Rate For Calcs": NaN,
        "Normalized EBITDA": NaN,
        "Net Income From Continuing Operation Net Minority Interest": NaN,
        "Reconciled Depreciation": NaN,
        "EBITDA": NaN,
        "EBIT": NaN,
        "Net Interest Income": NaN,
        "Interest Expense": NaN,
        "Interest Income": NaN,
        "Normalized Income": NaN,
        "Net Income From Continuing And Discontinued Operation": NaN,
        "Total Expenses": NaN,
        "Total Operating Income As Reported": NaN,
        "Diluted Average Shares": 16723000.0,
        "Basic Average Shares": 16723000.0,
        "Diluted EPS": -0.94,
        "Basic EPS": -0.94,
        "Diluted NI Availto Com Stockholders": NaN,
        "Net Income Common Stockholders": NaN,
        "Net Income": NaN,
        "Net Income Including Noncontrolling Interests": NaN,
        "Net Income Continuous Operations": NaN,
        "Pretax Income": NaN,
        "Other Income Expense": NaN,
        "Other Non Operating Income Expenses": NaN,
        "Net Non Operating Interest Income Expense": NaN,
        "Interest Expense Non Operating": NaN,
        "Interest Income Non Operating": NaN,
        "Operating Income": NaN,
        "Operating Expense": NaN,
        "Research And Development": NaN,
        "Selling General And Administration": NaN,
        "Total Revenue": NaN,
        "Operating Revenue": NaN
    },
    "2022-12-31": {
        "Tax Effect Of Unusual Items": 0.0,
        "Tax Rate For Calcs": 0.0,
        "Normalized EBITDA": -16084000.0,
        "Net Income From Continuing Operation Net Minority Interest": -16808000.0,
        "Reconciled Depreciation": -12000.0,
        "EBITDA": -16084000.0,
        "EBIT": -16084000.0,
        "Net Interest Income": 45000.0,
        "Interest Expense": 724000.0,
        "Interest Income": 769000.0,
        "Normalized Income": -16808000.0,
        "Net Income From Continuing And Discontinued Operation": -16808000.0,
        "Total Expenses": 16846000.0,
        "Total Operating Income As Reported": -16846000.0,
        "Diluted Average Shares": NaN,
        "Basic Average Shares": NaN,
        "Diluted EPS": NaN,
        "Basic EPS": NaN,
        "Diluted NI Availto Com Stockholders": -16808000.0,
        "Net Income Common Stockholders": -16808000.0,
        "Net Income": -16808000.0,
        "Net Income Including Noncontrolling Interests": -16808000.0,
        "Net Income Continuous Operations": -16808000.0,
        "Pretax Income": -16808000.0,
        "Other Income Expense": -7000.0,
        "Other Non Operating Income Expenses": -7000.0,
        "Net Non Operating Interest Income Expense": 45000.0,
        "Interest Expense Non Operating": 724000.0,
        "Interest Income Non Operating": 769000.0,
        "Operating Income": -16846000.0,
        "Operating Expense": 16846000.0,
        "Research And Development": 10740000.0,
        "Selling General And Administration": 6106000.0,
        "Total Revenue": 0.0,
        "Operating Revenue": 0.0
    },
    "2022-09-30": {
        "Tax Effect Of Unusual Items": NaN,
        "Tax Rate For Calcs": NaN,
        "Normalized EBITDA": NaN,
        "Net Income From Continuing Operation Net Minority Interest": NaN,
        "Reconciled Depreciation": NaN,
        "EBITDA": NaN,
        "EBIT": NaN,
        "Net Interest Income": NaN,
        "Interest Expense": NaN,
        "Interest Income": NaN,
        "Normalized Income": NaN,
        "Net Income From Continuing And Discontinued Operation": NaN,
        "Total Expenses": NaN,
        "Total Operating Income As Reported": NaN,
        "Diluted Average Shares": 16430000.0,
        "Basic Average Shares": 16430000.0,
        "Diluted EPS": -1.1,
        "Basic EPS": -1.1,
        "Diluted NI Availto Com Stockholders": NaN,
        "Net Income Common Stockholders": NaN,
        "Net Income": NaN,
        "Net Income Including Noncontrolling Interests": NaN,
        "Net Income Continuous Operations": NaN,
        "Pretax Income": NaN,
        "Other Income Expense": NaN,
        "Other Non Operating Income Expenses": NaN,
        "Net Non Operating Interest Income Expense": NaN,
        "Interest Expense Non Operating": NaN,
        "Interest Income Non Operating": NaN,
        "Operating Income": NaN,
        "Operating Expense": NaN,
        "Research And Development": NaN,
        "Selling General And Administration": NaN,
        "Total Revenue": NaN,
        "Operating Revenue": NaN
    },
    "2022-06-30": {
        "Tax Effect Of Unusual Items": 0.0,
        "Tax Rate For Calcs": 0.0,
        "Normalized EBITDA": -21312000.0,
        "Net Income From Continuing Operation Net Minority Interest": -21952000.0,
        "Reconciled Depreciation": -6000.0,
        "EBITDA": -21312000.0,
        "EBIT": -21312000.0,
        "Net Interest Income": -556000.0,
        "Interest Expense": 640000.0,
        "Interest Income": 84000.0,
        "Normalized Income": -21952000.0,
        "Net Income From Continuing And Discontinued Operation": -21952000.0,
        "Total Expenses": 21402000.0,
        "Total Operating Income As Reported": -21402000.0,
        "Diluted Average Shares": 15539000.0,
        "Basic Average Shares": 15539000.0,
        "Diluted EPS": -1.41,
        "Basic EPS": -1.41,
        "Diluted NI Availto Com Stockholders": -21952000.0,
        "Net Income Common Stockholders": -21952000.0,
        "Net Income": -21952000.0,
        "Net Income Including Noncontrolling Interests": -21952000.0,
        "Net Income Continuous Operations": -21952000.0,
        "Pretax Income": -21952000.0,
        "Other Income Expense": 6000.0,
        "Other Non Operating Income Expenses": 6000.0,
        "Net Non Operating Interest Income Expense": -556000.0,
        "Interest Expense Non Operating": 640000.0,
        "Interest Income Non Operating": 84000.0,
        "Operating Income": -21402000.0,
        "Operating Expense": 21402000.0,
        "Research And Development": 14888000.0,
        "Selling General And Administration": 6514000.0,
        "Total Revenue": 0.0,
        "Operating Revenue": 0.0
    },
    "2022-03-31": {
        "Diluted EPS": -1.08,
        "Total Revenue": 3,
        "Gross Profit": 3,
        "Operating Income": -17,
        "EBIT": -17,
        "Net Income": -17
    },
    "2021-12-31": {
        "Diluted EPS": -1.08,
        "Total Revenue": 1,
        "Gross Profit": 1,
        "Operating Income": -17,
        "EBIT": -16,
        "Net Income": -16
    },
    "2021-09-30": {
        "Diluted EPS": -1.56,
        "Total Revenue": 0,
        "Gross Profit": 0,
        "Operating Income": -15,
        "EBIT": -7,
        "Net Income": -23
    },
    "2021-06-30": {
        "Diluted EPS": -1.2,
        "Total Revenue": 1,
        "Gross Profit": 1,
        "Operating Income": -16,
        "EBIT": -15,
        "Net Income": -17
    },
    "2021-03-31": {
        "Diluted EPS": -1.08,
        "Total Revenue": 1,
        "Gross Profit": 1,
        "Operating Income": -14,
        "EBIT": -13,
        "Net Income": -15
    },
    "2020-12-31": {
        "Diluted EPS": -0.36,
        "Total Revenue": 1,
        "Gross Profit": 0,
        "Operating Income": -17,
        "EBIT": -16,
        "Net Income": -20
    },
    "2020-09-30": {
        "Diluted EPS": 0.96,
        "Total Revenue": 79,
        "Gross Profit": 47,
        "Operating Income": 15,
        "EBIT": 16,
        "Net Income": 13
    },
    "2020-06-30": {
        "Diluted EPS": -1.68,
        "Total Revenue": 4,
        "Gross Profit": 4,
        "Operating Income": -21,
        "EBIT": -20,
        "Net Income": -23
    },
    "2020-03-31": {
        "Diluted EPS": -4.2,
        "Total Revenue": 5,
        "Gross Profit": 5,
        "Operating Income": -26,
        "EBIT": -17,
        "Net Income": -38
    },
    "2019-12-31": {
        "Diluted EPS": -6.0,
        "Total Revenue": 4,
        "Gross Profit": 2,
        "Operating Income": -33,
        "EBIT": -30,
        "Net Income": -39
    },
    "2019-09-30": {
        "Diluted EPS": -4.92,
        "Total Revenue": 9,
        "Gross Profit": 8,
        "Operating Income": -26,
        "EBIT": -24,
        "Net Income": -30
    },
    "2019-06-30": {
        "Diluted EPS": -6.84,
        "Total Revenue": 3,
        "Gross Profit": 3,
        "Operating Income": -38,
        "EBIT": -37,
        "Net Income": -42
    },
    "2019-03-31": {
        "Diluted EPS": -6.24,
        "Total Revenue": 2,
        "Gross Profit": 2,
        "Operating Income": -35,
        "EBIT": -33,
        "Net Income": -38
    },
    "2018-12-31": {
        "Diluted EPS": -4.44,
        "Total Revenue": 1,
        "Gross Profit": 1,
        "Operating Income": -34,
        "EBIT": -32,
        "Net Income": -11
    },
    "2018-09-30": {
        "Diluted EPS": -3.48,
        "Total Revenue": 16,
        "Gross Profit": 15,
        "Operating Income": -22,
        "EBIT": -21,
        "Net Income": -22
    },
    "2018-06-30": {
        "Diluted EPS": -3.6,
        "Total Revenue": 10,
        "Gross Profit": 10,
        "Operating Income": -18,
        "EBIT": -17,
        "Net Income": -18
    },
    "2018-03-31": {
        "Diluted EPS": -4.92,
        "Total Revenue": NaN,
        "Gross Profit": NaN,
        "Operating Income": -21,
        "EBIT": -21,
        "Net Income": -21
    },
    "2017-12-31": {
        "Diluted EPS": -5.28,
        "Total Revenue": NaN,
        "Gross Profit": NaN,
        "Operating Income": -18,
        "EBIT": -18,
        "Net Income": -18
    },
    "2017-09-30": {
        "Diluted EPS": -7.32,
        "Total Revenue": NaN,
        "Gross Profit": NaN,
        "Operating Income": -23,
        "EBIT": -23,
        "Net Income": -23
    },
    "2017-06-30": {
        "Diluted EPS": -4.32,
        "Total Revenue": NaN,
        "Gross Profit": NaN,
        "Operating Income": -13,
        "EBIT": -13,
        "Net Income": -13
    },
    "2017-03-31": {
        "Diluted EPS": -4.2,
        "Total Revenue": NaN,
        "Gross Profit": NaN,
        "Operating Income": -13,
        "EBIT": -13,
        "Net Income": -13
    },
    "2016-12-31": {
        "Diluted EPS": -3.96,
        "Total Revenue": NaN,
        "Gross Profit": NaN,
        "Operating Income": -12,
        "EBIT": -12,
        "Net Income": -12
    },
    "2016-09-30": {
        "Diluted EPS": -2.52,
        "Total Revenue": NaN,
        "Gross Profit": NaN,
        "Operating Income": -8,
        "EBIT": -8,
        "Net Income": -8
    },
    "2016-06-30": {
        "Diluted EPS": -2.76,
        "Total Revenue": NaN,
        "Gross Profit": NaN,
        "Operating Income": -9,
        "EBIT": -9,
        "Net Income": -9
    },
    "2016-03-31": {
        "Diluted EPS": -2.64,
        "Total Revenue": NaN,
        "Gross Profit": NaN,
        "Operating Income": -8,
        "EBIT": -8,
        "Net Income": -8
    },
    "2015-12-31": {
        "Diluted EPS": -3.72,
        "Total Revenue": NaN,
        "Gross Profit": NaN,
        "Operating Income": -12,
        "EBIT": -12,
        "Net Income": -12
    },
    "2015-09-30": {
        "Diluted EPS": -5.04,
        "Total Revenue": NaN,
        "Gross Profit": NaN,
        "Operating Income": -16,
        "EBIT": -15,
        "Net Income": -15
    },
    "2015-06-30": {
        "Diluted EPS": -5.04,
        "Total Revenue": NaN,
        "Gross Profit": NaN,
        "Operating Income": -15,
        "EBIT": -15,
        "Net Income": -15
    },
    "2015-03-31": {
        "Diluted EPS": -5.52,
        "Total Revenue": NaN,
        "Gross Profit": NaN,
        "Operating Income": -15,
        "EBIT": -15,
        "Net Income": -15
    },
    "2014-12-31": {
        "Diluted EPS": -6.36,
        "Total Revenue": NaN,
        "Gross Profit": NaN,
        "Operating Income": -14,
        "EBIT": -14,
        "Net Income": -14
    },
    "2014-09-30": {
        "Diluted EPS": -6.24,
        "Total Revenue": NaN,
        "Gross Profit": NaN,
        "Operating Income": -13,
        "EBIT": -13,
        "Net Income": -13
    },
    "2014-06-30": {
        "Diluted EPS": -6.12,
        "Total Revenue": NaN,
        "Gross Profit": NaN,
        "Operating Income": -13,
        "EBIT": -13,
        "Net Income": -13
    },
    "2014-03-31": {
        "Diluted EPS": -6.12,
        "Total Revenue": NaN,
        "Gross Profit": NaN,
        "Operating Income": -13,
        "EBIT": -13,
        "Net Income": -13
    },
    "2013-12-31": {
        "Diluted EPS": -5.4,
        "Total Revenue": NaN,
        "Gross Profit": NaN,
        "Operating Income": -11,
        "EBIT": -11,
        "Net Income": -11
    },
    "2013-09-30": {
        "Diluted EPS": -5.28,
        "Total Revenue": NaN,
        "Gross Profit": NaN,
        "Operating Income": -11,
        "EBIT": -11,
        "Net Income": -11
    },
    "2013-06-30": {
        "Diluted EPS": -5.88,
        "Total Revenue": NaN,
        "Gross Profit": NaN,
        "Operating Income": -10,
        "EBIT": -10,
        "Net Income": -10
    },
    "2013-03-31": {
        "Diluted EPS": -5.28,
        "Total Revenue": NaN,
        "Gross Profit": NaN,
        "Operating Income": -9,
        "EBIT": -9,
        "Net Income": -9
    },
    "2012-12-31": {
        "Diluted EPS": -4.56,
        "Total Revenue": NaN,
        "Gross Profit": NaN,
        "Operating Income": -8,
        "EBIT": -8,
        "Net Income": -8
    },
    "2012-09-30": {
        "Diluted EPS": -6.12,
        "Total Revenue": NaN,
        "Gross Profit": NaN,
        "Operating Income": -10,
        "EBIT": -10,
        "Net Income": -10
    },
    "2012-06-30": {
        "Diluted EPS": -4.08,
        "Total Revenue": NaN,
        "Gross Profit": NaN,
        "Operating Income": -7,
        "EBIT": -7,
        "Net Income": -7
    },
    "2012-03-31": {
        "Diluted EPS": -5.64,
        "Total Revenue": NaN,
        "Gross Profit": NaN,
        "Operating Income": -7,
        "EBIT": -7,
        "Net Income": -7
    },
    "2011-12-31": {
        "Diluted EPS": -54.26,
        "Total Revenue": NaN,
        "Gross Profit": NaN,
        "Operating Income": -6,
        "EBIT": -6,
        "Net Income": -6
    },
    "2011-09-30": {
        "Diluted EPS": -35.77,
        "Total Revenue": NaN,
        "Gross Profit": NaN,
        "Operating Income": -4,
        "EBIT": -4,
        "Net Income": -4
    },
    "2011-06-30": {
        "Diluted EPS": -24.37,
        "Total Revenue": NaN,
        "Gross Profit": NaN,
        "Operating Income": -2,
        "EBIT": -2,
        "Net Income": -2
    },
    "2011-03-31": {
        "Diluted EPS": -12.73,
        "Total Revenue": NaN,
        "Gross Profit": NaN,
        "Operating Income": -1,
        "EBIT": -1,
        "Net Income": -1
    },
    "2010-12-31": {
        "Diluted EPS": 0.0,
        "Total Revenue": NaN,
        "Gross Profit": NaN,
        "Operating Income": NaN,
        "EBIT": NaN,
        "Net Income": NaN
    },
    "2023-06-30": {
        "Tax Effect Of Unusual Items": NaN,
        "Tax Rate For Calcs": NaN,
        "Normalized EBITDA": NaN,
        "Total Unusual Items": NaN,
        "Total Unusual Items Excluding Goodwill": NaN,
        "Net Income From Continuing Operation Net Minority Interest": NaN,
        "Reconciled Depreciation": NaN,
        "EBITDA": NaN,
        "EBIT": NaN,
        "Net Interest Income": NaN,
        "Interest Expense": NaN,
        "Interest Income": NaN,
        "Normalized Income": NaN,
        "Net Income From Continuing And Discontinued Operation": NaN,
        "Total Expenses": NaN,
        "Total Operating Income As Reported": NaN,
        "Diluted Average Shares": 17732000.0,
        "Basic Average Shares": 17732000.0,
        "Diluted EPS": -1.37,
        "Basic EPS": -1.37,
        "Diluted NI Availto Com Stockholders": NaN,
        "Net Income Common Stockholders": NaN,
        "Net Income": NaN,
        "Net Income Including Noncontrolling Interests": NaN,
        "Net Income Continuous Operations": NaN,
        "Pretax Income": NaN,
        "Other Income Expense": NaN,
        "Other Non Operating Income Expenses": NaN,
        "Gain On Sale Of Security": NaN,
        "Net Non Operating Interest Income Expense": NaN,
        "Interest Expense Non Operating": NaN,
        "Interest Income Non Operating": NaN,
        "Operating Income": NaN,
        "Operating Expense": NaN,
        "Research And Development": NaN,
        "Selling General And Administration": NaN,
        "Total Revenue": NaN,
        "Operating Revenue": NaN
    },
    "2023-09-30": {
        "Tax Effect Of Unusual Items": 0.0,
        "Tax Rate For Calcs": 0.0,
        "Normalized EBITDA": -18870000.0,
        "Total Unusual Items": NaN,
        "Total Unusual Items Excluding Goodwill": NaN,
        "Net Income From Continuing Operation Net Minority Interest": -20004000.0,
        "Reconciled Depreciation": 5000.0,
        "EBITDA": -18870000.0,
        "EBIT": -18875000.0,
        "Net Interest Income": 1118000.0,
        "Interest Expense": 1129000.0,
        "Interest Income": 2247000.0,
        "Normalized Income": -20004000.0,
        "Net Income From Continuing And Discontinued Operation": -20004000.0,
        "Total Expenses": 21309000.0,
        "Total Operating Income As Reported": -21309000.0,
        "Diluted Average Shares": 26790000.0,
        "Basic Average Shares": 26790000.0,
        "Diluted EPS": -0.75,
        "Basic EPS": -0.75,
        "Diluted NI Availto Com Stockholders": -20004000.0,
        "Net Income Common Stockholders": -20004000.0,
        "Net Income": -20004000.0,
        "Net Income Including Noncontrolling Interests": -20004000.0,
        "Net Income Continuous Operations": -20004000.0,
        "Pretax Income": -20004000.0,
        "Other Income Expense": 187000.0,
        "Other Non Operating Income Expenses": 187000.0,
        "Gain On Sale Of Security": NaN,
        "Net Non Operating Interest Income Expense": 1118000.0,
        "Interest Expense Non Operating": 1129000.0,
        "Interest Income Non Operating": 2247000.0,
        "Operating Income": -21309000.0,
        "Operating Expense": 21309000.0,
        "Research And Development": 13946000.0,
        "Selling General And Administration": 7363000.0,
        "Total Revenue": 0.0,
        "Operating Revenue": 0.0
    },
    "2023-12-31": {
        "Tax Effect Of Unusual Items": 0.0,
        "Tax Rate For Calcs": 0.0,
        "Normalized EBITDA": -26248000.0,
        "Total Unusual Items": NaN,
        "Total Unusual Items Excluding Goodwill": NaN,
        "Net Income From Continuing Operation Net Minority Interest": -27368000.0,
        "Reconciled Depreciation": -41000.0,
        "EBITDA": -26248000.0,
        "EBIT": -26248000.0,
        "Net Interest Income": 749000.0,
        "Interest Expense": 1120000.0,
        "Interest Income": 1869000.0,
        "Normalized Income": -27368000.0,
        "Net Income From Continuing And Discontinued Operation": -27368000.0,
        "Total Expenses": 31139000.0,
        "Total Operating Income As Reported": -31139000.0,
        "Diluted Average Shares": NaN,
        "Basic Average Shares": NaN,
        "Diluted EPS": NaN,
        "Basic EPS": NaN,
        "Diluted NI Availto Com Stockholders": -27368000.0,
        "Net Income Common Stockholders": -27368000.0,
        "Net Income": -27368000.0,
        "Net Income Including Noncontrolling Interests": -27368000.0,
        "Net Income Continuous Operations": -27368000.0,
        "Pretax Income": -27368000.0,
        "Other Income Expense": 3022000.0,
        "Other Non Operating Income Expenses": 3022000.0,
        "Gain On Sale Of Security": NaN,
        "Net Non Operating Interest Income Expense": 749000.0,
        "Interest Expense Non Operating": 1120000.0,
        "Interest Income Non Operating": 1869000.0,
        "Operating Income": -31139000.0,
        "Operating Expense": 31139000.0,
        "Research And Development": 22502000.0,
        "Selling General And Administration": 8637000.0,
        "Total Revenue": 0.0,
        "Operating Revenue": 0.0
    },
    "2024-03-31": {
        "Tax Effect Of Unusual Items": 0.0,
        "Tax Rate For Calcs": 0.0,
        "Normalized EBITDA": -32733000.0,
        "Total Unusual Items": NaN,
        "Total Unusual Items Excluding Goodwill": NaN,
        "Net Income From Continuing Operation Net Minority Interest": -33863000.0,
        "Reconciled Depreciation": -40000.0,
        "EBITDA": -32733000.0,
        "EBIT": -32733000.0,
        "Net Interest Income": 237000.0,
        "Interest Expense": 1130000.0,
        "Interest Income": 1367000.0,
        "Normalized Income": -33863000.0,
        "Net Income From Continuing And Discontinued Operation": -33863000.0,
        "Total Expenses": 28059000.0,
        "Total Operating Income As Reported": -28059000.0,
        "Diluted Average Shares": 26832000.0,
        "Basic Average Shares": 26832000.0,
        "Diluted EPS": -1.26,
        "Basic EPS": -1.26,
        "Diluted NI Availto Com Stockholders": -33863000.0,
        "Net Income Common Stockholders": -33863000.0,
        "Net Income": -33863000.0,
        "Net Income Including Noncontrolling Interests": -33863000.0,
        "Net Income Continuous Operations": -33863000.0,
        "Pretax Income": -33863000.0,
        "Other Income Expense": -6041000.0,
        "Other Non Operating Income Expenses": -6041000.0,
        "Gain On Sale Of Security": NaN,
        "Net Non Operating Interest Income Expense": 237000.0,
        "Interest Expense Non Operating": 1130000.0,
        "Interest Income Non Operating": 1367000.0,
        "Operating Income": -28059000.0,
        "Operating Expense": 28059000.0,
        "Research And Development": 17707000.0,
        "Selling General And Administration": 10352000.0,
        "Total Revenue": 0.0,
        "Operating Revenue": 0.0
    },
    "2024-06-30": {
        "Tax Effect Of Unusual Items": 0.0,
        "Tax Rate For Calcs": 0.0,
        "Normalized EBITDA": -7066000.0,
        "Total Unusual Items": NaN,
        "Total Unusual Items Excluding Goodwill": NaN,
        "Net Income From Continuing Operation Net Minority Interest": -8256000.0,
        "Reconciled Depreciation": 52000.0,
        "EBITDA": -7066000.0,
        "EBIT": -7118000.0,
        "Net Interest Income": -155000.0,
        "Interest Expense": 1138000.0,
        "Interest Income": 983000.0,
        "Normalized Income": -8256000.0,
        "Net Income From Continuing And Discontinued Operation": -8256000.0,
        "Total Expenses": 28277000.0,
        "Total Operating Income As Reported": -18277000.0,
        "Diluted Average Shares": 26861000.0,
        "Basic Average Shares": 26861000.0,
        "Diluted EPS": -0.31,
        "Basic EPS": -0.31,
        "Diluted NI Availto Com Stockholders": -8256000.0,
        "Net Income Common Stockholders": -8256000.0,
        "Net Income": -8256000.0,
        "Net Income Including Noncontrolling Interests": -8256000.0,
        "Net Income Continuous Operations": -8256000.0,
        "Pretax Income": -8256000.0,
        "Other Income Expense": 10176000.0,
        "Other Non Operating Income Expenses": 10176000.0,
        "Gain On Sale Of Security": NaN,
        "Net Non Operating Interest Income Expense": -155000.0,
        "Interest Expense Non Operating": 1138000.0,
        "Interest Income Non Operating": 983000.0,
        "Operating Income": -18277000.0,
        "Operating Expense": 28277000.0,
        "Research And Development": 18062000.0,
        "Selling General And Administration": 10215000.0,
        "Total Revenue": 10000000.0,
        "Operating Revenue": 10000000.0
    },
    "2024-09-30": {
        "Tax Effect Of Unusual Items": 0.0,
        "Tax Rate For Calcs": 0.0,
        "Normalized EBITDA": -36269000.0,
        "Total Unusual Items": 13457000.0,
        "Total Unusual Items Excluding Goodwill": 13457000.0,
        "Net Income From Continuing Operation Net Minority Interest": -23967000.0,
        "Reconciled Depreciation": 7000.0,
        "EBITDA": -22812000.0,
        "EBIT": -22819000.0,
        "Net Interest Income": -317000.0,
        "Interest Expense": 1148000.0,
        "Interest Income": 831000.0,
        "Normalized Income": -37424000.0,
        "Net Income From Continuing And Discontinued Operation": -23967000.0,
        "Total Expenses": 37030000.0,
        "Total Operating Income As Reported": -37030000.0,
        "Diluted Average Shares": 40258000.0,
        "Basic Average Shares": 40258000.0,
        "Diluted EPS": -0.6,
        "Basic EPS": -0.6,
        "Diluted NI Availto Com Stockholders": -23967000.0,
        "Net Income Common Stockholders": -23967000.0,
        "Net Income": -23967000.0,
        "Net Income Including Noncontrolling Interests": -23967000.0,
        "Net Income Continuous Operations": -23967000.0,
        "Pretax Income": -23967000.0,
        "Other Income Expense": 13380000.0,
        "Other Non Operating Income Expenses": -77000.0,
        "Gain On Sale Of Security": 13457000.0,
        "Net Non Operating Interest Income Expense": -317000.0,
        "Interest Expense Non Operating": 1148000.0,
        "Interest Income Non Operating": 831000.0,
        "Operating Income": -37030000.0,
        "Operating Expense": 37030000.0,
        "Research And Development": 24754000.0,
        "Selling General And Administration": 12276000.0,
        "Total Revenue": 0.0,
        "Operating Revenue": 0.0
    }
}