{
    "2023-03-31": {
        "Tax Effect Of Unusual Items": 0.0,
        "Tax Rate For Calcs": 0.21,
        "Normalized EBITDA": -12086500.0,
        "Net Income From Continuing Operation Net Minority Interest": -12227000.0,
        "Reconciled Depreciation": 137100.0,
        "EBITDA": -12086500.0,
        "EBIT": -12223600.0,
        "Net Interest Income": 12000.0,
        "Interest Expense": 3000.0,
        "Interest Income": 15000.0,
        "Normalized Income": -12227000.0,
        "Net Income From Continuing And Discontinued Operation": -12227000.0,
        "Total Expenses": 12492300.0,
        "Rent Expense Supplemental": 118000.0,
        "Total Operating Income As Reported": -12239100.0,
        "Diluted Average Shares": NaN,
        "Basic Average Shares": NaN,
        "Diluted EPS": NaN,
        "Basic EPS": NaN,
        "Diluted NI Availto Com Stockholders": -12227000.0,
        "Net Income Common Stockholders": -12227000.0,
        "Net Income": -12227000.0,
        "Net Income Including Noncontrolling Interests": -12227000.0,
        "Net Income Continuous Operations": -12227000.0,
        "Tax Provision": 400.0,
        "Pretax Income": -12226600.0,
        "Other Income Expense": NaN,
        "Other Non Operating Income Expenses": NaN,
        "Net Non Operating Interest Income Expense": 12000.0,
        "Interest Expense Non Operating": 3000.0,
        "Interest Income Non Operating": 15000.0,
        "Operating Income": -12316700.0,
        "Operating Expense": 12492300.0,
        "Research And Development": 9337300.0,
        "Selling General And Administration": 3155000.0,
        "Selling And Marketing Expense": 84000.0,
        "General And Administrative Expense": 3071000.0,
        "Other Gand A": 1157000.0,
        "Insurance And Claims": 349000.0,
        "Rent And Landing Fees": 118000.0,
        "Salaries And Wages": 1447000.0,
        "Total Revenue": 175600.0,
        "Operating Revenue": 175600.0
    },
    "2022-12-31": {
        "Tax Effect Of Unusual Items": NaN,
        "Tax Rate For Calcs": NaN,
        "Normalized EBITDA": NaN,
        "Net Income From Continuing Operation Net Minority Interest": NaN,
        "Reconciled Depreciation": NaN,
        "EBITDA": NaN,
        "EBIT": NaN,
        "Net Interest Income": NaN,
        "Interest Expense": 6000.0,
        "Interest Income": 5300.0,
        "Normalized Income": NaN,
        "Net Income From Continuing And Discontinued Operation": NaN,
        "Total Expenses": NaN,
        "Rent Expense Supplemental": 107000.0,
        "Total Operating Income As Reported": NaN,
        "Diluted Average Shares": 6894603.0,
        "Basic Average Shares": 6894603.0,
        "Diluted EPS": -1.42,
        "Basic EPS": -1.42,
        "Diluted NI Availto Com Stockholders": NaN,
        "Net Income Common Stockholders": NaN,
        "Net Income": NaN,
        "Net Income Including Noncontrolling Interests": NaN,
        "Net Income Continuous Operations": NaN,
        "Tax Provision": NaN,
        "Pretax Income": NaN,
        "Other Income Expense": -77000.0,
        "Other Non Operating Income Expenses": -77000.0,
        "Net Non Operating Interest Income Expense": NaN,
        "Interest Expense Non Operating": 6000.0,
        "Interest Income Non Operating": 5300.0,
        "Operating Income": NaN,
        "Operating Expense": NaN,
        "Research And Development": NaN,
        "Selling General And Administration": NaN,
        "Selling And Marketing Expense": 93000.0,
        "General And Administrative Expense": NaN,
        "Other Gand A": NaN,
        "Insurance And Claims": 654000.0,
        "Rent And Landing Fees": 107000.0,
        "Salaries And Wages": 1543000.0,
        "Total Revenue": NaN,
        "Operating Revenue": NaN
    },
    "2022-09-30": {
        "Tax Effect Of Unusual Items": NaN,
        "Tax Rate For Calcs": NaN,
        "Normalized EBITDA": NaN,
        "Net Income From Continuing Operation Net Minority Interest": NaN,
        "Reconciled Depreciation": NaN,
        "EBITDA": NaN,
        "EBIT": NaN,
        "Net Interest Income": NaN,
        "Interest Expense": 9000.0,
        "Interest Income": NaN,
        "Normalized Income": NaN,
        "Net Income From Continuing And Discontinued Operation": NaN,
        "Total Expenses": NaN,
        "Rent Expense Supplemental": 101000.0,
        "Total Operating Income As Reported": NaN,
        "Diluted Average Shares": 6893708.0,
        "Basic Average Shares": 6893708.0,
        "Diluted EPS": -2.54,
        "Basic EPS": -2.54,
        "Diluted NI Availto Com Stockholders": NaN,
        "Net Income Common Stockholders": NaN,
        "Net Income": NaN,
        "Net Income Including Noncontrolling Interests": NaN,
        "Net Income Continuous Operations": NaN,
        "Tax Provision": NaN,
        "Pretax Income": NaN,
        "Other Income Expense": NaN,
        "Other Non Operating Income Expenses": NaN,
        "Net Non Operating Interest Income Expense": NaN,
        "Interest Expense Non Operating": 9000.0,
        "Interest Income Non Operating": NaN,
        "Operating Income": NaN,
        "Operating Expense": NaN,
        "Research And Development": NaN,
        "Selling General And Administration": NaN,
        "Selling And Marketing Expense": 426000.0,
        "General And Administrative Expense": NaN,
        "Other Gand A": NaN,
        "Insurance And Claims": NaN,
        "Rent And Landing Fees": 101000.0,
        "Salaries And Wages": NaN,
        "Total Revenue": NaN,
        "Operating Revenue": NaN
    },
    "2022-06-30": {
        "Tax Effect Of Unusual Items": 0.0,
        "Tax Rate For Calcs": 0.4,
        "Normalized EBITDA": -19637500.0,
        "Total Unusual Items": 0.0,
        "Total Unusual Items Excluding Goodwill": 0.0,
        "Net Income From Continuing Operation Net Minority Interest": -19776300.0,
        "Reconciled Depreciation": 129300.0,
        "EBITDA": -19637500.0,
        "EBIT": -19766800.0,
        "Net Interest Income": 2000.0,
        "Interest Expense": 4000.0,
        "Interest Income": 6000.0,
        "Normalized Income": -19776300.0,
        "Net Income From Continuing And Discontinued Operation": -19776300.0,
        "Total Expenses": 20083400.0,
        "Rent Expense Supplemental": 93000.0,
        "Total Operating Income As Reported": -19773100.0,
        "Diluted Average Shares": 6886736.0,
        "Basic Average Shares": 6886736.0,
        "Diluted EPS": -2.87,
        "Basic EPS": -2.87,
        "Diluted NI Availto Com Stockholders": -19776300.0,
        "Net Income Common Stockholders": -19776300.0,
        "Net Income": -19776300.0,
        "Net Income Including Noncontrolling Interests": -19776300.0,
        "Net Income Continuous Operations": -19776300.0,
        "Tax Provision": 5500.0,
        "Pretax Income": -19770800.0,
        "Other Income Expense": NaN,
        "Other Non Operating Income Expenses": NaN,
        "Special Income Charges": 0.0,
        "Write Off": 0.0,
        "Net Non Operating Interest Income Expense": 2000.0,
        "Interest Expense Non Operating": 4000.0,
        "Interest Income Non Operating": 6000.0,
        "Operating Income": -19773300.0,
        "Operating Expense": 20083400.0,
        "Research And Development": 15291400.0,
        "Selling General And Administration": 4792000.0,
        "Selling And Marketing Expense": 1301000.0,
        "General And Administrative Expense": 3491000.0,
        "Other Gand A": 1349000.0,
        "Insurance And Claims": 330000.0,
        "Rent And Landing Fees": 93000.0,
        "Salaries And Wages": 1719000.0,
        "Total Revenue": 310100.0,
        "Operating Revenue": 310100.0
    },
    "2022-03-31": {
        "Diluted EPS": -2.58,
        "Total Revenue": 0,
        "Gross Profit": 0,
        "Operating Income": -17,
        "EBIT": -17,
        "Net Income": -17
    },
    "2021-12-31": {
        "Diluted EPS": -1.5,
        "Total Revenue": 0,
        "Gross Profit": 0,
        "Operating Income": -11,
        "EBIT": -10,
        "Net Income": -11
    },
    "2021-09-30": {
        "Diluted EPS": -2.1,
        "Total Revenue": 0,
        "Gross Profit": 0,
        "Operating Income": -13,
        "EBIT": -13,
        "Net Income": -13
    },
    "2021-06-30": {
        "Diluted EPS": -1.2,
        "Total Revenue": 0,
        "Gross Profit": 0,
        "Operating Income": -8,
        "EBIT": -8,
        "Net Income": -8
    },
    "2021-03-31": {
        "Diluted EPS": -9.01,
        "Total Revenue": 0,
        "Gross Profit": 0,
        "Operating Income": -6,
        "EBIT": -6,
        "Net Income": -30
    },
    "2020-12-31": {
        "Diluted EPS": -2.1,
        "Total Revenue": 0,
        "Gross Profit": 0,
        "Operating Income": -5,
        "EBIT": -5,
        "Net Income": -6
    },
    "2020-09-30": {
        "Diluted EPS": -1.5,
        "Total Revenue": 0,
        "Gross Profit": 0,
        "Operating Income": -3,
        "EBIT": -3,
        "Net Income": -4
    },
    "2020-06-30": {
        "Diluted EPS": -2.1,
        "Total Revenue": NaN,
        "Gross Profit": NaN,
        "Operating Income": -3,
        "EBIT": -3,
        "Net Income": -3
    },
    "2020-03-31": {
        "Diluted EPS": -2.1,
        "Total Revenue": NaN,
        "Gross Profit": NaN,
        "Operating Income": -3,
        "EBIT": -3,
        "Net Income": -4
    },
    "2019-12-31": {
        "Diluted EPS": -4.51,
        "Total Revenue": NaN,
        "Gross Profit": NaN,
        "Operating Income": -6,
        "EBIT": -6,
        "Net Income": -6
    },
    "2019-09-30": {
        "Diluted EPS": -3.9,
        "Total Revenue": NaN,
        "Gross Profit": NaN,
        "Operating Income": -5,
        "EBIT": -5,
        "Net Income": -6
    },
    "2019-06-30": {
        "Diluted EPS": -4.51,
        "Total Revenue": NaN,
        "Gross Profit": NaN,
        "Operating Income": -6,
        "EBIT": -6,
        "Net Income": -7
    },
    "2019-03-31": {
        "Diluted EPS": -4.81,
        "Total Revenue": NaN,
        "Gross Profit": NaN,
        "Operating Income": -6,
        "EBIT": -6,
        "Net Income": -6
    },
    "2018-12-31": {
        "Diluted EPS": -7.21,
        "Total Revenue": NaN,
        "Gross Profit": NaN,
        "Operating Income": -7,
        "EBIT": -7,
        "Net Income": -8
    },
    "2018-09-30": {
        "Diluted EPS": -9.01,
        "Total Revenue": NaN,
        "Gross Profit": NaN,
        "Operating Income": -7,
        "EBIT": -7,
        "Net Income": -8
    },
    "2018-06-30": {
        "Diluted EPS": -6.01,
        "Total Revenue": NaN,
        "Gross Profit": NaN,
        "Operating Income": -4,
        "EBIT": -4,
        "Net Income": -4
    },
    "2018-03-31": {
        "Diluted EPS": -1.8,
        "Total Revenue": NaN,
        "Gross Profit": NaN,
        "Operating Income": -4,
        "EBIT": -4,
        "Net Income": -4
    },
    "2017-12-31": {
        "Diluted EPS": -7.51,
        "Total Revenue": NaN,
        "Gross Profit": NaN,
        "Operating Income": -3,
        "EBIT": -3,
        "Net Income": -3
    },
    "2017-09-30": {
        "Diluted EPS": -15.92,
        "Total Revenue": NaN,
        "Gross Profit": NaN,
        "Operating Income": -5,
        "EBIT": -5,
        "Net Income": -5
    },
    "2017-06-30": {
        "Diluted EPS": -8.41,
        "Total Revenue": NaN,
        "Gross Profit": NaN,
        "Operating Income": -2,
        "EBIT": -2,
        "Net Income": -3
    },
    "2017-03-31": {
        "Diluted EPS": -8.11,
        "Total Revenue": NaN,
        "Gross Profit": NaN,
        "Operating Income": -3,
        "EBIT": -2,
        "Net Income": -3
    },
    "2016-12-31": {
        "Diluted EPS": -10.21,
        "Total Revenue": 1,
        "Gross Profit": 1,
        "Operating Income": -3,
        "EBIT": -3,
        "Net Income": -3
    },
    "2016-09-30": {
        "Diluted EPS": -12.61,
        "Total Revenue": NaN,
        "Gross Profit": NaN,
        "Operating Income": -3,
        "EBIT": -3,
        "Net Income": -3
    },
    "2016-06-30": {
        "Diluted EPS": -15.32,
        "Total Revenue": NaN,
        "Gross Profit": NaN,
        "Operating Income": -2,
        "EBIT": -2,
        "Net Income": -3
    },
    "2016-03-31": {
        "Diluted EPS": -79.28,
        "Total Revenue": NaN,
        "Gross Profit": NaN,
        "Operating Income": -9,
        "EBIT": -8,
        "Net Income": -9
    },
    "2015-12-31": {
        "Diluted EPS": -58.56,
        "Total Revenue": NaN,
        "Gross Profit": NaN,
        "Operating Income": -2,
        "EBIT": -2,
        "Net Income": -3
    },
    "2015-09-30": {
        "Diluted EPS": -157.96,
        "Total Revenue": NaN,
        "Gross Profit": NaN,
        "Operating Income": -5,
        "EBIT": -5,
        "Net Income": -9
    },
    "2015-06-30": {
        "Diluted EPS": -577.48,
        "Total Revenue": NaN,
        "Gross Profit": NaN,
        "Operating Income": -2,
        "EBIT": -1,
        "Net Income": -30
    },
    "2015-03-31": {
        "Diluted EPS": -118.02,
        "Total Revenue": NaN,
        "Gross Profit": NaN,
        "Operating Income": -3,
        "EBIT": -1,
        "Net Income": -6
    },
    "2014-12-31": {
        "Diluted EPS": -32.43,
        "Total Revenue": NaN,
        "Gross Profit": NaN,
        "Operating Income": -1,
        "EBIT": -1,
        "Net Income": -1
    },
    "2014-09-30": {
        "Diluted EPS": -57.06,
        "Total Revenue": NaN,
        "Gross Profit": NaN,
        "Operating Income": -1,
        "EBIT": -1,
        "Net Income": -2
    },
    "2014-06-30": {
        "Diluted EPS": -111.11,
        "Total Revenue": NaN,
        "Gross Profit": NaN,
        "Operating Income": -1,
        "EBIT": -1,
        "Net Income": -5
    },
    "2014-03-31": {
        "Diluted EPS": -59.46,
        "Total Revenue": NaN,
        "Gross Profit": NaN,
        "Operating Income": -1,
        "EBIT": -1,
        "Net Income": -2
    },
    "2013-12-31": {
        "Diluted EPS": -13.21,
        "Total Revenue": NaN,
        "Gross Profit": NaN,
        "Operating Income": -1,
        "EBIT": -1,
        "Net Income": 0
    },
    "2013-09-30": {
        "Diluted EPS": -41.14,
        "Total Revenue": NaN,
        "Gross Profit": NaN,
        "Operating Income": -1,
        "EBIT": -1,
        "Net Income": -1
    },
    "2013-06-30": {
        "Diluted EPS": -0.6,
        "Total Revenue": NaN,
        "Gross Profit": NaN,
        "Operating Income": -1,
        "EBIT": -1,
        "Net Income": 0
    },
    "2013-03-31": {
        "Diluted EPS": -5.71,
        "Total Revenue": NaN,
        "Gross Profit": NaN,
        "Operating Income": -1,
        "EBIT": -2,
        "Net Income": -4
    },
    "2012-12-31": {
        "Diluted EPS": -25.53,
        "Total Revenue": NaN,
        "Gross Profit": NaN,
        "Operating Income": -2,
        "EBIT": -2,
        "Net Income": -16
    },
    "2012-09-30": {
        "Diluted EPS": -3.6,
        "Total Revenue": NaN,
        "Gross Profit": NaN,
        "Operating Income": -2,
        "EBIT": -2,
        "Net Income": -2
    },
    "2012-06-30": {
        "Diluted EPS": -3.3,
        "Total Revenue": 0,
        "Gross Profit": 0,
        "Operating Income": -2,
        "EBIT": -2,
        "Net Income": -2
    },
    "2012-03-31": {
        "Diluted EPS": -5.41,
        "Total Revenue": 0,
        "Gross Profit": 0,
        "Operating Income": -3,
        "EBIT": -3,
        "Net Income": -3
    },
    "2011-12-31": {
        "Diluted EPS": -8.41,
        "Total Revenue": 0,
        "Gross Profit": 0,
        "Operating Income": -3,
        "EBIT": -3,
        "Net Income": -5
    },
    "2011-09-30": {
        "Diluted EPS": -4.51,
        "Total Revenue": 0,
        "Gross Profit": 0,
        "Operating Income": -2,
        "EBIT": -2,
        "Net Income": -2
    },
    "2011-06-30": {
        "Diluted EPS": -6.61,
        "Total Revenue": 1,
        "Gross Profit": 1,
        "Operating Income": -2,
        "EBIT": -1,
        "Net Income": -2
    },
    "2011-03-31": {
        "Diluted EPS": 0.0,
        "Total Revenue": 0,
        "Gross Profit": 0,
        "Operating Income": 0,
        "EBIT": -1,
        "Net Income": 0
    },
    "2010-12-31": {
        "Diluted EPS": 0.0,
        "Total Revenue": NaN,
        "Gross Profit": NaN,
        "Operating Income": NaN,
        "EBIT": NaN,
        "Net Income": NaN
    },
    "2010-09-30": {
        "Diluted EPS": -9.01,
        "Total Revenue": 0,
        "Gross Profit": 0,
        "Operating Income": -1,
        "EBIT": 0,
        "Net Income": -2
    },
    "2010-06-30": {
        "Diluted EPS": -5.71,
        "Total Revenue": 1,
        "Gross Profit": 1,
        "Operating Income": 0,
        "EBIT": 0,
        "Net Income": -1
    },
    "2010-03-31": {
        "Diluted EPS": 0.0,
        "Total Revenue": NaN,
        "Gross Profit": NaN,
        "Operating Income": NaN,
        "EBIT": NaN,
        "Net Income": 0
    },
    "2009-12-31": {
        "Diluted EPS": 0.0,
        "Total Revenue": NaN,
        "Gross Profit": NaN,
        "Operating Income": NaN,
        "EBIT": NaN,
        "Net Income": NaN
    },
    "2009-09-30": {
        "Diluted EPS": 0.0,
        "Total Revenue": NaN,
        "Gross Profit": NaN,
        "Operating Income": 0,
        "EBIT": 0,
        "Net Income": 0
    },
    "2009-06-30": {
        "Diluted EPS": 0.0,
        "Total Revenue": NaN,
        "Gross Profit": NaN,
        "Operating Income": 0,
        "EBIT": 0,
        "Net Income": 0
    },
    "2009-03-31": {
        "Diluted EPS": 0.0,
        "Total Revenue": NaN,
        "Gross Profit": NaN,
        "Operating Income": 0,
        "EBIT": NaN,
        "Net Income": 0
    },
    "2023-06-30": {
        "Tax Effect Of Unusual Items": 0.0,
        "Tax Rate For Calcs": 0.21,
        "Normalized EBITDA": -6756600.0,
        "Net Income From Continuing Operation Net Minority Interest": -6903100.0,
        "Reconciled Depreciation": 138000.0,
        "EBITDA": -6756600.0,
        "EBIT": -6894600.0,
        "Net Interest Income": 97000.0,
        "Interest Expense": 6000.0,
        "Interest Income": 103000.0,
        "Normalized Income": -6903100.0,
        "Net Income From Continuing And Discontinued Operation": -6903100.0,
        "Total Expenses": 7175200.0,
        "Rent Expense Supplemental": 103000.0,
        "Total Operating Income As Reported": -6997800.0,
        "Diluted Average Shares": 7377005.0,
        "Basic Average Shares": 7377005.0,
        "Diluted EPS": -0.94,
        "Basic EPS": -0.94,
        "Diluted NI Availto Com Stockholders": -6903100.0,
        "Net Income Common Stockholders": -6903100.0,
        "Net Income": -6903100.0,
        "Net Income Including Noncontrolling Interests": -6903100.0,
        "Net Income Continuous Operations": -6903100.0,
        "Tax Provision": 2500.0,
        "Pretax Income": -6900600.0,
        "Other Income Expense": NaN,
        "Other Non Operating Income Expenses": NaN,
        "Net Non Operating Interest Income Expense": 97000.0,
        "Interest Expense Non Operating": 6000.0,
        "Interest Income Non Operating": 103000.0,
        "Operating Income": -6997600.0,
        "Operating Expense": 7175200.0,
        "Research And Development": 4197200.0,
        "Selling General And Administration": 2978000.0,
        "Selling And Marketing Expense": 84000.0,
        "General And Administrative Expense": 2894000.0,
        "Other Gand A": 1196000.0,
        "Insurance And Claims": 335000.0,
        "Rent And Landing Fees": 103000.0,
        "Salaries And Wages": 1260000.0,
        "Total Revenue": 177600.0,
        "Operating Revenue": 177600.0
    },
    "2023-09-30": {
        "Tax Effect Of Unusual Items": 0.0,
        "Tax Rate For Calcs": 0.0,
        "Normalized EBITDA": -6639600.0,
        "Net Income From Continuing Operation Net Minority Interest": -6587700.0,
        "Reconciled Depreciation": 140300.0,
        "EBITDA": -6639600.0,
        "EBIT": -6779900.0,
        "Net Interest Income": 192500.0,
        "Interest Expense": NaN,
        "Interest Income": 192500.0,
        "Normalized Income": -6587700.0,
        "Net Income From Continuing And Discontinued Operation": -6587700.0,
        "Total Expenses": 7057600.0,
        "Rent Expense Supplemental": NaN,
        "Total Operating Income As Reported": -6780200.0,
        "Diluted Average Shares": 10042530.0,
        "Basic Average Shares": 10042530.0,
        "Diluted EPS": -0.66,
        "Basic EPS": -0.66,
        "Diluted NI Availto Com Stockholders": -6587700.0,
        "Net Income Common Stockholders": -6587700.0,
        "Net Income": -6587700.0,
        "Net Income Including Noncontrolling Interests": -6587700.0,
        "Net Income Continuous Operations": -6587700.0,
        "Tax Provision": 0.0,
        "Pretax Income": -6587700.0,
        "Other Income Expense": NaN,
        "Other Non Operating Income Expenses": NaN,
        "Net Non Operating Interest Income Expense": 192500.0,
        "Interest Expense Non Operating": NaN,
        "Interest Income Non Operating": 192500.0,
        "Operating Income": -6779900.0,
        "Operating Expense": 7057600.0,
        "Research And Development": 3850600.0,
        "Selling General And Administration": 3207000.0,
        "Selling And Marketing Expense": NaN,
        "General And Administrative Expense": 3207000.0,
        "Other Gand A": 1257000.0,
        "Insurance And Claims": 600000.0,
        "Rent And Landing Fees": NaN,
        "Salaries And Wages": 1350000.0,
        "Total Revenue": 277700.0,
        "Operating Revenue": 277700.0
    },
    "2023-12-31": {
        "Tax Effect Of Unusual Items": 0.0,
        "Tax Rate For Calcs": 0.0,
        "Normalized EBITDA": -7741000.0,
        "Net Income From Continuing Operation Net Minority Interest": -6349800.0,
        "Reconciled Depreciation": 143200.0,
        "EBITDA": -7741000.0,
        "EBIT": -7884200.0,
        "Net Interest Income": 1534200.0,
        "Interest Expense": NaN,
        "Interest Income": 1534200.0,
        "Normalized Income": -6349800.0,
        "Net Income From Continuing And Discontinued Operation": -6349800.0,
        "Total Expenses": 8295600.0,
        "Rent Expense Supplemental": NaN,
        "Total Operating Income As Reported": -7884000.0,
        "Diluted Average Shares": 29388085.0,
        "Basic Average Shares": 29388085.0,
        "Diluted EPS": -0.22,
        "Basic EPS": -0.22,
        "Diluted NI Availto Com Stockholders": -6349800.0,
        "Net Income Common Stockholders": -6349800.0,
        "Net Income": -6349800.0,
        "Net Income Including Noncontrolling Interests": -6349800.0,
        "Net Income Continuous Operations": -6349800.0,
        "Tax Provision": 0.0,
        "Pretax Income": -6349800.0,
        "Other Income Expense": NaN,
        "Other Non Operating Income Expenses": NaN,
        "Net Non Operating Interest Income Expense": 1534200.0,
        "Interest Expense Non Operating": NaN,
        "Interest Income Non Operating": 1534200.0,
        "Operating Income": -7884200.0,
        "Operating Expense": 8295600.0,
        "Research And Development": 4537600.0,
        "Selling General And Administration": 3758000.0,
        "Selling And Marketing Expense": NaN,
        "General And Administrative Expense": 3758000.0,
        "Other Gand A": 1049000.0,
        "Insurance And Claims": 641000.0,
        "Rent And Landing Fees": NaN,
        "Salaries And Wages": 2068000.0,
        "Total Revenue": 411400.0,
        "Operating Revenue": 411400.0
    },
    "2024-03-31": {
        "Tax Effect Of Unusual Items": 0.0,
        "Tax Rate For Calcs": 0.21,
        "Normalized EBITDA": -11212800.0,
        "Net Income From Continuing Operation Net Minority Interest": -9521400.0,
        "Reconciled Depreciation": 146500.0,
        "EBITDA": -11212800.0,
        "EBIT": -11359300.0,
        "Net Interest Income": 1527100.0,
        "Interest Expense": NaN,
        "Interest Income": NaN,
        "Normalized Income": -9521400.0,
        "Net Income From Continuing And Discontinued Operation": -9521400.0,
        "Total Expenses": 11556600.0,
        "Rent Expense Supplemental": NaN,
        "Total Operating Income As Reported": -11359000.0,
        "Diluted Average Shares": NaN,
        "Basic Average Shares": NaN,
        "Diluted EPS": NaN,
        "Basic EPS": NaN,
        "Diluted NI Availto Com Stockholders": -9521400.0,
        "Net Income Common Stockholders": -9521400.0,
        "Net Income": -9521400.0,
        "Net Income Including Noncontrolling Interests": -9521400.0,
        "Net Income Continuous Operations": -9521400.0,
        "Tax Provision": 1500.0,
        "Pretax Income": -9519900.0,
        "Other Income Expense": NaN,
        "Other Non Operating Income Expenses": NaN,
        "Net Non Operating Interest Income Expense": 1527100.0,
        "Interest Expense Non Operating": NaN,
        "Interest Income Non Operating": NaN,
        "Operating Income": -11359300.0,
        "Operating Expense": 11556600.0,
        "Research And Development": 7436600.0,
        "Selling General And Administration": 4120000.0,
        "Selling And Marketing Expense": NaN,
        "General And Administrative Expense": 4120000.0,
        "Other Gand A": 10605000.0,
        "Insurance And Claims": NaN,
        "Rent And Landing Fees": NaN,
        "Salaries And Wages": NaN,
        "Total Revenue": 197300.0,
        "Operating Revenue": 197300.0
    }
}