{
    "2023-03-31": {
        "Tax Effect Of Unusual Items": 0.0,
        "Tax Rate For Calcs": 0.178761,
        "Normalized EBITDA": 3820649.0,
        "Total Unusual Items": NaN,
        "Total Unusual Items Excluding Goodwill": NaN,
        "Net Income From Continuing Operation Net Minority Interest": 2946373.0,
        "Reconciled Depreciation": 349344.0,
        "Reconciled Cost Of Revenue": 3077997.0,
        "EBITDA": 3820649.0,
        "EBIT": 3471305.0,
        "Normalized Income": 2946373.0,
        "Net Income From Continuing And Discontinued Operation": 2946373.0,
        "Total Expenses": 6555630.0,
        "Total Operating Income As Reported": 3471305.0,
        "Diluted Average Shares": 10919391.0,
        "Basic Average Shares": 10917311.0,
        "Diluted EPS": 0.27,
        "Basic EPS": 0.27,
        "Diluted NI Availto Com Stockholders": 2946373.0,
        "Net Income Common Stockholders": 2946373.0,
        "Net Income": 2946373.0,
        "Net Income Including Noncontrolling Interests": 2946373.0,
        "Net Income Continuous Operations": 2946373.0,
        "Tax Provision": 641345.0,
        "Pretax Income": 3587718.0,
        "Other Income Expense": 116413.0,
        "Other Non Operating Income Expenses": 116413.0,
        "Special Income Charges": NaN,
        "Operating Income": 3471305.0,
        "Operating Expense": 3477633.0,
        "Research And Development": 766296.0,
        "Selling General And Administration": 2711337.0,
        "General And Administrative Expense": 2711337.0,
        "Other Gand A": 2711337.0,
        "Gross Profit": 6948938.0,
        "Cost Of Revenue": 3077997.0,
        "Total Revenue": 10026935.0,
        "Operating Revenue": 10026935.0
    },
    "2022-12-31": {
        "Tax Effect Of Unusual Items": 0.0,
        "Tax Rate For Calcs": 0.233029,
        "Normalized EBITDA": 2260478.0,
        "Total Unusual Items": NaN,
        "Total Unusual Items Excluding Goodwill": NaN,
        "Net Income From Continuing Operation Net Minority Interest": 1394331.0,
        "Reconciled Depreciation": 347799.0,
        "Reconciled Cost Of Revenue": 3340270.0,
        "EBITDA": 2260478.0,
        "EBIT": 1912679.0,
        "Normalized Income": 1394331.0,
        "Net Income From Continuing And Discontinued Operation": 1394331.0,
        "Total Expenses": 6735557.0,
        "Total Operating Income As Reported": 1912679.0,
        "Diluted Average Shares": 10901984.0,
        "Basic Average Shares": 10901984.0,
        "Diluted EPS": 0.13,
        "Basic EPS": 0.13,
        "Diluted NI Availto Com Stockholders": 1394331.0,
        "Net Income Common Stockholders": 1394331.0,
        "Net Income": 1394331.0,
        "Net Income Including Noncontrolling Interests": 1394331.0,
        "Net Income Continuous Operations": 1394331.0,
        "Tax Provision": 423641.0,
        "Pretax Income": 1817972.0,
        "Other Income Expense": -94707.0,
        "Other Non Operating Income Expenses": -94707.0,
        "Special Income Charges": NaN,
        "Operating Income": 1912679.0,
        "Operating Expense": 3395287.0,
        "Research And Development": 622497.0,
        "Selling General And Administration": 2772790.0,
        "General And Administrative Expense": 2772790.0,
        "Other Gand A": 2772790.0,
        "Gross Profit": 5307966.0,
        "Cost Of Revenue": 3340270.0,
        "Total Revenue": 8648236.0,
        "Operating Revenue": 8648236.0
    },
    "2022-09-30": {
        "Tax Effect Of Unusual Items": 0.0,
        "Tax Rate For Calcs": 0.217132,
        "Normalized EBITDA": -727592.0,
        "Total Unusual Items": 0.0,
        "Total Unusual Items Excluding Goodwill": 0.0,
        "Net Income From Continuing Operation Net Minority Interest": -802881.0,
        "Reconciled Depreciation": 344308.0,
        "Reconciled Cost Of Revenue": 2387307.0,
        "EBITDA": -727592.0,
        "EBIT": -1071900.0,
        "Normalized Income": -802881.0,
        "Net Income From Continuing And Discontinued Operation": -802881.0,
        "Total Expenses": 5975297.0,
        "Total Operating Income As Reported": -1071900.0,
        "Diluted Average Shares": 10867745.0,
        "Basic Average Shares": 10867745.0,
        "Diluted EPS": -0.07,
        "Basic EPS": -0.07,
        "Diluted NI Availto Com Stockholders": -802881.0,
        "Net Income Common Stockholders": -802881.0,
        "Net Income": -802881.0,
        "Net Income Including Noncontrolling Interests": -802881.0,
        "Net Income Continuous Operations": -802881.0,
        "Tax Provision": -222683.0,
        "Pretax Income": -1025564.0,
        "Other Income Expense": 46336.0,
        "Other Non Operating Income Expenses": 46336.0,
        "Special Income Charges": 0.0,
        "Operating Income": -1071900.0,
        "Operating Expense": 3587990.0,
        "Research And Development": 687890.0,
        "Selling General And Administration": 2900100.0,
        "General And Administrative Expense": 2900100.0,
        "Other Gand A": 2900100.0,
        "Gross Profit": 2516090.0,
        "Cost Of Revenue": 2387307.0,
        "Total Revenue": 4903397.0,
        "Operating Revenue": 4903397.0
    },
    "2022-06-30": {
        "Tax Effect Of Unusual Items": 0.0,
        "Tax Rate For Calcs": 0.238559,
        "Normalized EBITDA": 1353370.0,
        "Total Unusual Items": NaN,
        "Total Unusual Items Excluding Goodwill": NaN,
        "Net Income From Continuing Operation Net Minority Interest": 787374.0,
        "Reconciled Depreciation": 311747.0,
        "Reconciled Cost Of Revenue": 3253651.0,
        "EBITDA": 1353370.0,
        "EBIT": 1041623.0,
        "Normalized Income": 787374.0,
        "Net Income From Continuing And Discontinued Operation": 787374.0,
        "Total Expenses": 6955760.0,
        "Total Operating Income As Reported": 1041623.0,
        "Diluted Average Shares": 10892302.0,
        "Basic Average Shares": 10866775.0,
        "Diluted EPS": 0.07,
        "Basic EPS": 0.07,
        "Diluted NI Availto Com Stockholders": 787374.0,
        "Net Income Common Stockholders": 787374.0,
        "Net Income": 787374.0,
        "Net Income Including Noncontrolling Interests": 787374.0,
        "Net Income Continuous Operations": 787374.0,
        "Tax Provision": 246684.0,
        "Pretax Income": 1034058.0,
        "Other Income Expense": -7565.0,
        "Other Non Operating Income Expenses": -7565.0,
        "Special Income Charges": NaN,
        "Operating Income": 1041623.0,
        "Operating Expense": 3702109.0,
        "Research And Development": 617058.0,
        "Selling General And Administration": 3085051.0,
        "General And Administrative Expense": 3085051.0,
        "Other Gand A": 3085051.0,
        "Gross Profit": 4743732.0,
        "Cost Of Revenue": 3253651.0,
        "Total Revenue": 7997383.0,
        "Operating Revenue": 7997383.0
    },
    "2022-03-31": {
        "Diluted EPS": 0.05,
        "Total Revenue": 7,
        "Gross Profit": 4,
        "Operating Income": 1,
        "EBIT": 1,
        "Net Income": 1
    },
    "2021-12-31": {
        "Diluted EPS": 0.0,
        "Total Revenue": 9,
        "Gross Profit": 3,
        "Operating Income": 0,
        "EBIT": 0,
        "Net Income": 0
    },
    "2021-09-30": {
        "Diluted EPS": 0.12,
        "Total Revenue": 6,
        "Gross Profit": 3,
        "Operating Income": 0,
        "EBIT": 1,
        "Net Income": 1
    },
    "2021-06-30": {
        "Diluted EPS": 0.05,
        "Total Revenue": 5,
        "Gross Profit": 3,
        "Operating Income": 1,
        "EBIT": 1,
        "Net Income": 1
    },
    "2021-03-31": {
        "Diluted EPS": 0.08,
        "Total Revenue": 4,
        "Gross Profit": 3,
        "Operating Income": 1,
        "EBIT": 1,
        "Net Income": 1
    },
    "2020-12-31": {
        "Diluted EPS": 0.21,
        "Total Revenue": 7,
        "Gross Profit": 5,
        "Operating Income": 1,
        "EBIT": 2,
        "Net Income": 2
    },
    "2020-09-30": {
        "Diluted EPS": 0.11,
        "Total Revenue": 6,
        "Gross Profit": 4,
        "Operating Income": 1,
        "EBIT": 1,
        "Net Income": 1
    },
    "2020-06-30": {
        "Diluted EPS": -0.08,
        "Total Revenue": 3,
        "Gross Profit": 2,
        "Operating Income": -1,
        "EBIT": -1,
        "Net Income": -1
    },
    "2020-03-31": {
        "Diluted EPS": -0.05,
        "Total Revenue": 3,
        "Gross Profit": 2,
        "Operating Income": -1,
        "EBIT": 0,
        "Net Income": 0
    },
    "2019-12-31": {
        "Diluted EPS": -0.01,
        "Total Revenue": 6,
        "Gross Profit": 3,
        "Operating Income": 0,
        "EBIT": 1,
        "Net Income": 0
    },
    "2019-09-30": {
        "Diluted EPS": 0.12,
        "Total Revenue": 7,
        "Gross Profit": 4,
        "Operating Income": 1,
        "EBIT": 1,
        "Net Income": 1
    },
    "2019-06-30": {
        "Diluted EPS": -0.08,
        "Total Revenue": 3,
        "Gross Profit": 2,
        "Operating Income": -1,
        "EBIT": -1,
        "Net Income": -1
    },
    "2019-03-31": {
        "Diluted EPS": -0.04,
        "Total Revenue": 3,
        "Gross Profit": 2,
        "Operating Income": 0,
        "EBIT": 0,
        "Net Income": 0
    },
    "2018-12-31": {
        "Diluted EPS": -0.16,
        "Total Revenue": 3,
        "Gross Profit": 1,
        "Operating Income": -2,
        "EBIT": -2,
        "Net Income": -1
    },
    "2018-09-30": {
        "Diluted EPS": 0.01,
        "Total Revenue": 4,
        "Gross Profit": 2,
        "Operating Income": 0,
        "EBIT": 0,
        "Net Income": 0
    },
    "2018-06-30": {
        "Diluted EPS": 0.26,
        "Total Revenue": 9,
        "Gross Profit": 6,
        "Operating Income": 3,
        "EBIT": 3,
        "Net Income": 2
    },
    "2018-03-31": {
        "Diluted EPS": -0.01,
        "Total Revenue": 3,
        "Gross Profit": 2,
        "Operating Income": 0,
        "EBIT": 0,
        "Net Income": 0
    },
    "2017-12-31": {
        "Diluted EPS": 0.06,
        "Total Revenue": 2,
        "Gross Profit": 2,
        "Operating Income": 2,
        "EBIT": 2,
        "Net Income": 0
    },
    "2017-09-30": {
        "Diluted EPS": 0.09,
        "Total Revenue": 5,
        "Gross Profit": 3,
        "Operating Income": 1,
        "EBIT": 1,
        "Net Income": 1
    },
    "2017-06-30": {
        "Diluted EPS": 0.2,
        "Total Revenue": 5,
        "Gross Profit": 4,
        "Operating Income": 2,
        "EBIT": 2,
        "Net Income": 2
    },
    "2017-03-31": {
        "Diluted EPS": 0.04,
        "Total Revenue": 4,
        "Gross Profit": 4,
        "Operating Income": 4,
        "EBIT": 4,
        "Net Income": 0
    },
    "2016-12-31": {
        "Diluted EPS": -0.04,
        "Total Revenue": 3,
        "Gross Profit": 3,
        "Operating Income": 3,
        "EBIT": 3,
        "Net Income": 0
    },
    "2016-09-30": {
        "Diluted EPS": 0.0,
        "Total Revenue": 3,
        "Gross Profit": 3,
        "Operating Income": 3,
        "EBIT": 3,
        "Net Income": 0
    },
    "2016-06-30": {
        "Diluted EPS": 0.0,
        "Total Revenue": 3,
        "Gross Profit": 3,
        "Operating Income": 3,
        "EBIT": 3,
        "Net Income": 0
    },
    "2016-03-31": {
        "Diluted EPS": 0.2,
        "Total Revenue": 6,
        "Gross Profit": 6,
        "Operating Income": 6,
        "EBIT": 6,
        "Net Income": 2
    },
    "2015-12-31": {
        "Diluted EPS": 0.0,
        "Total Revenue": 4,
        "Gross Profit": 4,
        "Operating Income": 4,
        "EBIT": 4,
        "Net Income": 0
    },
    "2015-09-30": {
        "Diluted EPS": 0.2,
        "Total Revenue": 4,
        "Gross Profit": 4,
        "Operating Income": 4,
        "EBIT": 4,
        "Net Income": 1
    },
    "2015-06-30": {
        "Diluted EPS": 0.0,
        "Total Revenue": 3,
        "Gross Profit": 3,
        "Operating Income": 3,
        "EBIT": 3,
        "Net Income": 0
    },
    "2015-03-31": {
        "Diluted EPS": 0.0,
        "Total Revenue": 3,
        "Gross Profit": 3,
        "Operating Income": 3,
        "EBIT": 3,
        "Net Income": 0
    },
    "2014-12-31": {
        "Diluted EPS": 0.2,
        "Total Revenue": 4,
        "Gross Profit": 4,
        "Operating Income": 4,
        "EBIT": 4,
        "Net Income": 1
    },
    "2014-09-30": {
        "Diluted EPS": 0.0,
        "Total Revenue": 2,
        "Gross Profit": 2,
        "Operating Income": 2,
        "EBIT": 2,
        "Net Income": 0
    },
    "2014-06-30": {
        "Diluted EPS": 0.0,
        "Total Revenue": 2,
        "Gross Profit": 2,
        "Operating Income": 2,
        "EBIT": 2,
        "Net Income": 0
    },
    "2014-03-31": {
        "Diluted EPS": 0.0,
        "Total Revenue": 2,
        "Gross Profit": 2,
        "Operating Income": 2,
        "EBIT": 2,
        "Net Income": 0
    },
    "2013-12-31": {
        "Diluted EPS": 0.0,
        "Total Revenue": 3,
        "Gross Profit": 3,
        "Operating Income": 3,
        "EBIT": 3,
        "Net Income": 0
    },
    "2013-09-30": {
        "Diluted EPS": 0.2,
        "Total Revenue": 3,
        "Gross Profit": 3,
        "Operating Income": 3,
        "EBIT": 3,
        "Net Income": 1
    },
    "2013-06-30": {
        "Diluted EPS": 0.0,
        "Total Revenue": 2,
        "Gross Profit": 2,
        "Operating Income": 2,
        "EBIT": 2,
        "Net Income": 0
    },
    "2013-03-31": {
        "Diluted EPS": 0.0,
        "Total Revenue": 2,
        "Gross Profit": 2,
        "Operating Income": 2,
        "EBIT": 2,
        "Net Income": 1
    },
    "2012-12-31": {
        "Diluted EPS": 0.0,
        "Total Revenue": 2,
        "Gross Profit": 2,
        "Operating Income": 2,
        "EBIT": 2,
        "Net Income": 0
    },
    "2012-09-30": {
        "Diluted EPS": 0.0,
        "Total Revenue": 1,
        "Gross Profit": 1,
        "Operating Income": 1,
        "EBIT": 1,
        "Net Income": -1
    },
    "2012-06-30": {
        "Diluted EPS": 0.0,
        "Total Revenue": 3,
        "Gross Profit": 3,
        "Operating Income": 3,
        "EBIT": 3,
        "Net Income": 1
    },
    "2012-03-31": {
        "Diluted EPS": 0.0,
        "Total Revenue": 3,
        "Gross Profit": 3,
        "Operating Income": 3,
        "EBIT": 3,
        "Net Income": 0
    },
    "2010-06-30": {
        "Diluted EPS": 0.0,
        "Total Revenue": 2,
        "Gross Profit": 2,
        "Operating Income": 2,
        "EBIT": 2,
        "Net Income": 0
    },
    "2010-03-31": {
        "Diluted EPS": 0.0,
        "Total Revenue": 1,
        "Gross Profit": 1,
        "Operating Income": 1,
        "EBIT": 1,
        "Net Income": 0
    },
    "2009-09-30": {
        "Diluted EPS": 0.0,
        "Total Revenue": 1,
        "Gross Profit": 1,
        "Operating Income": 1,
        "EBIT": 1,
        "Net Income": 0
    },
    "2009-06-30": {
        "Diluted EPS": 0.0,
        "Total Revenue": 1,
        "Gross Profit": 1,
        "Operating Income": 0,
        "EBIT": 0,
        "Net Income": 0
    },
    "2009-03-31": {
        "Diluted EPS": 0.0,
        "Total Revenue": 1,
        "Gross Profit": 1,
        "Operating Income": 1,
        "EBIT": 1,
        "Net Income": 0
    },
    "2023-06-30": {
        "Tax Effect Of Unusual Items": 0.0,
        "Tax Rate For Calcs": 0.4,
        "Normalized EBITDA": 2303728.0,
        "Total Unusual Items": NaN,
        "Total Unusual Items Excluding Goodwill": NaN,
        "Net Income From Continuing Operation Net Minority Interest": 1026635.0,
        "Reconciled Depreciation": 375125.0,
        "Reconciled Cost Of Revenue": 4416202.0,
        "EBITDA": 2303728.0,
        "EBIT": 1928603.0,
        "Normalized Income": 1026635.0,
        "Net Income From Continuing And Discontinued Operation": 1026635.0,
        "Total Expenses": 8408300.0,
        "Total Operating Income As Reported": 1928603.0,
        "Diluted Average Shares": 10933130.0,
        "Basic Average Shares": 10924714.0,
        "Diluted EPS": 0.09,
        "Basic EPS": 0.09,
        "Diluted NI Availto Com Stockholders": 1026635.0,
        "Net Income Common Stockholders": 1026635.0,
        "Net Income": 1026635.0,
        "Net Income Including Noncontrolling Interests": 1026635.0,
        "Net Income Continuous Operations": 1026635.0,
        "Tax Provision": 977489.0,
        "Pretax Income": 2004124.0,
        "Other Income Expense": 75521.0,
        "Other Non Operating Income Expenses": 75521.0,
        "Special Income Charges": NaN,
        "Operating Income": 1928603.0,
        "Operating Expense": 3992098.0,
        "Research And Development": 711754.0,
        "Selling General And Administration": 3280344.0,
        "General And Administrative Expense": 3280344.0,
        "Other Gand A": 3280344.0,
        "Gross Profit": 5920701.0,
        "Cost Of Revenue": 4416202.0,
        "Total Revenue": 10336903.0,
        "Operating Revenue": 10336903.0
    },
    "2023-09-30": {
        "Tax Effect Of Unusual Items": 0.0,
        "Tax Rate For Calcs": 0.130017,
        "Normalized EBITDA": 2016450.0,
        "Total Unusual Items": NaN,
        "Total Unusual Items Excluding Goodwill": NaN,
        "Net Income From Continuing Operation Net Minority Interest": 1634790.0,
        "Reconciled Depreciation": 346839.0,
        "Reconciled Cost Of Revenue": 2175508.0,
        "EBITDA": 2016450.0,
        "EBIT": 1669611.0,
        "Normalized Income": 1634790.0,
        "Net Income From Continuing And Discontinued Operation": 1634790.0,
        "Total Expenses": 5891971.0,
        "Total Operating Income As Reported": 1669611.0,
        "Diluted Average Shares": 10942509.0,
        "Basic Average Shares": 10934962.0,
        "Diluted EPS": 0.15,
        "Basic EPS": 0.15,
        "Diluted NI Availto Com Stockholders": 1634790.0,
        "Net Income Common Stockholders": 1634790.0,
        "Net Income": 1634790.0,
        "Net Income Including Noncontrolling Interests": 1634790.0,
        "Net Income Continuous Operations": 1634790.0,
        "Tax Provision": 244316.0,
        "Pretax Income": 1879106.0,
        "Other Income Expense": 209495.0,
        "Other Non Operating Income Expenses": 209495.0,
        "Special Income Charges": NaN,
        "Operating Income": 1669611.0,
        "Operating Expense": 3716463.0,
        "Research And Development": 487388.0,
        "Selling General And Administration": 3229075.0,
        "General And Administrative Expense": 3229075.0,
        "Other Gand A": 3229075.0,
        "Gross Profit": 5386074.0,
        "Cost Of Revenue": 2175508.0,
        "Total Revenue": 7561582.0,
        "Operating Revenue": 7561582.0
    }
}