{
    "2023-03-31": {
        "Tax Effect Of Unusual Items": 0.0,
        "Tax Rate For Calcs": 0.0,
        "Normalized EBITDA": -10396904.0,
        "Total Unusual Items": 676751.0,
        "Total Unusual Items Excluding Goodwill": 676751.0,
        "Net Income From Continuing Operation Net Minority Interest": -10240583.0,
        "Reconciled Depreciation": 1197181.0,
        "Reconciled Cost Of Revenue": 3082439.0,
        "EBITDA": -9720153.0,
        "EBIT": -10917334.0,
        "Normalized Income": -10917334.0,
        "Net Income From Continuing And Discontinued Operation": -10240583.0,
        "Total Expenses": 15108695.0,
        "Total Operating Income As Reported": -10847205.0,
        "Diluted Average Shares": 63216598.0,
        "Basic Average Shares": 63216598.0,
        "Diluted EPS": NaN,
        "Basic EPS": -0.16,
        "Diluted NI Availto Com Stockholders": -10240583.0,
        "Net Income Common Stockholders": -10240583.0,
        "Net Income": -10240583.0,
        "Net Income Including Noncontrolling Interests": -10240583.0,
        "Net Income Continuous Operations": -10240583.0,
        "Tax Provision": 0.0,
        "Pretax Income": -10240583.0,
        "Other Income Expense": 676751.0,
        "Other Non Operating Income Expenses": NaN,
        "Special Income Charges": -17666.0,
        "Gain On Sale Of Ppe": NaN,
        "Impairment Of Capital Assets": 17666.0,
        "Gain On Sale Of Security": 694417.0,
        "Operating Income": -10917334.0,
        "Operating Expense": 11793340.0,
        "Other Taxes": 87795.0,
        "Depreciation Amortization Depletion Income Statement": 964265.0,
        "Depreciation And Amortization In Income Statement": 964265.0,
        "Research And Development": 3069797.0,
        "Selling General And Administration": 7671483.0,
        "Selling And Marketing Expense": 2539659.0,
        "General And Administrative Expense": 5131824.0,
        "Other Gand A": 5131824.0,
        "Gross Profit": 876006.0,
        "Cost Of Revenue": 3315355.0,
        "Total Revenue": 4191361.0,
        "Operating Revenue": 4191361.0
    },
    "2022-12-31": {
        "Tax Effect Of Unusual Items": 0.0,
        "Tax Rate For Calcs": 0.0,
        "Normalized EBITDA": -11972825.0,
        "Total Unusual Items": 705311.0,
        "Total Unusual Items Excluding Goodwill": 705311.0,
        "Net Income From Continuing Operation Net Minority Interest": -10758906.0,
        "Reconciled Depreciation": 762135.0,
        "Reconciled Cost Of Revenue": 2901824.0,
        "EBITDA": -11267514.0,
        "EBIT": -12029649.0,
        "Normalized Income": -11464217.0,
        "Net Income From Continuing And Discontinued Operation": -10758906.0,
        "Total Expenses": 14927898.0,
        "Total Operating Income As Reported": -11852001.0,
        "Diluted Average Shares": NaN,
        "Basic Average Shares": 63288235.0,
        "Diluted EPS": -0.17,
        "Basic EPS": NaN,
        "Diluted NI Availto Com Stockholders": -10758906.0,
        "Net Income Common Stockholders": -10758906.0,
        "Net Income": -10758906.0,
        "Net Income Including Noncontrolling Interests": -10758906.0,
        "Net Income Continuous Operations": -10758906.0,
        "Tax Provision": 0.0,
        "Pretax Income": -10758906.0,
        "Other Income Expense": 1270743.0,
        "Other Non Operating Income Expenses": 565432.0,
        "Special Income Charges": -35349.0,
        "Gain On Sale Of Ppe": -35350.0,
        "Impairment Of Capital Assets": -1.0,
        "Gain On Sale Of Security": 740660.0,
        "Operating Income": -12029649.0,
        "Operating Expense": 11903477.0,
        "Other Taxes": NaN,
        "Depreciation Amortization Depletion Income Statement": 639538.0,
        "Depreciation And Amortization In Income Statement": 639538.0,
        "Research And Development": 3136416.0,
        "Selling General And Administration": 7914526.0,
        "Selling And Marketing Expense": 2183206.0,
        "General And Administrative Expense": 5731320.0,
        "Other Gand A": 5731320.0,
        "Gross Profit": -126172.0,
        "Cost Of Revenue": 3024421.0,
        "Total Revenue": 2898249.0,
        "Operating Revenue": 2898249.0
    },
    "2022-09-30": {
        "Tax Effect Of Unusual Items": 0.0,
        "Tax Rate For Calcs": 0.0,
        "Normalized EBITDA": -9360000.0,
        "Total Unusual Items": -48000.0,
        "Total Unusual Items Excluding Goodwill": -48000.0,
        "Net Income From Continuing Operation Net Minority Interest": -9477000.0,
        "Reconciled Depreciation": 510000.0,
        "Reconciled Cost Of Revenue": 2559000.0,
        "EBITDA": -9408000.0,
        "EBIT": -9918000.0,
        "Normalized Income": -9429000.0,
        "Net Income From Continuing And Discontinued Operation": -9477000.0,
        "Total Expenses": 13345000.0,
        "Total Operating Income As Reported": -9965000.0,
        "Diluted Average Shares": 63776154.0,
        "Basic Average Shares": 63776154.0,
        "Diluted EPS": -0.15,
        "Basic EPS": -0.15,
        "Diluted NI Availto Com Stockholders": -9477000.0,
        "Net Income Common Stockholders": -9477000.0,
        "Net Income": -9477000.0,
        "Net Income Including Noncontrolling Interests": -9477000.0,
        "Net Income Continuous Operations": -9477000.0,
        "Tax Provision": 0.0,
        "Pretax Income": -9477000.0,
        "Other Income Expense": 440000.0,
        "Other Non Operating Income Expenses": 488000.0,
        "Special Income Charges": -48000.0,
        "Gain On Sale Of Ppe": 0.0,
        "Impairment Of Capital Assets": 48000.0,
        "Gain On Sale Of Security": 508169.0,
        "Operating Income": -9918000.0,
        "Operating Expense": 10786000.0,
        "Other Taxes": NaN,
        "Depreciation Amortization Depletion Income Statement": 510000.0,
        "Depreciation And Amortization In Income Statement": 510000.0,
        "Research And Development": 3441000.0,
        "Selling General And Administration": 6835000.0,
        "Selling And Marketing Expense": 1981000.0,
        "General And Administrative Expense": 4854000.0,
        "Other Gand A": 4854000.0,
        "Gross Profit": 868000.0,
        "Cost Of Revenue": 2559000.0,
        "Total Revenue": 3427000.0,
        "Operating Revenue": 3427000.0
    },
    "2022-06-30": {
        "Tax Effect Of Unusual Items": 0.0,
        "Tax Rate For Calcs": 0.0,
        "Normalized EBITDA": -9432081.0,
        "Total Unusual Items": 10639.0,
        "Total Unusual Items Excluding Goodwill": 10639.0,
        "Net Income From Continuing Operation Net Minority Interest": -10021668.0,
        "Reconciled Depreciation": 610865.0,
        "Reconciled Cost Of Revenue": 2511186.0,
        "EBITDA": -9421442.0,
        "EBIT": -10032307.0,
        "Normalized Income": -10032307.0,
        "Net Income From Continuing And Discontinued Operation": -10021668.0,
        "Total Expenses": 13040065.0,
        "Total Operating Income As Reported": -10000981.0,
        "Diluted Average Shares": 63739863.0,
        "Basic Average Shares": 63739863.0,
        "Diluted EPS": -0.16,
        "Basic EPS": -0.16,
        "Diluted NI Availto Com Stockholders": -10021668.0,
        "Net Income Common Stockholders": -10021668.0,
        "Net Income": -10021668.0,
        "Net Income Including Noncontrolling Interests": -10021668.0,
        "Net Income Continuous Operations": -10021668.0,
        "Tax Provision": 0.0,
        "Pretax Income": -10021668.0,
        "Other Income Expense": 10639.0,
        "Other Non Operating Income Expenses": NaN,
        "Special Income Charges": 0.0,
        "Gain On Sale Of Ppe": 0.0,
        "Impairment Of Capital Assets": 0.0,
        "Gain On Sale Of Security": 10639.0,
        "Operating Income": -10032307.0,
        "Operating Expense": 10458095.0,
        "Other Taxes": 31326.0,
        "Depreciation Amortization Depletion Income Statement": 540081.0,
        "Depreciation And Amortization In Income Statement": 540081.0,
        "Research And Development": 2996144.0,
        "Selling General And Administration": 6890544.0,
        "Selling And Marketing Expense": 1850595.0,
        "General And Administrative Expense": 5039949.0,
        "Other Gand A": 5039949.0,
        "Gross Profit": 425788.0,
        "Cost Of Revenue": 2581970.0,
        "Total Revenue": 3007758.0,
        "Operating Revenue": 3007758.0
    },
    "2022-03-31": {
        "Diluted EPS": -0.16,
        "Total Revenue": 3,
        "Gross Profit": 0,
        "Operating Income": -10,
        "EBIT": -10,
        "Net Income": -11
    },
    "2021-12-31": {
        "Diluted EPS": -0.17,
        "Total Revenue": 3,
        "Gross Profit": 0,
        "Operating Income": -11,
        "EBIT": -11,
        "Net Income": -11
    },
    "2021-09-30": {
        "Diluted EPS": -0.17,
        "Total Revenue": 3,
        "Gross Profit": 0,
        "Operating Income": -10,
        "EBIT": -10,
        "Net Income": -10
    },
    "2021-06-30": {
        "Diluted EPS": -0.15,
        "Total Revenue": 3,
        "Gross Profit": 1,
        "Operating Income": -9,
        "EBIT": -9,
        "Net Income": -9
    },
    "2021-03-31": {
        "Diluted EPS": -0.17,
        "Total Revenue": 4,
        "Gross Profit": 1,
        "Operating Income": -9,
        "EBIT": -9,
        "Net Income": -9
    },
    "2020-12-31": {
        "Diluted EPS": -0.09,
        "Total Revenue": 4,
        "Gross Profit": -1,
        "Operating Income": -5,
        "EBIT": -4,
        "Net Income": -4
    },
    "2020-09-30": {
        "Diluted EPS": -0.13,
        "Total Revenue": 3,
        "Gross Profit": 0,
        "Operating Income": -5,
        "EBIT": -4,
        "Net Income": -5
    },
    "2020-06-30": {
        "Diluted EPS": -0.13,
        "Total Revenue": 3,
        "Gross Profit": 1,
        "Operating Income": -4,
        "EBIT": -4,
        "Net Income": -5
    },
    "2020-03-31": {
        "Diluted EPS": -0.18,
        "Total Revenue": 2,
        "Gross Profit": 0,
        "Operating Income": -5,
        "EBIT": -5,
        "Net Income": -6
    },
    "2019-12-31": {
        "Diluted EPS": -0.31,
        "Total Revenue": 2,
        "Gross Profit": -4,
        "Operating Income": -10,
        "EBIT": -9,
        "Net Income": -10
    },
    "2019-09-30": {
        "Diluted EPS": -0.18,
        "Total Revenue": 1,
        "Gross Profit": 0,
        "Operating Income": -6,
        "EBIT": -5,
        "Net Income": -6
    },
    "2019-06-30": {
        "Diluted EPS": -0.2,
        "Total Revenue": 2,
        "Gross Profit": 0,
        "Operating Income": -5,
        "EBIT": -4,
        "Net Income": -6
    },
    "2019-03-31": {
        "Diluted EPS": -0.25,
        "Total Revenue": 1,
        "Gross Profit": 0,
        "Operating Income": -6,
        "EBIT": -6,
        "Net Income": -7
    },
    "2018-12-31": {
        "Diluted EPS": -0.22,
        "Total Revenue": 2,
        "Gross Profit": 0,
        "Operating Income": -6,
        "EBIT": -5,
        "Net Income": -6
    },
    "2018-09-30": {
        "Diluted EPS": -0.19,
        "Total Revenue": 2,
        "Gross Profit": 1,
        "Operating Income": -5,
        "EBIT": -4,
        "Net Income": -5
    },
    "2018-06-30": {
        "Diluted EPS": -0.24,
        "Total Revenue": 3,
        "Gross Profit": 1,
        "Operating Income": -6,
        "EBIT": -6,
        "Net Income": -7
    },
    "2018-03-31": {
        "Diluted EPS": -0.22,
        "Total Revenue": 2,
        "Gross Profit": 0,
        "Operating Income": -5,
        "EBIT": -5,
        "Net Income": -6
    },
    "2017-12-31": {
        "Diluted EPS": -0.29,
        "Total Revenue": 2,
        "Gross Profit": 0,
        "Operating Income": -6,
        "EBIT": -6,
        "Net Income": -6
    },
    "2017-09-30": {
        "Diluted EPS": -0.28,
        "Total Revenue": 1,
        "Gross Profit": 0,
        "Operating Income": -6,
        "EBIT": -5,
        "Net Income": -6
    },
    "2017-06-30": {
        "Diluted EPS": -0.22,
        "Total Revenue": 1,
        "Gross Profit": 0,
        "Operating Income": -4,
        "EBIT": -4,
        "Net Income": -4
    },
    "2017-03-31": {
        "Diluted EPS": -0.23,
        "Total Revenue": 1,
        "Gross Profit": 0,
        "Operating Income": -4,
        "EBIT": -4,
        "Net Income": -5
    },
    "2016-12-31": {
        "Diluted EPS": -0.37,
        "Total Revenue": 1,
        "Gross Profit": -1,
        "Operating Income": -6,
        "EBIT": -6,
        "Net Income": -7
    },
    "2016-09-30": {
        "Diluted EPS": -0.32,
        "Total Revenue": 1,
        "Gross Profit": 0,
        "Operating Income": -5,
        "EBIT": -4,
        "Net Income": -5
    },
    "2016-06-30": {
        "Diluted EPS": -0.28,
        "Total Revenue": 1,
        "Gross Profit": 0,
        "Operating Income": -4,
        "EBIT": -3,
        "Net Income": -5
    },
    "2016-03-31": {
        "Diluted EPS": -0.26,
        "Total Revenue": 0,
        "Gross Profit": 0,
        "Operating Income": -4,
        "EBIT": -3,
        "Net Income": -4
    },
    "2015-12-31": {
        "Diluted EPS": -0.22,
        "Total Revenue": 1,
        "Gross Profit": 0,
        "Operating Income": -3,
        "EBIT": -3,
        "Net Income": -4
    },
    "2015-09-30": {
        "Diluted EPS": -0.18,
        "Total Revenue": 1,
        "Gross Profit": 0,
        "Operating Income": -2,
        "EBIT": -2,
        "Net Income": -3
    },
    "2015-06-30": {
        "Diluted EPS": -0.17,
        "Total Revenue": 0,
        "Gross Profit": 0,
        "Operating Income": -2,
        "EBIT": -2,
        "Net Income": -3
    },
    "2015-03-31": {
        "Diluted EPS": -0.4,
        "Total Revenue": 1,
        "Gross Profit": 0,
        "Operating Income": -4,
        "EBIT": -3,
        "Net Income": -5
    },
    "2014-12-31": {
        "Diluted EPS": -0.59,
        "Total Revenue": 1,
        "Gross Profit": 0,
        "Operating Income": -2,
        "EBIT": -2,
        "Net Income": -6
    },
    "2014-09-30": {
        "Diluted EPS": -0.31,
        "Total Revenue": 1,
        "Gross Profit": 0,
        "Operating Income": -1,
        "EBIT": -1,
        "Net Income": -3
    },
    "2014-06-30": {
        "Diluted EPS": 0.02,
        "Total Revenue": 1,
        "Gross Profit": 0,
        "Operating Income": -1,
        "EBIT": -1,
        "Net Income": 0
    },
    "2014-03-31": {
        "Diluted EPS": 0.13,
        "Total Revenue": 1,
        "Gross Profit": 0,
        "Operating Income": -1,
        "EBIT": -1,
        "Net Income": 2
    },
    "2013-12-31": {
        "Diluted EPS": 0.0,
        "Total Revenue": NaN,
        "Gross Profit": NaN,
        "Operating Income": NaN,
        "EBIT": NaN,
        "Net Income": NaN
    },
    "2013-09-30": {
        "Diluted EPS": -0.26,
        "Total Revenue": 0,
        "Gross Profit": 0,
        "Operating Income": -1,
        "EBIT": -1,
        "Net Income": -2
    },
    "2012-12-31": {
        "Diluted EPS": 0.0,
        "Total Revenue": NaN,
        "Gross Profit": NaN,
        "Operating Income": NaN,
        "EBIT": NaN,
        "Net Income": NaN
    },
    "2023-06-30": {
        "Tax Effect Of Unusual Items": 0.0,
        "Tax Rate For Calcs": 0.0,
        "Normalized EBITDA": -9010023.0,
        "Total Unusual Items": 598132.0,
        "Total Unusual Items Excluding Goodwill": 598132.0,
        "Net Income From Continuing Operation Net Minority Interest": -9044920.0,
        "Reconciled Depreciation": 1231161.0,
        "Reconciled Cost Of Revenue": 3460510.0,
        "EBITDA": -8411891.0,
        "EBIT": -9643052.0,
        "Normalized Income": -9643052.0,
        "Net Income From Continuing And Discontinued Operation": -9044920.0,
        "Total Expenses": 14333887.0,
        "Total Operating Income As Reported": -9607632.0,
        "Diluted Average Shares": 63230859.0,
        "Basic Average Shares": 63230859.0,
        "Diluted EPS": -0.14,
        "Basic EPS": -0.14,
        "Diluted NI Availto Com Stockholders": -9044920.0,
        "Net Income Common Stockholders": -9044920.0,
        "Net Income": -9044920.0,
        "Net Income Including Noncontrolling Interests": -9044920.0,
        "Net Income Continuous Operations": -9044920.0,
        "Tax Provision": 0.0,
        "Pretax Income": -9044920.0,
        "Other Income Expense": 598132.0,
        "Other Non Operating Income Expenses": NaN,
        "Special Income Charges": 0.0,
        "Gain On Sale Of Ppe": NaN,
        "Impairment Of Capital Assets": 0.0,
        "Gain On Sale Of Security": 598132.0,
        "Operating Income": -9643052.0,
        "Operating Expense": 10615438.0,
        "Other Taxes": 35420.0,
        "Depreciation Amortization Depletion Income Statement": 973222.0,
        "Depreciation And Amortization In Income Statement": 973222.0,
        "Research And Development": 2836552.0,
        "Selling General And Administration": 6770244.0,
        "Selling And Marketing Expense": 2509922.0,
        "General And Administrative Expense": 4260322.0,
        "Other Gand A": 4260322.0,
        "Gross Profit": 972386.0,
        "Cost Of Revenue": 3718449.0,
        "Total Revenue": 4690835.0,
        "Operating Revenue": 4690835.0
    },
    "2023-09-30": {
        "Tax Effect Of Unusual Items": 0.0,
        "Tax Rate For Calcs": 0.0,
        "Normalized EBITDA": -10684859.0,
        "Total Unusual Items": 447047.0,
        "Total Unusual Items Excluding Goodwill": 447047.0,
        "Net Income From Continuing Operation Net Minority Interest": -10983008.0,
        "Reconciled Depreciation": 1192243.0,
        "Reconciled Cost Of Revenue": 2184661.0,
        "EBITDA": -10237812.0,
        "EBIT": -11430055.0,
        "Normalized Income": -11430055.0,
        "Net Income From Continuing And Discontinued Operation": -10983008.0,
        "Total Expenses": 13610062.0,
        "Total Operating Income As Reported": -11432544.0,
        "Diluted Average Shares": NaN,
        "Basic Average Shares": 64605882.0,
        "Diluted EPS": -0.17,
        "Basic EPS": -0.17,
        "Diluted NI Availto Com Stockholders": -10983008.0,
        "Net Income Common Stockholders": -10983008.0,
        "Net Income": -10983008.0,
        "Net Income Including Noncontrolling Interests": -10983008.0,
        "Net Income Continuous Operations": -10983008.0,
        "Tax Provision": 0.0,
        "Pretax Income": -10983008.0,
        "Other Income Expense": 447047.0,
        "Other Non Operating Income Expenses": NaN,
        "Special Income Charges": -24204.0,
        "Gain On Sale Of Ppe": NaN,
        "Impairment Of Capital Assets": 24204.0,
        "Gain On Sale Of Security": 471251.0,
        "Operating Income": -11430055.0,
        "Operating Expense": 11192511.0,
        "Other Taxes": 21715.0,
        "Depreciation Amortization Depletion Income Statement": 959353.0,
        "Depreciation And Amortization In Income Statement": 959353.0,
        "Research And Development": 2912562.0,
        "Selling General And Administration": 7298881.0,
        "Selling And Marketing Expense": 2832031.0,
        "General And Administrative Expense": 4466850.0,
        "Other Gand A": 4466850.0,
        "Gross Profit": -237544.0,
        "Cost Of Revenue": 2417551.0,
        "Total Revenue": 2180007.0,
        "Operating Revenue": 2180007.0
    }
}