{
    "2023-03-31": {
        "Tax Effect Of Unusual Items": 0.0,
        "Tax Rate For Calcs": 0.0,
        "Normalized EBITDA": -8005000.0,
        "Total Unusual Items": 3175000.0,
        "Total Unusual Items Excluding Goodwill": 3175000.0,
        "Net Income From Continuing Operation Net Minority Interest": -1703000.0,
        "Reconciled Depreciation": 175000.0,
        "Reconciled Cost Of Revenue": 1520000.0,
        "EBITDA": -4830000.0,
        "EBIT": -5005000.0,
        "Normalized Income": -4878000.0,
        "Net Income From Continuing And Discontinued Operation": -1703000.0,
        "Total Expenses": 8862000.0,
        "Total Operating Income As Reported": -5005000.0,
        "Diluted Average Shares": 990561.0,
        "Basic Average Shares": 990561.0,
        "Diluted EPS": -1.75,
        "Basic EPS": -1.75,
        "Diluted NI Availto Com Stockholders": -1703000.0,
        "Net Income Common Stockholders": -1703000.0,
        "Net Income": -1703000.0,
        "Net Income Including Noncontrolling Interests": -1703000.0,
        "Net Income Continuous Operations": -1703000.0,
        "Pretax Income": -1703000.0,
        "Other Income Expense": 3302000.0,
        "Other Non Operating Income Expenses": 127000.0,
        "Special Income Charges": 0.0,
        "Write Off": NaN,
        "Gain On Sale Of Security": 3175000.0,
        "Operating Income": -5005000.0,
        "Operating Expense": 7342000.0,
        "Depreciation Amortization Depletion Income Statement": 175000.0,
        "Depreciation And Amortization In Income Statement": 175000.0,
        "Selling General And Administration": 7167000.0,
        "Selling And Marketing Expense": 630000.0,
        "General And Administrative Expense": 6537000.0,
        "Other Gand A": 6537000.0,
        "Gross Profit": 2337000.0,
        "Cost Of Revenue": 1520000.0,
        "Total Revenue": 3857000.0,
        "Operating Revenue": 3857000.0
    },
    "2022-12-31": {
        "Tax Effect Of Unusual Items": 0.0,
        "Tax Rate For Calcs": 0.0,
        "Normalized EBITDA": -4708000.0,
        "Total Unusual Items": 0.0,
        "Total Unusual Items Excluding Goodwill": 0.0,
        "Net Income From Continuing Operation Net Minority Interest": -6089000.0,
        "Reconciled Depreciation": 169000.0,
        "Reconciled Cost Of Revenue": 1566000.0,
        "EBITDA": -4708000.0,
        "EBIT": -4877000.0,
        "Normalized Income": -6089000.0,
        "Net Income From Continuing And Discontinued Operation": -6089000.0,
        "Total Expenses": 10013000.0,
        "Total Operating Income As Reported": -6063000.0,
        "Diluted Average Shares": NaN,
        "Basic Average Shares": NaN,
        "Diluted EPS": NaN,
        "Basic EPS": NaN,
        "Diluted NI Availto Com Stockholders": -6089000.0,
        "Net Income Common Stockholders": -6089000.0,
        "Net Income": -6089000.0,
        "Net Income Including Noncontrolling Interests": -6089000.0,
        "Net Income Continuous Operations": -6089000.0,
        "Tax Provision": 0.0,
        "Pretax Income": -6089000.0,
        "Other Income Expense": -26000.0,
        "Other Non Operating Income Expenses": -26000.0,
        "Special Income Charges": 0.0,
        "Other Special Charges": 0.0,
        "Write Off": NaN,
        "Gain On Sale Of Security": NaN,
        "Operating Income": -6063000.0,
        "Operating Expense": 8447000.0,
        "Depreciation Amortization Depletion Income Statement": 169000.0,
        "Depreciation And Amortization In Income Statement": 169000.0,
        "Selling General And Administration": 8278000.0,
        "Selling And Marketing Expense": 1355000.0,
        "General And Administrative Expense": 6923000.0,
        "Other Gand A": 6923000.0,
        "Gross Profit": 2384000.0,
        "Cost Of Revenue": 1566000.0,
        "Total Revenue": 3950000.0,
        "Operating Revenue": 3950000.0
    },
    "2022-09-30": {
        "Tax Effect Of Unusual Items": 0.0,
        "Tax Rate For Calcs": 0.0,
        "Normalized EBITDA": -5231000.0,
        "Total Unusual Items": 0.0,
        "Total Unusual Items Excluding Goodwill": 0.0,
        "Net Income From Continuing Operation Net Minority Interest": -5434000.0,
        "Reconciled Depreciation": 176000.0,
        "Reconciled Cost Of Revenue": 1749000.0,
        "EBITDA": -5231000.0,
        "EBIT": -5407000.0,
        "Normalized Income": -5434000.0,
        "Net Income From Continuing And Discontinued Operation": -5434000.0,
        "Total Expenses": 9653000.0,
        "Total Operating Income As Reported": -5407000.0,
        "Diluted Average Shares": 849446.0,
        "Basic Average Shares": 849446.0,
        "Diluted EPS": -6.4,
        "Basic EPS": -6.4,
        "Diluted NI Availto Com Stockholders": -5434000.0,
        "Net Income Common Stockholders": -5434000.0,
        "Net Income": -5434000.0,
        "Net Income Including Noncontrolling Interests": -5434000.0,
        "Net Income Continuous Operations": -5434000.0,
        "Tax Provision": 0.0,
        "Pretax Income": -5434000.0,
        "Other Income Expense": -27000.0,
        "Other Non Operating Income Expenses": -27000.0,
        "Special Income Charges": 0.0,
        "Other Special Charges": NaN,
        "Write Off": NaN,
        "Gain On Sale Of Security": NaN,
        "Operating Income": -5407000.0,
        "Operating Expense": 7903000.0,
        "Depreciation Amortization Depletion Income Statement": 175000.0,
        "Depreciation And Amortization In Income Statement": 175000.0,
        "Selling General And Administration": 7728000.0,
        "Selling And Marketing Expense": 1106000.0,
        "General And Administrative Expense": 6622000.0,
        "Other Gand A": 6622000.0,
        "Gross Profit": 2496000.0,
        "Cost Of Revenue": 1750000.0,
        "Total Revenue": 4246000.0,
        "Operating Revenue": 4246000.0
    },
    "2022-06-30": {
        "Tax Effect Of Unusual Items": 0.0,
        "Tax Rate For Calcs": 0.0,
        "Normalized EBITDA": -6681000.0,
        "Total Unusual Items": 0.0,
        "Total Unusual Items Excluding Goodwill": 0.0,
        "Net Income From Continuing Operation Net Minority Interest": -6992000.0,
        "Reconciled Depreciation": 283000.0,
        "Reconciled Cost Of Revenue": 1475000.0,
        "EBITDA": -6681000.0,
        "EBIT": -6964000.0,
        "Normalized Income": -6992000.0,
        "Net Income From Continuing And Discontinued Operation": -6992000.0,
        "Total Expenses": 11148000.0,
        "Total Operating Income As Reported": -6964000.0,
        "Diluted Average Shares": 21233485.0,
        "Basic Average Shares": 21233485.0,
        "Diluted EPS": -0.33,
        "Basic EPS": -0.33,
        "Diluted NI Availto Com Stockholders": -6992000.0,
        "Net Income Common Stockholders": -6992000.0,
        "Net Income": -6992000.0,
        "Net Income Including Noncontrolling Interests": -6992000.0,
        "Net Income Continuous Operations": -6992000.0,
        "Tax Provision": 0.0,
        "Pretax Income": -6992000.0,
        "Other Income Expense": -28000.0,
        "Other Non Operating Income Expenses": -28000.0,
        "Special Income Charges": 0.0,
        "Other Special Charges": NaN,
        "Gain On Sale Of Security": NaN,
        "Operating Income": -6964000.0,
        "Operating Expense": 9552000.0,
        "Depreciation Amortization Depletion Income Statement": 162000.0,
        "Depreciation And Amortization In Income Statement": 162000.0,
        "Selling General And Administration": 9390000.0,
        "Selling And Marketing Expense": 1699000.0,
        "General And Administrative Expense": 7691000.0,
        "Other Gand A": 7691000.0,
        "Gross Profit": 2588000.0,
        "Cost Of Revenue": 1596000.0,
        "Total Revenue": 4184000.0,
        "Operating Revenue": 4184000.0
    },
    "2022-03-31": {
        "Diluted EPS": -0.25,
        "Total Revenue": 4,
        "Gross Profit": 3,
        "Operating Income": -7,
        "EBIT": -7,
        "Net Income": -5
    },
    "2021-12-31": {
        "Diluted EPS": -0.32,
        "Total Revenue": 4,
        "Gross Profit": 3,
        "Operating Income": -7,
        "EBIT": -7,
        "Net Income": -7
    },
    "2021-09-30": {
        "Diluted EPS": -0.26,
        "Total Revenue": 5,
        "Gross Profit": 3,
        "Operating Income": -6,
        "EBIT": -5,
        "Net Income": -5
    },
    "2021-06-30": {
        "Diluted EPS": -0.19,
        "Total Revenue": 4,
        "Gross Profit": 4,
        "Operating Income": -4,
        "EBIT": -4,
        "Net Income": -4
    },
    "2021-03-31": {
        "Diluted EPS": -0.19,
        "Total Revenue": 3,
        "Gross Profit": 3,
        "Operating Income": -3,
        "EBIT": -3,
        "Net Income": -3
    },
    "2020-12-31": {
        "Diluted EPS": -0.48,
        "Total Revenue": 3,
        "Gross Profit": 3,
        "Operating Income": -6,
        "EBIT": -6,
        "Net Income": -6
    },
    "2020-09-30": {
        "Diluted EPS": -0.17,
        "Total Revenue": 3,
        "Gross Profit": 3,
        "Operating Income": -2,
        "EBIT": -2,
        "Net Income": -2
    },
    "2020-06-30": {
        "Diluted EPS": -0.13,
        "Total Revenue": 3,
        "Gross Profit": 3,
        "Operating Income": -1,
        "EBIT": -1,
        "Net Income": -2
    },
    "2020-03-31": {
        "Diluted EPS": -0.23,
        "Total Revenue": 3,
        "Gross Profit": 2,
        "Operating Income": -3,
        "EBIT": -2,
        "Net Income": -3
    },
    "2019-12-31": {
        "Diluted EPS": 0.0,
        "Total Revenue": NaN,
        "Gross Profit": NaN,
        "Operating Income": NaN,
        "EBIT": NaN,
        "Net Income": NaN
    },
    "2023-06-30": {
        "Tax Effect Of Unusual Items": 0.0,
        "Tax Rate For Calcs": 0.0,
        "Normalized EBITDA": -3502000.0,
        "Total Unusual Items": -867000.0,
        "Total Unusual Items Excluding Goodwill": -867000.0,
        "Net Income From Continuing Operation Net Minority Interest": -5528000.0,
        "Reconciled Depreciation": 148000.0,
        "Reconciled Cost Of Revenue": 1297000.0,
        "EBITDA": -4369000.0,
        "EBIT": -4517000.0,
        "Normalized Income": -4661000.0,
        "Net Income From Continuing And Discontinued Operation": -5528000.0,
        "Total Expenses": 7912000.0,
        "Total Operating Income As Reported": -4517000.0,
        "Diluted Average Shares": 1197151.0,
        "Basic Average Shares": 1197151.0,
        "Diluted EPS": -4.5,
        "Basic EPS": -4.5,
        "Diluted NI Availto Com Stockholders": -5528000.0,
        "Net Income Common Stockholders": -5528000.0,
        "Net Income": -5528000.0,
        "Net Income Including Noncontrolling Interests": -5528000.0,
        "Net Income Continuous Operations": -5528000.0,
        "Pretax Income": -5528000.0,
        "Other Income Expense": -1011000.0,
        "Other Non Operating Income Expenses": -144000.0,
        "Special Income Charges": 0.0,
        "Write Off": NaN,
        "Gain On Sale Of Security": -867000.0,
        "Operating Income": -4517000.0,
        "Operating Expense": 6615000.0,
        "Depreciation Amortization Depletion Income Statement": 148000.0,
        "Depreciation And Amortization In Income Statement": 148000.0,
        "Selling General And Administration": 6467000.0,
        "Selling And Marketing Expense": 590000.0,
        "General And Administrative Expense": 5877000.0,
        "Other Gand A": 5877000.0,
        "Gross Profit": 2098000.0,
        "Cost Of Revenue": 1297000.0,
        "Total Revenue": 3395000.0,
        "Operating Revenue": 3395000.0
    },
    "2023-09-30": {
        "Tax Effect Of Unusual Items": 0.0,
        "Tax Rate For Calcs": 0.0,
        "Normalized EBITDA": -4788000.0,
        "Total Unusual Items": 1449000.0,
        "Total Unusual Items Excluding Goodwill": 1449000.0,
        "Net Income From Continuing Operation Net Minority Interest": -2093000.0,
        "Reconciled Depreciation": 149000.0,
        "Reconciled Cost Of Revenue": 1404000.0,
        "EBITDA": -3339000.0,
        "EBIT": -3489000.0,
        "Normalized Income": -3542000.0,
        "Net Income From Continuing And Discontinued Operation": -2093000.0,
        "Total Expenses": 6790000.0,
        "Total Operating Income As Reported": -3489000.0,
        "Diluted Average Shares": 1197258.0,
        "Basic Average Shares": 1197258.0,
        "Diluted EPS": -1.75,
        "Basic EPS": -1.75,
        "Diluted NI Availto Com Stockholders": -2093000.0,
        "Net Income Common Stockholders": -2093000.0,
        "Net Income": -2093000.0,
        "Net Income Including Noncontrolling Interests": -2093000.0,
        "Net Income Continuous Operations": -2093000.0,
        "Pretax Income": -2093000.0,
        "Other Income Expense": 1396000.0,
        "Other Non Operating Income Expenses": -53000.0,
        "Special Income Charges": -151000.0,
        "Write Off": 151000.0,
        "Gain On Sale Of Security": 1600000.0,
        "Operating Income": -3489000.0,
        "Operating Expense": 5387000.0,
        "Depreciation Amortization Depletion Income Statement": 150000.0,
        "Depreciation And Amortization In Income Statement": 150000.0,
        "Selling General And Administration": 5237000.0,
        "Selling And Marketing Expense": 641000.0,
        "General And Administrative Expense": 4596000.0,
        "Other Gand A": 4596000.0,
        "Gross Profit": 1898000.0,
        "Cost Of Revenue": 1403000.0,
        "Total Revenue": 3301000.0,
        "Operating Revenue": 3301000.0
    },
    "2023-12-31": {
        "Tax Effect Of Unusual Items": 0.0,
        "Tax Rate For Calcs": 0.0,
        "Normalized EBITDA": -4155000.0,
        "Total Unusual Items": 20000.0,
        "Total Unusual Items Excluding Goodwill": 20000.0,
        "Net Income From Continuing Operation Net Minority Interest": -4259000.0,
        "Reconciled Depreciation": 149000.0,
        "Reconciled Cost Of Revenue": 1310000.0,
        "EBITDA": -4135000.0,
        "EBIT": -4284000.0,
        "Normalized Income": -4279000.0,
        "Net Income From Continuing And Discontinued Operation": -4259000.0,
        "Total Expenses": 7532000.0,
        "Total Operating Income As Reported": -4284000.0,
        "Diluted Average Shares": NaN,
        "Basic Average Shares": NaN,
        "Diluted EPS": NaN,
        "Basic EPS": NaN,
        "Diluted NI Availto Com Stockholders": -4259000.0,
        "Net Income Common Stockholders": -4259000.0,
        "Net Income": -4259000.0,
        "Net Income Including Noncontrolling Interests": -4259000.0,
        "Net Income Continuous Operations": -4259000.0,
        "Pretax Income": -4259000.0,
        "Other Income Expense": 25000.0,
        "Other Non Operating Income Expenses": 5000.0,
        "Special Income Charges": 151000.0,
        "Write Off": NaN,
        "Gain On Sale Of Security": -131000.0,
        "Operating Income": -4284000.0,
        "Operating Expense": 6222000.0,
        "Depreciation Amortization Depletion Income Statement": 149000.0,
        "Depreciation And Amortization In Income Statement": 149000.0,
        "Selling General And Administration": 6073000.0,
        "Selling And Marketing Expense": 606000.0,
        "General And Administrative Expense": 5467000.0,
        "Other Gand A": 5467000.0,
        "Gross Profit": 1938000.0,
        "Cost Of Revenue": 1310000.0,
        "Total Revenue": 3248000.0,
        "Operating Revenue": 3248000.0
    }
}