{
    "2023-03-31": {
        "Tax Effect Of Unusual Items": NaN,
        "Tax Rate For Calcs": NaN,
        "Normalized EBITDA": NaN,
        "Net Income From Continuing Operation Net Minority Interest": NaN,
        "Reconciled Depreciation": NaN,
        "EBITDA": NaN,
        "EBIT": NaN,
        "Net Interest Income": NaN,
        "Interest Income": 1864000.0,
        "Normalized Income": NaN,
        "Net Income From Continuing And Discontinued Operation": NaN,
        "Total Expenses": NaN,
        "Total Operating Income As Reported": NaN,
        "Diluted Average Shares": 42161326.0,
        "Basic Average Shares": 40632087.0,
        "Diluted EPS": 2.94,
        "Basic EPS": 3.05,
        "Diluted NI Availto Com Stockholders": NaN,
        "Net Income Common Stockholders": NaN,
        "Net Income": NaN,
        "Net Income Including Noncontrolling Interests": NaN,
        "Net Income Continuous Operations": NaN,
        "Tax Provision": NaN,
        "Pretax Income": NaN,
        "Other Income Expense": NaN,
        "Other Non Operating Income Expenses": NaN,
        "Net Non Operating Interest Income Expense": NaN,
        "Interest Income Non Operating": 1864000.0,
        "Operating Income": NaN,
        "Operating Expense": NaN,
        "Research And Development": NaN,
        "Selling General And Administration": NaN,
        "General And Administrative Expense": NaN,
        "Other Gand A": NaN,
        "Total Revenue": NaN,
        "Operating Revenue": NaN
    },
    "2022-12-31": {
        "Tax Effect Of Unusual Items": NaN,
        "Tax Rate For Calcs": NaN,
        "Normalized EBITDA": NaN,
        "Net Income From Continuing Operation Net Minority Interest": NaN,
        "Reconciled Depreciation": NaN,
        "EBITDA": NaN,
        "EBIT": NaN,
        "Net Interest Income": NaN,
        "Interest Income": NaN,
        "Normalized Income": NaN,
        "Net Income From Continuing And Discontinued Operation": NaN,
        "Total Expenses": NaN,
        "Total Operating Income As Reported": NaN,
        "Diluted Average Shares": NaN,
        "Basic Average Shares": NaN,
        "Diluted EPS": NaN,
        "Basic EPS": NaN,
        "Diluted NI Availto Com Stockholders": NaN,
        "Net Income Common Stockholders": NaN,
        "Net Income": NaN,
        "Net Income Including Noncontrolling Interests": NaN,
        "Net Income Continuous Operations": NaN,
        "Tax Provision": NaN,
        "Pretax Income": NaN,
        "Other Income Expense": -23000.0,
        "Other Non Operating Income Expenses": -23000.0,
        "Net Non Operating Interest Income Expense": NaN,
        "Interest Income Non Operating": NaN,
        "Operating Income": NaN,
        "Operating Expense": NaN,
        "Research And Development": NaN,
        "Selling General And Administration": NaN,
        "General And Administrative Expense": NaN,
        "Other Gand A": NaN,
        "Total Revenue": NaN,
        "Operating Revenue": NaN
    },
    "2022-09-30": {
        "Tax Effect Of Unusual Items": NaN,
        "Tax Rate For Calcs": NaN,
        "Normalized EBITDA": NaN,
        "Net Income From Continuing Operation Net Minority Interest": NaN,
        "Reconciled Depreciation": NaN,
        "EBITDA": NaN,
        "EBIT": NaN,
        "Net Interest Income": NaN,
        "Interest Income": 545000.0,
        "Normalized Income": NaN,
        "Net Income From Continuing And Discontinued Operation": NaN,
        "Total Expenses": NaN,
        "Total Operating Income As Reported": NaN,
        "Diluted Average Shares": NaN,
        "Basic Average Shares": NaN,
        "Diluted EPS": NaN,
        "Basic EPS": NaN,
        "Diluted NI Availto Com Stockholders": NaN,
        "Net Income Common Stockholders": NaN,
        "Net Income": NaN,
        "Net Income Including Noncontrolling Interests": NaN,
        "Net Income Continuous Operations": NaN,
        "Tax Provision": NaN,
        "Pretax Income": NaN,
        "Other Income Expense": 2637000.0,
        "Other Non Operating Income Expenses": 2637000.0,
        "Net Non Operating Interest Income Expense": NaN,
        "Interest Income Non Operating": 545000.0,
        "Operating Income": NaN,
        "Operating Expense": NaN,
        "Research And Development": NaN,
        "Selling General And Administration": NaN,
        "General And Administrative Expense": NaN,
        "Other Gand A": NaN,
        "Total Revenue": NaN,
        "Operating Revenue": NaN
    },
    "2022-06-30": {
        "Tax Effect Of Unusual Items": 0.0,
        "Tax Rate For Calcs": 0.0,
        "Normalized EBITDA": -18163000.0,
        "Net Income From Continuing Operation Net Minority Interest": -19087000.0,
        "Reconciled Depreciation": 1204000.0,
        "EBITDA": -18163000.0,
        "EBIT": -19367000.0,
        "Net Interest Income": 219000.0,
        "Interest Income": 219000.0,
        "Normalized Income": -19087000.0,
        "Net Income From Continuing And Discontinued Operation": -19087000.0,
        "Total Expenses": 20079000.0,
        "Total Operating Income As Reported": -19367000.0,
        "Diluted Average Shares": 38298426.0,
        "Basic Average Shares": 38298426.0,
        "Diluted EPS": -0.5,
        "Basic EPS": -0.5,
        "Diluted NI Availto Com Stockholders": -19087000.0,
        "Net Income Common Stockholders": -19087000.0,
        "Net Income": -19087000.0,
        "Net Income Including Noncontrolling Interests": -19087000.0,
        "Net Income Continuous Operations": -19087000.0,
        "Tax Provision": NaN,
        "Pretax Income": -19087000.0,
        "Other Income Expense": 61000.0,
        "Other Non Operating Income Expenses": 61000.0,
        "Net Non Operating Interest Income Expense": 219000.0,
        "Interest Income Non Operating": 219000.0,
        "Operating Income": -19367000.0,
        "Operating Expense": 20079000.0,
        "Research And Development": 12527000.0,
        "Selling General And Administration": 7552000.0,
        "General And Administrative Expense": 7552000.0,
        "Other Gand A": 7552000.0,
        "Total Revenue": 712000.0,
        "Operating Revenue": 712000.0
    },
    "2022-03-31": {
        "Diluted EPS": -0.56,
        "Total Revenue": 1,
        "Gross Profit": 1,
        "Operating Income": -21,
        "EBIT": -19,
        "Net Income": -21
    },
    "2021-12-31": {
        "Diluted EPS": 0.15,
        "Total Revenue": 28,
        "Gross Profit": 28,
        "Operating Income": 6,
        "EBIT": 7,
        "Net Income": 6
    },
    "2021-09-30": {
        "Diluted EPS": -0.67,
        "Total Revenue": 1,
        "Gross Profit": 1,
        "Operating Income": -25,
        "EBIT": -24,
        "Net Income": -25
    },
    "2021-06-30": {
        "Diluted EPS": -0.8,
        "Total Revenue": 1,
        "Gross Profit": 1,
        "Operating Income": -29,
        "EBIT": -27,
        "Net Income": -30
    },
    "2021-03-31": {
        "Diluted EPS": -0.58,
        "Total Revenue": 7,
        "Gross Profit": 7,
        "Operating Income": -26,
        "EBIT": -24,
        "Net Income": -22
    },
    "2020-12-31": {
        "Diluted EPS": -0.4,
        "Total Revenue": 7,
        "Gross Profit": 7,
        "Operating Income": -24,
        "EBIT": -23,
        "Net Income": -16
    },
    "2020-09-30": {
        "Diluted EPS": 2.27,
        "Total Revenue": 118,
        "Gross Profit": 118,
        "Operating Income": 85,
        "EBIT": 86,
        "Net Income": 86
    },
    "2020-06-30": {
        "Diluted EPS": -0.23,
        "Total Revenue": 29,
        "Gross Profit": 29,
        "Operating Income": -9,
        "EBIT": -8,
        "Net Income": -9
    },
    "2020-03-31": {
        "Diluted EPS": -0.66,
        "Total Revenue": 18,
        "Gross Profit": 18,
        "Operating Income": -24,
        "EBIT": -24,
        "Net Income": -24
    },
    "2019-12-31": {
        "Diluted EPS": -0.28,
        "Total Revenue": 33,
        "Gross Profit": 33,
        "Operating Income": -14,
        "EBIT": -14,
        "Net Income": -13
    },
    "2019-09-30": {
        "Diluted EPS": -0.41,
        "Total Revenue": 20,
        "Gross Profit": 20,
        "Operating Income": -18,
        "EBIT": -18,
        "Net Income": -15
    },
    "2019-06-30": {
        "Diluted EPS": 0.29,
        "Total Revenue": 46,
        "Gross Profit": 46,
        "Operating Income": 9,
        "EBIT": 9,
        "Net Income": 11
    },
    "2019-03-31": {
        "Diluted EPS": -0.81,
        "Total Revenue": 5,
        "Gross Profit": 5,
        "Operating Income": -29,
        "EBIT": -29,
        "Net Income": -27
    },
    "2018-12-31": {
        "Diluted EPS": -0.69,
        "Total Revenue": 2,
        "Gross Profit": 2,
        "Operating Income": -23,
        "EBIT": -23,
        "Net Income": -23
    },
    "2018-09-30": {
        "Diluted EPS": -0.63,
        "Total Revenue": 2,
        "Gross Profit": 2,
        "Operating Income": -21,
        "EBIT": -21,
        "Net Income": -20
    },
    "2018-06-30": {
        "Diluted EPS": -0.8,
        "Total Revenue": 3,
        "Gross Profit": 3,
        "Operating Income": -26,
        "EBIT": -26,
        "Net Income": -26
    },
    "2018-03-31": {
        "Diluted EPS": -0.63,
        "Total Revenue": 1,
        "Gross Profit": 1,
        "Operating Income": -21,
        "EBIT": -21,
        "Net Income": -20
    },
    "2017-12-31": {
        "Diluted EPS": -0.37,
        "Total Revenue": 6,
        "Gross Profit": 6,
        "Operating Income": -12,
        "EBIT": -12,
        "Net Income": -12
    },
    "2017-09-30": {
        "Diluted EPS": -0.89,
        "Total Revenue": 1,
        "Gross Profit": 1,
        "Operating Income": -23,
        "EBIT": -23,
        "Net Income": -23
    },
    "2017-06-30": {
        "Diluted EPS": -0.73,
        "Total Revenue": 1,
        "Gross Profit": 1,
        "Operating Income": -19,
        "EBIT": -18,
        "Net Income": -19
    },
    "2017-03-31": {
        "Diluted EPS": -0.65,
        "Total Revenue": 1,
        "Gross Profit": 1,
        "Operating Income": -18,
        "EBIT": -17,
        "Net Income": -17
    },
    "2016-12-31": {
        "Diluted EPS": -0.58,
        "Total Revenue": 2,
        "Gross Profit": 2,
        "Operating Income": -14,
        "EBIT": -14,
        "Net Income": -15
    },
    "2016-09-30": {
        "Diluted EPS": -0.35,
        "Total Revenue": 3,
        "Gross Profit": 3,
        "Operating Income": -10,
        "EBIT": -10,
        "Net Income": -9
    },
    "2016-06-30": {
        "Diluted EPS": -0.37,
        "Total Revenue": 4,
        "Gross Profit": 4,
        "Operating Income": -10,
        "EBIT": -9,
        "Net Income": -9
    },
    "2016-03-31": {
        "Diluted EPS": -0.29,
        "Total Revenue": 5,
        "Gross Profit": 5,
        "Operating Income": -7,
        "EBIT": -7,
        "Net Income": -7
    },
    "2015-12-31": {
        "Diluted EPS": 17.84,
        "Total Revenue": 5,
        "Gross Profit": 5,
        "Operating Income": -7,
        "EBIT": -7,
        "Net Income": -9
    },
    "2015-09-30": {
        "Diluted EPS": -5.25,
        "Total Revenue": 5,
        "Gross Profit": 5,
        "Operating Income": -4,
        "EBIT": -4,
        "Net Income": -7
    },
    "2015-06-30": {
        "Diluted EPS": -5.94,
        "Total Revenue": 5,
        "Gross Profit": 5,
        "Operating Income": -4,
        "EBIT": -4,
        "Net Income": -7
    },
    "2015-03-31": {
        "Diluted EPS": -15.79,
        "Total Revenue": 3,
        "Gross Profit": 3,
        "Operating Income": -5,
        "EBIT": -5,
        "Net Income": -16
    },
    "2014-12-31": {
        "Diluted EPS": -6.58,
        "Total Revenue": NaN,
        "Gross Profit": NaN,
        "Operating Income": NaN,
        "EBIT": 0,
        "Net Income": -5
    },
    "2014-09-30": {
        "Diluted EPS": -6.45,
        "Total Revenue": NaN,
        "Gross Profit": NaN,
        "Operating Income": -4,
        "EBIT": -4,
        "Net Income": -4
    },
    "2014-06-30": {
        "Diluted EPS": -8.11,
        "Total Revenue": NaN,
        "Gross Profit": NaN,
        "Operating Income": NaN,
        "EBIT": NaN,
        "Net Income": -5
    },
    "2014-03-31": {
        "Diluted EPS": -6.93,
        "Total Revenue": NaN,
        "Gross Profit": NaN,
        "Operating Income": NaN,
        "EBIT": NaN,
        "Net Income": -3
    },
    "2013-12-31": {
        "Diluted EPS": 0.0,
        "Total Revenue": NaN,
        "Gross Profit": NaN,
        "Operating Income": NaN,
        "EBIT": NaN,
        "Net Income": NaN
    },
    "2023-06-30": {
        "Tax Effect Of Unusual Items": 0.0,
        "Tax Rate For Calcs": 0.21,
        "Normalized EBITDA": -24340000.0,
        "Net Income From Continuing Operation Net Minority Interest": -22208000.0,
        "Reconciled Depreciation": 1086000.0,
        "EBITDA": -24340000.0,
        "EBIT": -25426000.0,
        "Net Interest Income": 3274000.0,
        "Interest Income": 3274000.0,
        "Normalized Income": -22208000.0,
        "Net Income From Continuing And Discontinued Operation": -22208000.0,
        "Total Expenses": 30279000.0,
        "Total Operating Income As Reported": -25426000.0,
        "Diluted Average Shares": 43520137.0,
        "Basic Average Shares": 43520137.0,
        "Diluted EPS": -0.51,
        "Basic EPS": -0.51,
        "Diluted NI Availto Com Stockholders": -22208000.0,
        "Net Income Common Stockholders": -22208000.0,
        "Net Income": -22208000.0,
        "Net Income Including Noncontrolling Interests": -22208000.0,
        "Net Income Continuous Operations": -22208000.0,
        "Tax Provision": 59000.0,
        "Pretax Income": -22149000.0,
        "Other Income Expense": 3000.0,
        "Other Non Operating Income Expenses": 3000.0,
        "Net Non Operating Interest Income Expense": 3274000.0,
        "Interest Income Non Operating": 3274000.0,
        "Operating Income": -25426000.0,
        "Operating Expense": 30279000.0,
        "Research And Development": 21985000.0,
        "Selling General And Administration": 8294000.0,
        "General And Administrative Expense": 8294000.0,
        "Other Gand A": 8294000.0,
        "Total Revenue": 4853000.0,
        "Operating Revenue": 4853000.0
    },
    "2023-09-30": {
        "Tax Effect Of Unusual Items": 0.0,
        "Tax Rate For Calcs": 0.006787,
        "Normalized EBITDA": -28562000.0,
        "Net Income From Continuing Operation Net Minority Interest": -25901000.0,
        "Reconciled Depreciation": 945000.0,
        "EBITDA": -28562000.0,
        "EBIT": -29507000.0,
        "Net Interest Income": 3429000.0,
        "Interest Income": 3429000.0,
        "Normalized Income": -25901000.0,
        "Net Income From Continuing And Discontinued Operation": -25901000.0,
        "Total Expenses": 34121000.0,
        "Total Operating Income As Reported": -29507000.0,
        "Diluted Average Shares": 43864838.0,
        "Basic Average Shares": 43864838.0,
        "Diluted EPS": -0.59,
        "Basic EPS": -0.59,
        "Diluted NI Availto Com Stockholders": -25901000.0,
        "Net Income Common Stockholders": -25901000.0,
        "Net Income": -25901000.0,
        "Net Income Including Noncontrolling Interests": -25901000.0,
        "Net Income Continuous Operations": -25901000.0,
        "Tax Provision": -177000.0,
        "Pretax Income": -26078000.0,
        "Other Income Expense": NaN,
        "Other Non Operating Income Expenses": NaN,
        "Net Non Operating Interest Income Expense": 3429000.0,
        "Interest Income Non Operating": 3429000.0,
        "Operating Income": -29507000.0,
        "Operating Expense": 34121000.0,
        "Research And Development": 25863000.0,
        "Selling General And Administration": 8258000.0,
        "General And Administrative Expense": 8258000.0,
        "Other Gand A": 8258000.0,
        "Total Revenue": 4614000.0,
        "Operating Revenue": 4614000.0
    },
    "2023-12-31": {
        "Tax Effect Of Unusual Items": 0.0,
        "Tax Rate For Calcs": 0.014366,
        "Normalized EBITDA": 55398000.0,
        "Net Income From Continuing Operation Net Minority Interest": 56395000.0,
        "Reconciled Depreciation": 1335000.0,
        "EBITDA": 55398000.0,
        "EBIT": 54063000.0,
        "Net Interest Income": 3154000.0,
        "Interest Income": NaN,
        "Normalized Income": 56395000.0,
        "Net Income From Continuing And Discontinued Operation": 56395000.0,
        "Total Expenses": 35998000.0,
        "Total Operating Income As Reported": 54063000.0,
        "Diluted Average Shares": NaN,
        "Basic Average Shares": NaN,
        "Diluted EPS": NaN,
        "Basic EPS": NaN,
        "Diluted NI Availto Com Stockholders": 56395000.0,
        "Net Income Common Stockholders": 56395000.0,
        "Net Income": 56395000.0,
        "Net Income Including Noncontrolling Interests": 56395000.0,
        "Net Income Continuous Operations": 56395000.0,
        "Tax Provision": 822000.0,
        "Pretax Income": 57217000.0,
        "Other Income Expense": 0.0,
        "Other Non Operating Income Expenses": 0.0,
        "Net Non Operating Interest Income Expense": 3154000.0,
        "Interest Income Non Operating": NaN,
        "Operating Income": 54063000.0,
        "Operating Expense": 35998000.0,
        "Research And Development": 25756000.0,
        "Selling General And Administration": 10242000.0,
        "General And Administrative Expense": 10242000.0,
        "Other Gand A": 10242000.0,
        "Total Revenue": 90061000.0,
        "Operating Revenue": 90061000.0
    },
    "2024-03-31": {
        "Tax Effect Of Unusual Items": 0.0,
        "Tax Rate For Calcs": 0.21,
        "Normalized EBITDA": -14987000.0,
        "Net Income From Continuing Operation Net Minority Interest": -11330000.0,
        "Reconciled Depreciation": 1196000.0,
        "EBITDA": -14987000.0,
        "EBIT": -16183000.0,
        "Net Interest Income": 4867000.0,
        "Interest Income": 4867000.0,
        "Normalized Income": -11330000.0,
        "Net Income From Continuing And Discontinued Operation": -11330000.0,
        "Total Expenses": 35699000.0,
        "Total Operating Income As Reported": -16183000.0,
        "Diluted Average Shares": 57117046.0,
        "Basic Average Shares": 57117046.0,
        "Diluted EPS": -0.2,
        "Basic EPS": -0.2,
        "Diluted NI Availto Com Stockholders": -11330000.0,
        "Net Income Common Stockholders": -11330000.0,
        "Net Income": -11330000.0,
        "Net Income Including Noncontrolling Interests": -11330000.0,
        "Net Income Continuous Operations": -11330000.0,
        "Tax Provision": 14000.0,
        "Pretax Income": -11316000.0,
        "Other Income Expense": NaN,
        "Other Non Operating Income Expenses": NaN,
        "Net Non Operating Interest Income Expense": 4867000.0,
        "Interest Income Non Operating": 4867000.0,
        "Operating Income": -16183000.0,
        "Operating Expense": 35699000.0,
        "Research And Development": 27092000.0,
        "Selling General And Administration": 8607000.0,
        "General And Administrative Expense": 8607000.0,
        "Other Gand A": 8607000.0,
        "Total Revenue": 19516000.0,
        "Operating Revenue": 19516000.0
    },
    "2024-06-30": {
        "Tax Effect Of Unusual Items": 0.0,
        "Tax Rate For Calcs": 0.21,
        "Normalized EBITDA": -13633000.0,
        "Net Income From Continuing Operation Net Minority Interest": -10141000.0,
        "Reconciled Depreciation": 1392000.0,
        "EBITDA": -13633000.0,
        "EBIT": -15025000.0,
        "Net Interest Income": 4888000.0,
        "Interest Income": 4888000.0,
        "Normalized Income": -10141000.0,
        "Net Income From Continuing And Discontinued Operation": -10141000.0,
        "Total Expenses": 44603000.0,
        "Total Operating Income As Reported": -15025000.0,
        "Diluted Average Shares": 57721934.0,
        "Basic Average Shares": 57721934.0,
        "Diluted EPS": -0.18,
        "Basic EPS": -0.18,
        "Diluted NI Availto Com Stockholders": -10141000.0,
        "Net Income Common Stockholders": -10141000.0,
        "Net Income": -10141000.0,
        "Net Income Including Noncontrolling Interests": -10141000.0,
        "Net Income Continuous Operations": -10141000.0,
        "Tax Provision": 24000.0,
        "Pretax Income": -10117000.0,
        "Other Income Expense": 20000.0,
        "Other Non Operating Income Expenses": 20000.0,
        "Net Non Operating Interest Income Expense": 4888000.0,
        "Interest Income Non Operating": 4888000.0,
        "Operating Income": -15025000.0,
        "Operating Expense": 44603000.0,
        "Research And Development": 34452000.0,
        "Selling General And Administration": 10151000.0,
        "General And Administrative Expense": 10151000.0,
        "Other Gand A": 10151000.0,
        "Total Revenue": 29578000.0,
        "Operating Revenue": 29578000.0
    }
}