{
    "2023-03-31": {
        "Tax Effect Of Unusual Items": NaN,
        "Tax Rate For Calcs": NaN,
        "Normalized EBITDA": NaN,
        "Net Income From Continuing Operation Net Minority Interest": NaN,
        "Reconciled Depreciation": 0.0,
        "EBITDA": NaN,
        "EBIT": NaN,
        "Normalized Income": NaN,
        "Net Income From Continuing And Discontinued Operation": NaN,
        "Total Expenses": NaN,
        "Total Operating Income As Reported": NaN,
        "Diluted Average Shares": 3255000.0,
        "Basic Average Shares": 3255000.0,
        "Diluted EPS": -1.74,
        "Basic EPS": -1.74,
        "Diluted NI Availto Com Stockholders": NaN,
        "Net Income Common Stockholders": NaN,
        "Net Income": NaN,
        "Net Income Including Noncontrolling Interests": NaN,
        "Net Income Discontinuous Operations": NaN,
        "Net Income Continuous Operations": NaN,
        "Tax Provision": NaN,
        "Pretax Income": NaN,
        "Other Income Expense": NaN,
        "Other Non Operating Income Expenses": NaN,
        "Operating Income": NaN,
        "Operating Expense": NaN,
        "Research And Development": NaN,
        "Selling General And Administration": NaN,
        "General And Administrative Expense": 3240000.0,
        "Other Gand A": 3240000.0,
        "Total Revenue": NaN,
        "Operating Revenue": NaN
    },
    "2022-12-31": {
        "Tax Effect Of Unusual Items": NaN,
        "Tax Rate For Calcs": NaN,
        "Normalized EBITDA": NaN,
        "Net Income From Continuing Operation Net Minority Interest": NaN,
        "Reconciled Depreciation": -155000.0,
        "EBITDA": NaN,
        "EBIT": NaN,
        "Net Interest Income": 0.0,
        "Interest Expense": 0.0,
        "Normalized Income": NaN,
        "Net Income From Continuing And Discontinued Operation": NaN,
        "Total Expenses": NaN,
        "Total Operating Income As Reported": NaN,
        "Diluted Average Shares": NaN,
        "Basic Average Shares": NaN,
        "Diluted EPS": NaN,
        "Basic EPS": NaN,
        "Diluted NI Availto Com Stockholders": NaN,
        "Net Income Common Stockholders": NaN,
        "Net Income": NaN,
        "Net Income Including Noncontrolling Interests": NaN,
        "Net Income Discontinuous Operations": NaN,
        "Net Income Continuous Operations": NaN,
        "Tax Provision": NaN,
        "Pretax Income": NaN,
        "Other Income Expense": NaN,
        "Other Non Operating Income Expenses": NaN,
        "Net Non Operating Interest Income Expense": 0.0,
        "Interest Expense Non Operating": 0.0,
        "Operating Income": NaN,
        "Operating Expense": NaN,
        "Research And Development": NaN,
        "Selling General And Administration": NaN,
        "General And Administrative Expense": NaN,
        "Other Gand A": NaN,
        "Total Revenue": NaN,
        "Operating Revenue": NaN
    },
    "2022-09-30": {
        "Tax Effect Of Unusual Items": NaN,
        "Tax Rate For Calcs": NaN,
        "Normalized EBITDA": NaN,
        "Net Income From Continuing Operation Net Minority Interest": NaN,
        "Reconciled Depreciation": NaN,
        "EBITDA": NaN,
        "EBIT": NaN,
        "Net Interest Income": 0.0,
        "Interest Expense": 0.0,
        "Normalized Income": NaN,
        "Net Income From Continuing And Discontinued Operation": NaN,
        "Total Expenses": NaN,
        "Total Operating Income As Reported": NaN,
        "Diluted Average Shares": NaN,
        "Basic Average Shares": NaN,
        "Diluted EPS": NaN,
        "Basic EPS": NaN,
        "Diluted NI Availto Com Stockholders": NaN,
        "Net Income Common Stockholders": NaN,
        "Net Income": NaN,
        "Net Income Including Noncontrolling Interests": NaN,
        "Net Income Discontinuous Operations": NaN,
        "Net Income Continuous Operations": NaN,
        "Tax Provision": NaN,
        "Pretax Income": NaN,
        "Other Income Expense": NaN,
        "Other Non Operating Income Expenses": NaN,
        "Net Non Operating Interest Income Expense": 0.0,
        "Interest Expense Non Operating": 0.0,
        "Operating Income": NaN,
        "Operating Expense": NaN,
        "Research And Development": NaN,
        "Selling General And Administration": NaN,
        "General And Administrative Expense": NaN,
        "Other Gand A": NaN,
        "Total Revenue": NaN,
        "Operating Revenue": NaN
    },
    "2022-06-30": {
        "Tax Effect Of Unusual Items": 0.0,
        "Tax Rate For Calcs": 0.0,
        "Normalized EBITDA": -8223000.0,
        "Net Income From Continuing Operation Net Minority Interest": -8235000.0,
        "Reconciled Depreciation": 12000.0,
        "EBITDA": -8223000.0,
        "EBIT": -8235000.0,
        "Net Interest Income": 0.0,
        "Interest Expense": 0.0,
        "Normalized Income": -8235000.0,
        "Net Income From Continuing And Discontinued Operation": -8476000.0,
        "Total Expenses": 8413000.0,
        "Total Operating Income As Reported": -8287000.0,
        "Diluted Average Shares": 3218000.0,
        "Basic Average Shares": 3218000.0,
        "Diluted EPS": -2.63,
        "Basic EPS": -2.63,
        "Diluted NI Availto Com Stockholders": -8476000.0,
        "Net Income Common Stockholders": -8476000.0,
        "Net Income": -8476000.0,
        "Net Income Including Noncontrolling Interests": -8476000.0,
        "Net Income Discontinuous Operations": -241000.0,
        "Net Income Continuous Operations": -8235000.0,
        "Tax Provision": 0.0,
        "Pretax Income": -8235000.0,
        "Other Income Expense": 52000.0,
        "Other Non Operating Income Expenses": 52000.0,
        "Net Non Operating Interest Income Expense": 0.0,
        "Interest Expense Non Operating": 0.0,
        "Operating Income": -8287000.0,
        "Operating Expense": 8413000.0,
        "Research And Development": 4108000.0,
        "Selling General And Administration": 4305000.0,
        "Total Revenue": 126000.0,
        "Operating Revenue": 126000.0
    },
    "2022-03-31": {
        "Diluted EPS": 1.51,
        "Total Revenue": 0,
        "Gross Profit": 0,
        "Operating Income": -9,
        "EBIT": -9,
        "Net Income": 5
    },
    "2021-12-31": {
        "Diluted EPS": -3.7,
        "Total Revenue": 0,
        "Gross Profit": 0,
        "Operating Income": -9,
        "EBIT": -9,
        "Net Income": -12
    },
    "2021-09-30": {
        "Diluted EPS": -7.37,
        "Total Revenue": 0,
        "Gross Profit": 0,
        "Operating Income": -11,
        "EBIT": -11,
        "Net Income": -21
    },
    "2021-06-30": {
        "Diluted EPS": -7.01,
        "Total Revenue": 0,
        "Gross Profit": 0,
        "Operating Income": -10,
        "EBIT": -10,
        "Net Income": -20
    },
    "2021-03-31": {
        "Diluted EPS": -7.55,
        "Total Revenue": 0,
        "Gross Profit": 0,
        "Operating Income": -10,
        "EBIT": -10,
        "Net Income": -21
    },
    "2020-12-31": {
        "Diluted EPS": 23.92,
        "Total Revenue": 4,
        "Gross Profit": 4,
        "Operating Income": -22,
        "EBIT": -22,
        "Net Income": -23
    },
    "2020-09-30": {
        "Diluted EPS": -10.61,
        "Total Revenue": 3,
        "Gross Profit": 3,
        "Operating Income": -23,
        "EBIT": -23,
        "Net Income": -25
    },
    "2020-06-30": {
        "Diluted EPS": -86.87,
        "Total Revenue": 12,
        "Gross Profit": 11,
        "Operating Income": -167,
        "EBIT": -113,
        "Net Income": -167
    },
    "2020-03-31": {
        "Diluted EPS": -68.17,
        "Total Revenue": 2,
        "Gross Profit": 1,
        "Operating Income": -40,
        "EBIT": -40,
        "Net Income": -40
    },
    "2019-12-31": {
        "Diluted EPS": -64.03,
        "Total Revenue": NaN,
        "Gross Profit": NaN,
        "Operating Income": -22,
        "EBIT": -22,
        "Net Income": -21
    },
    "2019-09-30": {
        "Diluted EPS": -16.55,
        "Total Revenue": NaN,
        "Gross Profit": NaN,
        "Operating Income": -23,
        "EBIT": -23,
        "Net Income": -23
    },
    "2019-06-30": {
        "Diluted EPS": -13.67,
        "Total Revenue": NaN,
        "Gross Profit": NaN,
        "Operating Income": -19,
        "EBIT": -19,
        "Net Income": -19
    },
    "2019-03-31": {
        "Diluted EPS": -33.81,
        "Total Revenue": 0,
        "Gross Profit": 0,
        "Operating Income": -16,
        "EBIT": -16,
        "Net Income": -15
    },
    "2018-12-31": {
        "Diluted EPS": -88.31,
        "Total Revenue": -7,
        "Gross Profit": -7,
        "Operating Income": -39,
        "EBIT": -38,
        "Net Income": -40
    },
    "2018-09-30": {
        "Diluted EPS": -40.29,
        "Total Revenue": NaN,
        "Gross Profit": NaN,
        "Operating Income": -14,
        "EBIT": -14,
        "Net Income": -13
    },
    "2018-06-30": {
        "Diluted EPS": -25.9,
        "Total Revenue": 10,
        "Gross Profit": 10,
        "Operating Income": -9,
        "EBIT": -9,
        "Net Income": -8
    },
    "2018-03-31": {
        "Diluted EPS": -51.8,
        "Total Revenue": 0,
        "Gross Profit": 0,
        "Operating Income": -13,
        "EBIT": -13,
        "Net Income": -13
    },
    "2017-12-31": {
        "Diluted EPS": -129.5,
        "Total Revenue": 3,
        "Gross Profit": 3,
        "Operating Income": -9,
        "EBIT": -9,
        "Net Income": -9
    },
    "2017-09-30": {
        "Diluted EPS": -115.11,
        "Total Revenue": 1,
        "Gross Profit": 1,
        "Operating Income": -8,
        "EBIT": -8,
        "Net Income": -8
    },
    "2017-06-30": {
        "Diluted EPS": -87.05,
        "Total Revenue": 0,
        "Gross Profit": 0,
        "Operating Income": -6,
        "EBIT": -6,
        "Net Income": -6
    },
    "2017-03-31": {
        "Diluted EPS": -77.7,
        "Total Revenue": 0,
        "Gross Profit": 0,
        "Operating Income": -6,
        "EBIT": -6,
        "Net Income": -5
    },
    "2016-12-31": {
        "Diluted EPS": 0.0,
        "Total Revenue": NaN,
        "Gross Profit": NaN,
        "Operating Income": NaN,
        "EBIT": NaN,
        "Net Income": NaN
    },
    "2015-12-31": {
        "Diluted EPS": 0.0,
        "Total Revenue": NaN,
        "Gross Profit": NaN,
        "Operating Income": NaN,
        "EBIT": NaN,
        "Net Income": NaN
    },
    "2023-06-30": {
        "Tax Effect Of Unusual Items": 0.0,
        "Tax Rate For Calcs": 0.0,
        "Normalized EBITDA": -10318000.0,
        "Net Income From Continuing Operation Net Minority Interest": -10038000.0,
        "Reconciled Depreciation": 0.0,
        "EBITDA": -10318000.0,
        "EBIT": -10318000.0,
        "Normalized Income": -10038000.0,
        "Net Income From Continuing And Discontinued Operation": -10058000.0,
        "Total Expenses": 10453000.0,
        "Total Operating Income As Reported": -10318000.0,
        "Diluted Average Shares": 3274000.0,
        "Basic Average Shares": 3274000.0,
        "Diluted EPS": -3.09,
        "Basic EPS": -3.09,
        "Diluted NI Availto Com Stockholders": -10058000.0,
        "Net Income Common Stockholders": -10058000.0,
        "Net Income": -10058000.0,
        "Net Income Including Noncontrolling Interests": -10058000.0,
        "Net Income Discontinuous Operations": -20000.0,
        "Net Income Continuous Operations": -10038000.0,
        "Tax Provision": 0.0,
        "Pretax Income": -10038000.0,
        "Other Income Expense": 280000.0,
        "Other Non Operating Income Expenses": 280000.0,
        "Operating Income": -10318000.0,
        "Operating Expense": 10453000.0,
        "Research And Development": 7233000.0,
        "Selling General And Administration": 3220000.0,
        "General And Administrative Expense": 3220000.0,
        "Other Gand A": 3220000.0,
        "Total Revenue": 135000.0,
        "Operating Revenue": 135000.0
    },
    "2023-09-30": {
        "Tax Effect Of Unusual Items": 0.0,
        "Tax Rate For Calcs": 0.0,
        "Normalized EBITDA": -6234000.0,
        "Net Income From Continuing Operation Net Minority Interest": -6071000.0,
        "Reconciled Depreciation": 0.0,
        "EBITDA": -6234000.0,
        "EBIT": -6234000.0,
        "Normalized Income": -6071000.0,
        "Net Income From Continuing And Discontinued Operation": -6584000.0,
        "Total Expenses": 6348000.0,
        "Total Operating Income As Reported": -6234000.0,
        "Diluted Average Shares": 3282000.0,
        "Basic Average Shares": 3282000.0,
        "Diluted EPS": -2.01,
        "Basic EPS": -2.01,
        "Diluted NI Availto Com Stockholders": -6584000.0,
        "Net Income Common Stockholders": -6584000.0,
        "Net Income": -6584000.0,
        "Net Income Including Noncontrolling Interests": -6584000.0,
        "Net Income Discontinuous Operations": -513000.0,
        "Net Income Continuous Operations": -6071000.0,
        "Tax Provision": 0.0,
        "Pretax Income": -6071000.0,
        "Other Income Expense": 163000.0,
        "Other Non Operating Income Expenses": 163000.0,
        "Operating Income": -6234000.0,
        "Operating Expense": 6348000.0,
        "Research And Development": 3318000.0,
        "Selling General And Administration": 3030000.0,
        "General And Administrative Expense": NaN,
        "Other Gand A": NaN,
        "Total Revenue": 114000.0,
        "Operating Revenue": 114000.0
    },
    "2023-12-31": {
        "Tax Effect Of Unusual Items": 0.0,
        "Tax Rate For Calcs": 0.0,
        "Normalized EBITDA": -6832000.0,
        "Net Income From Continuing Operation Net Minority Interest": -6152000.0,
        "Reconciled Depreciation": 0.0,
        "EBITDA": -6832000.0,
        "EBIT": -6832000.0,
        "Normalized Income": -6152000.0,
        "Net Income From Continuing And Discontinued Operation": -6188000.0,
        "Total Expenses": 6908000.0,
        "Total Operating Income As Reported": -6832000.0,
        "Diluted Average Shares": NaN,
        "Basic Average Shares": NaN,
        "Diluted EPS": NaN,
        "Basic EPS": NaN,
        "Diluted NI Availto Com Stockholders": -6188000.0,
        "Net Income Common Stockholders": -6188000.0,
        "Net Income": -6188000.0,
        "Net Income Including Noncontrolling Interests": -6188000.0,
        "Net Income Discontinuous Operations": -36000.0,
        "Net Income Continuous Operations": -6152000.0,
        "Tax Provision": 0.0,
        "Pretax Income": -6152000.0,
        "Other Income Expense": 680000.0,
        "Other Non Operating Income Expenses": 680000.0,
        "Operating Income": -6832000.0,
        "Operating Expense": 6908000.0,
        "Research And Development": 3023000.0,
        "Selling General And Administration": 3885000.0,
        "General And Administrative Expense": NaN,
        "Other Gand A": NaN,
        "Total Revenue": 76000.0,
        "Operating Revenue": 76000.0
    },
    "2024-03-31": {
        "Tax Effect Of Unusual Items": 0.0,
        "Tax Rate For Calcs": 0.0,
        "Normalized EBITDA": -7380000.0,
        "Net Income From Continuing Operation Net Minority Interest": -6241000.0,
        "Reconciled Depreciation": NaN,
        "EBITDA": -7380000.0,
        "EBIT": -7380000.0,
        "Normalized Income": -6241000.0,
        "Net Income From Continuing And Discontinued Operation": -6249000.0,
        "Total Expenses": 7478000.0,
        "Total Operating Income As Reported": -7380000.0,
        "Diluted Average Shares": 42581000.0,
        "Basic Average Shares": 42581000.0,
        "Diluted EPS": -0.15,
        "Basic EPS": -0.15,
        "Diluted NI Availto Com Stockholders": -6249000.0,
        "Net Income Common Stockholders": -6249000.0,
        "Net Income": -6249000.0,
        "Net Income Including Noncontrolling Interests": -6249000.0,
        "Net Income Discontinuous Operations": -8000.0,
        "Net Income Continuous Operations": -6241000.0,
        "Tax Provision": 0.0,
        "Pretax Income": -6241000.0,
        "Other Income Expense": 1139000.0,
        "Other Non Operating Income Expenses": 1139000.0,
        "Operating Income": -7380000.0,
        "Operating Expense": 7478000.0,
        "Research And Development": 3708000.0,
        "Selling General And Administration": 3770000.0,
        "General And Administrative Expense": 3770000.0,
        "Other Gand A": 3770000.0,
        "Total Revenue": 98000.0,
        "Operating Revenue": 98000.0
    },
    "2024-06-30": {
        "Tax Effect Of Unusual Items": 0.0,
        "Tax Rate For Calcs": 0.0,
        "Normalized EBITDA": -10396000.0,
        "Net Income From Continuing Operation Net Minority Interest": -9395000.0,
        "Reconciled Depreciation": NaN,
        "EBITDA": -10396000.0,
        "EBIT": -10396000.0,
        "Normalized Income": -9395000.0,
        "Net Income From Continuing And Discontinued Operation": -9406000.0,
        "Total Expenses": 10594000.0,
        "Total Operating Income As Reported": -10396000.0,
        "Diluted Average Shares": 2365889.0,
        "Basic Average Shares": 2365889.0,
        "Diluted EPS": -3.96,
        "Basic EPS": -3.96,
        "Diluted NI Availto Com Stockholders": -9406000.0,
        "Net Income Common Stockholders": -9406000.0,
        "Net Income": -9406000.0,
        "Net Income Including Noncontrolling Interests": -9406000.0,
        "Net Income Discontinuous Operations": -11000.0,
        "Net Income Continuous Operations": -9395000.0,
        "Tax Provision": 0.0,
        "Pretax Income": -9395000.0,
        "Other Income Expense": 1001000.0,
        "Other Non Operating Income Expenses": 1001000.0,
        "Operating Income": -10396000.0,
        "Operating Expense": 10594000.0,
        "Research And Development": 7306000.0,
        "Selling General And Administration": 3288000.0,
        "General And Administrative Expense": 3288000.0,
        "Other Gand A": 3288000.0,
        "Total Revenue": 198000.0,
        "Operating Revenue": 198000.0
    }
}