{
    "2023-06-30": {
        "Tax Effect Of Unusual Items": NaN,
        "Tax Rate For Calcs": NaN,
        "Normalized EBITDA": NaN,
        "Total Unusual Items": -9000000.0,
        "Total Unusual Items Excluding Goodwill": -9000000.0,
        "Net Income From Continuing Operation Net Minority Interest": NaN,
        "Reconciled Depreciation": NaN,
        "Reconciled Cost Of Revenue": NaN,
        "EBITDA": NaN,
        "EBIT": NaN,
        "Net Interest Income": NaN,
        "Interest Expense": NaN,
        "Interest Income": NaN,
        "Normalized Income": NaN,
        "Net Income From Continuing And Discontinued Operation": NaN,
        "Total Expenses": NaN,
        "Total Operating Income As Reported": NaN,
        "Diluted Average Shares": NaN,
        "Basic Average Shares": NaN,
        "Diluted EPS": NaN,
        "Basic EPS": NaN,
        "Diluted NI Availto Com Stockholders": NaN,
        "Net Income Common Stockholders": NaN,
        "Preferred Stock Dividends": NaN,
        "Net Income": NaN,
        "Minority Interests": NaN,
        "Net Income Including Noncontrolling Interests": NaN,
        "Net Income Discontinuous Operations": NaN,
        "Net Income Continuous Operations": NaN,
        "Tax Provision": NaN,
        "Pretax Income": NaN,
        "Other Income Expense": NaN,
        "Other Non Operating Income Expenses": NaN,
        "Special Income Charges": NaN,
        "Other Special Charges": NaN,
        "Gain On Sale Of Security": -9000000.0,
        "Net Non Operating Interest Income Expense": NaN,
        "Total Other Finance Cost": NaN,
        "Interest Expense Non Operating": NaN,
        "Interest Income Non Operating": NaN,
        "Operating Income": NaN,
        "Operating Expense": NaN,
        "Research And Development": NaN,
        "Selling General And Administration": NaN,
        "General And Administrative Expense": NaN,
        "Other Gand A": NaN,
        "Salaries And Wages": NaN,
        "Gross Profit": NaN,
        "Cost Of Revenue": NaN,
        "Total Revenue": NaN,
        "Operating Revenue": NaN
    },
    "2023-03-31": {
        "Tax Effect Of Unusual Items": 0.0,
        "Tax Rate For Calcs": 0.21,
        "Normalized EBITDA": 173000000.0,
        "Total Unusual Items": NaN,
        "Total Unusual Items Excluding Goodwill": NaN,
        "Net Income From Continuing Operation Net Minority Interest": -67000000.0,
        "Reconciled Depreciation": 151000000.0,
        "Reconciled Cost Of Revenue": 686000000.0,
        "EBITDA": 173000000.0,
        "EBIT": 22000000.0,
        "Net Interest Income": -85000000.0,
        "Interest Expense": 83000000.0,
        "Interest Income": 3000000.0,
        "Normalized Income": -67000000.0,
        "Net Income From Continuing And Discontinued Operation": 7000000.0,
        "Total Expenses": 891000000.0,
        "Total Operating Income As Reported": 26000000.0,
        "Diluted Average Shares": 139600000.0,
        "Basic Average Shares": 139600000.0,
        "Diluted EPS": 0.02,
        "Basic EPS": 0.02,
        "Diluted NI Availto Com Stockholders": 3000000.0,
        "Net Income Common Stockholders": 3000000.0,
        "Preferred Stock Dividends": 4000000.0,
        "Net Income": 7000000.0,
        "Minority Interests": -1000000.0,
        "Net Income Including Noncontrolling Interests": 8000000.0,
        "Net Income Discontinuous Operations": 74000000.0,
        "Net Income Continuous Operations": -66000000.0,
        "Tax Provision": 5000000.0,
        "Pretax Income": -61000000.0,
        "Other Income Expense": -1000000.0,
        "Other Non Operating Income Expenses": -1000000.0,
        "Special Income Charges": NaN,
        "Gain On Sale Of Security": NaN,
        "Net Non Operating Interest Income Expense": -85000000.0,
        "Total Other Finance Cost": 5000000.0,
        "Interest Expense Non Operating": 83000000.0,
        "Interest Income Non Operating": 3000000.0,
        "Operating Income": 25000000.0,
        "Operating Expense": 205000000.0,
        "Research And Development": 49000000.0,
        "Selling General And Administration": 156000000.0,
        "General And Administrative Expense": 156000000.0,
        "Other Gand A": 155000000.0,
        "Salaries And Wages": 1000000.0,
        "Gross Profit": 230000000.0,
        "Cost Of Revenue": 686000000.0,
        "Total Revenue": 916000000.0,
        "Operating Revenue": 916000000.0
    },
    "2022-12-31": {
        "Tax Effect Of Unusual Items": NaN,
        "Tax Rate For Calcs": NaN,
        "Normalized EBITDA": NaN,
        "Total Unusual Items": 3000000.0,
        "Total Unusual Items Excluding Goodwill": 3000000.0,
        "Net Income From Continuing Operation Net Minority Interest": NaN,
        "Reconciled Depreciation": NaN,
        "Reconciled Cost Of Revenue": NaN,
        "EBITDA": NaN,
        "EBIT": NaN,
        "Net Interest Income": NaN,
        "Interest Expense": NaN,
        "Interest Income": NaN,
        "Normalized Income": NaN,
        "Net Income From Continuing And Discontinued Operation": NaN,
        "Total Expenses": NaN,
        "Total Operating Income As Reported": NaN,
        "Diluted Average Shares": NaN,
        "Basic Average Shares": NaN,
        "Diluted EPS": NaN,
        "Basic EPS": NaN,
        "Diluted NI Availto Com Stockholders": NaN,
        "Net Income Common Stockholders": NaN,
        "Preferred Stock Dividends": NaN,
        "Net Income": NaN,
        "Minority Interests": NaN,
        "Net Income Including Noncontrolling Interests": NaN,
        "Net Income Discontinuous Operations": NaN,
        "Net Income Continuous Operations": NaN,
        "Tax Provision": NaN,
        "Pretax Income": NaN,
        "Other Income Expense": NaN,
        "Other Non Operating Income Expenses": NaN,
        "Special Income Charges": 0.0,
        "Gain On Sale Of Security": 3000000.0,
        "Net Non Operating Interest Income Expense": NaN,
        "Total Other Finance Cost": NaN,
        "Interest Expense Non Operating": NaN,
        "Interest Income Non Operating": NaN,
        "Operating Income": NaN,
        "Operating Expense": NaN,
        "Research And Development": NaN,
        "Selling General And Administration": NaN,
        "General And Administrative Expense": NaN,
        "Other Gand A": NaN,
        "Salaries And Wages": NaN,
        "Gross Profit": NaN,
        "Cost Of Revenue": NaN,
        "Total Revenue": NaN,
        "Operating Revenue": NaN
    },
    "2022-09-30": {
        "Tax Effect Of Unusual Items": NaN,
        "Tax Rate For Calcs": NaN,
        "Normalized EBITDA": NaN,
        "Total Unusual Items": NaN,
        "Total Unusual Items Excluding Goodwill": NaN,
        "Net Income From Continuing Operation Net Minority Interest": NaN,
        "Reconciled Depreciation": NaN,
        "Reconciled Cost Of Revenue": NaN,
        "EBITDA": NaN,
        "EBIT": NaN,
        "Net Interest Income": NaN,
        "Interest Expense": NaN,
        "Interest Income": NaN,
        "Normalized Income": NaN,
        "Net Income From Continuing And Discontinued Operation": NaN,
        "Total Expenses": NaN,
        "Total Operating Income As Reported": NaN,
        "Diluted Average Shares": NaN,
        "Basic Average Shares": NaN,
        "Diluted EPS": NaN,
        "Basic EPS": NaN,
        "Diluted NI Availto Com Stockholders": NaN,
        "Net Income Common Stockholders": NaN,
        "Preferred Stock Dividends": NaN,
        "Net Income": NaN,
        "Minority Interests": NaN,
        "Net Income Including Noncontrolling Interests": NaN,
        "Net Income Discontinuous Operations": NaN,
        "Net Income Continuous Operations": NaN,
        "Tax Provision": NaN,
        "Pretax Income": NaN,
        "Other Income Expense": NaN,
        "Other Non Operating Income Expenses": NaN,
        "Special Income Charges": 0.0,
        "Gain On Sale Of Security": NaN,
        "Net Non Operating Interest Income Expense": NaN,
        "Total Other Finance Cost": NaN,
        "Interest Expense Non Operating": NaN,
        "Interest Income Non Operating": NaN,
        "Operating Income": NaN,
        "Operating Expense": NaN,
        "Research And Development": NaN,
        "Selling General And Administration": NaN,
        "General And Administrative Expense": NaN,
        "Other Gand A": NaN,
        "Salaries And Wages": NaN,
        "Gross Profit": NaN,
        "Cost Of Revenue": NaN,
        "Total Revenue": NaN,
        "Operating Revenue": NaN
    },
    "2023-09-30": {
        "Tax Effect Of Unusual Items": -2940000.0,
        "Tax Rate For Calcs": 0.21,
        "Normalized EBITDA": 173000000.0,
        "Total Unusual Items": -14000000.0,
        "Total Unusual Items Excluding Goodwill": -14000000.0,
        "Net Income From Continuing Operation Net Minority Interest": -267000000.0,
        "Reconciled Depreciation": 155000000.0,
        "Reconciled Cost Of Revenue": 614000000.0,
        "EBITDA": 159000000.0,
        "EBIT": 4000000.0,
        "Net Interest Income": -84000000.0,
        "Interest Expense": 83000000.0,
        "Interest Income": 5000000.0,
        "Normalized Income": -255940000.0,
        "Net Income From Continuing And Discontinued Operation": -129000000.0,
        "Total Expenses": 786000000.0,
        "Total Operating Income As Reported": 24000000.0,
        "Diluted Average Shares": 140900000.0,
        "Basic Average Shares": 140900000.0,
        "Diluted EPS": -0.94,
        "Basic EPS": -0.94,
        "Diluted NI Availto Com Stockholders": -133000000.0,
        "Net Income Common Stockholders": -133000000.0,
        "Preferred Stock Dividends": 4000000.0,
        "Net Income": -129000000.0,
        "Minority Interests": -1000000.0,
        "Net Income Including Noncontrolling Interests": -128000000.0,
        "Net Income Discontinuous Operations": 138000000.0,
        "Net Income Continuous Operations": -266000000.0,
        "Tax Provision": 187000000.0,
        "Pretax Income": -79000000.0,
        "Other Income Expense": -18000000.0,
        "Other Non Operating Income Expenses": -4000000.0,
        "Special Income Charges": 0.0,
        "Other Special Charges": NaN,
        "Gain On Sale Of Security": -14000000.0,
        "Net Non Operating Interest Income Expense": -84000000.0,
        "Total Other Finance Cost": 6000000.0,
        "Interest Expense Non Operating": 83000000.0,
        "Interest Income Non Operating": 5000000.0,
        "Operating Income": 23000000.0,
        "Operating Expense": 172000000.0,
        "Research And Development": 29000000.0,
        "Selling General And Administration": 143000000.0,
        "General And Administrative Expense": 143000000.0,
        "Other Gand A": 142000000.0,
        "Salaries And Wages": 1000000.0,
        "Gross Profit": 195000000.0,
        "Cost Of Revenue": 614000000.0,
        "Total Revenue": 809000000.0,
        "Operating Revenue": 809000000.0
    },
    "2023-12-31": {
        "Tax Effect Of Unusual Items": -6556338.028169,
        "Tax Rate For Calcs": 0.133803,
        "Normalized EBITDA": -386000000.0,
        "Total Unusual Items": -49000000.0,
        "Total Unusual Items Excluding Goodwill": -49000000.0,
        "Net Income From Continuing Operation Net Minority Interest": -491000000.0,
        "Reconciled Depreciation": 98000000.0,
        "Reconciled Cost Of Revenue": -1395000000.0,
        "EBITDA": -435000000.0,
        "EBIT": -533000000.0,
        "Net Interest Income": -42000000.0,
        "Interest Expense": 35000000.0,
        "Interest Income": 2000000.0,
        "Normalized Income": -448556338.028169,
        "Net Income From Continuing And Discontinued Operation": -327000000.0,
        "Total Expenses": -1612000000.0,
        "Total Operating Income As Reported": -463000000.0,
        "Diluted Average Shares": 141400000.0,
        "Basic Average Shares": 141400000.0,
        "Diluted EPS": -2.25,
        "Basic EPS": -2.25,
        "Diluted NI Availto Com Stockholders": -331000000.0,
        "Net Income Common Stockholders": -331000000.0,
        "Preferred Stock Dividends": 4000000.0,
        "Net Income": -327000000.0,
        "Minority Interests": 1000000.0,
        "Net Income Including Noncontrolling Interests": -328000000.0,
        "Net Income Discontinuous Operations": 164000000.0,
        "Net Income Continuous Operations": -492000000.0,
        "Tax Provision": -76000000.0,
        "Pretax Income": -568000000.0,
        "Other Income Expense": -74000000.0,
        "Other Non Operating Income Expenses": -25000000.0,
        "Special Income Charges": NaN,
        "Other Special Charges": NaN,
        "Gain On Sale Of Security": -3000000.0,
        "Net Non Operating Interest Income Expense": -42000000.0,
        "Total Other Finance Cost": 9000000.0,
        "Interest Expense Non Operating": 35000000.0,
        "Interest Income Non Operating": 2000000.0,
        "Operating Income": -452000000.0,
        "Operating Expense": -217000000.0,
        "Research And Development": 10000000.0,
        "Selling General And Administration": -227000000.0,
        "General And Administrative Expense": -227000000.0,
        "Other Gand A": -216000000.0,
        "Salaries And Wages": -11000000.0,
        "Gross Profit": -669000000.0,
        "Cost Of Revenue": -1395000000.0,
        "Total Revenue": -2064000000.0,
        "Operating Revenue": -2064000000.0
    },
    "2024-03-31": {
        "Tax Effect Of Unusual Items": -5600000.0,
        "Tax Rate For Calcs": 0.254545,
        "Normalized EBITDA": 87000000.0,
        "Total Unusual Items": -22000000.0,
        "Total Unusual Items Excluding Goodwill": -22000000.0,
        "Net Income From Continuing Operation Net Minority Interest": -40000000.0,
        "Reconciled Depreciation": 81000000.0,
        "Reconciled Cost Of Revenue": 666000000.0,
        "EBITDA": 65000000.0,
        "EBIT": -16000000.0,
        "Net Interest Income": -45000000.0,
        "Interest Expense": 39000000.0,
        "Interest Income": 2000000.0,
        "Normalized Income": -23600000.0,
        "Net Income From Continuing And Discontinued Operation": -40000000.0,
        "Total Expenses": 859000000.0,
        "Total Operating Income As Reported": 4000000.0,
        "Diluted Average Shares": 143500000.0,
        "Basic Average Shares": 143500000.0,
        "Diluted EPS": -0.31,
        "Basic EPS": -0.31,
        "Diluted NI Availto Com Stockholders": -44000000.0,
        "Net Income Common Stockholders": -44000000.0,
        "Preferred Stock Dividends": 4000000.0,
        "Net Income": -40000000.0,
        "Minority Interests": 1000000.0,
        "Net Income Including Noncontrolling Interests": -41000000.0,
        "Net Income Discontinuous Operations": 0.0,
        "Net Income Continuous Operations": -41000000.0,
        "Tax Provision": -14000000.0,
        "Pretax Income": -55000000.0,
        "Other Income Expense": -13000000.0,
        "Other Non Operating Income Expenses": 9000000.0,
        "Special Income Charges": NaN,
        "Other Special Charges": NaN,
        "Gain On Sale Of Security": -22000000.0,
        "Net Non Operating Interest Income Expense": -45000000.0,
        "Total Other Finance Cost": 8000000.0,
        "Interest Expense Non Operating": 39000000.0,
        "Interest Income Non Operating": 2000000.0,
        "Operating Income": 3000000.0,
        "Operating Expense": 193000000.0,
        "Research And Development": 60000000.0,
        "Selling General And Administration": 133000000.0,
        "General And Administrative Expense": 133000000.0,
        "Other Gand A": 132000000.0,
        "Salaries And Wages": 1000000.0,
        "Gross Profit": 196000000.0,
        "Cost Of Revenue": 666000000.0,
        "Total Revenue": 862000000.0,
        "Operating Revenue": 862000000.0
    },
    "2024-06-30": {
        "Tax Effect Of Unusual Items": 0.0,
        "Tax Rate For Calcs": 0.21,
        "Normalized EBITDA": 77000000.0,
        "Total Unusual Items": NaN,
        "Total Unusual Items Excluding Goodwill": NaN,
        "Net Income From Continuing Operation Net Minority Interest": -74000000.0,
        "Reconciled Depreciation": 86000000.0,
        "Reconciled Cost Of Revenue": 685000000.0,
        "EBITDA": 77000000.0,
        "EBIT": -9000000.0,
        "Net Interest Income": -46000000.0,
        "Interest Expense": 41000000.0,
        "Interest Income": 1000000.0,
        "Normalized Income": -74000000.0,
        "Net Income From Continuing And Discontinued Operation": -73000000.0,
        "Total Expenses": 881000000.0,
        "Total Operating Income As Reported": -4000000.0,
        "Diluted Average Shares": 145000000.0,
        "Basic Average Shares": 145000000.0,
        "Diluted EPS": -0.53,
        "Basic EPS": -0.53,
        "Diluted NI Availto Com Stockholders": -77000000.0,
        "Net Income Common Stockholders": -77000000.0,
        "Preferred Stock Dividends": 4000000.0,
        "Net Income": -73000000.0,
        "Minority Interests": 0.0,
        "Net Income Including Noncontrolling Interests": -73000000.0,
        "Net Income Discontinuous Operations": 1000000.0,
        "Net Income Continuous Operations": -74000000.0,
        "Tax Provision": 24000000.0,
        "Pretax Income": -50000000.0,
        "Other Income Expense": 1000000.0,
        "Other Non Operating Income Expenses": 1000000.0,
        "Special Income Charges": NaN,
        "Other Special Charges": NaN,
        "Gain On Sale Of Security": NaN,
        "Net Non Operating Interest Income Expense": -46000000.0,
        "Total Other Finance Cost": 6000000.0,
        "Interest Expense Non Operating": 41000000.0,
        "Interest Income Non Operating": 1000000.0,
        "Operating Income": -5000000.0,
        "Operating Expense": 196000000.0,
        "Research And Development": 55000000.0,
        "Selling General And Administration": 141000000.0,
        "General And Administrative Expense": 141000000.0,
        "Other Gand A": 140000000.0,
        "Salaries And Wages": 1000000.0,
        "Gross Profit": 191000000.0,
        "Cost Of Revenue": 685000000.0,
        "Total Revenue": 876000000.0,
        "Operating Revenue": 876000000.0
    },
    "2024-09-30": {
        "Tax Effect Of Unusual Items": 125000.0,
        "Tax Rate For Calcs": 0.03125,
        "Normalized EBITDA": 74000000.0,
        "Total Unusual Items": 4000000.0,
        "Total Unusual Items Excluding Goodwill": 4000000.0,
        "Net Income From Continuing Operation Net Minority Interest": -31000000.0,
        "Reconciled Depreciation": 70000000.0,
        "Reconciled Cost Of Revenue": 545000000.0,
        "EBITDA": 78000000.0,
        "EBIT": 8000000.0,
        "Net Interest Income": -47000000.0,
        "Interest Expense": 40000000.0,
        "Interest Income": 2000000.0,
        "Normalized Income": -34875000.0,
        "Net Income From Continuing And Discontinued Operation": 1082000000.0,
        "Total Expenses": 697000000.0,
        "Total Operating Income As Reported": 15000000.0,
        "Diluted Average Shares": 145400000.0,
        "Basic Average Shares": 145400000.0,
        "Diluted EPS": 7.41,
        "Basic EPS": 7.41,
        "Diluted NI Availto Com Stockholders": 1078000000.0,
        "Net Income Common Stockholders": 1078000000.0,
        "Preferred Stock Dividends": 4000000.0,
        "Net Income": 1082000000.0,
        "Minority Interests": 0.0,
        "Net Income Including Noncontrolling Interests": 1082000000.0,
        "Net Income Discontinuous Operations": 1113000000.0,
        "Net Income Continuous Operations": -31000000.0,
        "Tax Provision": -1000000.0,
        "Pretax Income": -32000000.0,
        "Other Income Expense": 1000000.0,
        "Other Non Operating Income Expenses": -3000000.0,
        "Special Income Charges": 8000000.0,
        "Other Special Charges": -8000000.0,
        "Gain On Sale Of Security": -4000000.0,
        "Net Non Operating Interest Income Expense": -47000000.0,
        "Total Other Finance Cost": 9000000.0,
        "Interest Expense Non Operating": 40000000.0,
        "Interest Income Non Operating": 2000000.0,
        "Operating Income": 14000000.0,
        "Operating Expense": 152000000.0,
        "Research And Development": 38000000.0,
        "Selling General And Administration": 114000000.0,
        "General And Administrative Expense": 114000000.0,
        "Other Gand A": 113000000.0,
        "Salaries And Wages": 1000000.0,
        "Gross Profit": 166000000.0,
        "Cost Of Revenue": 545000000.0,
        "Total Revenue": 711000000.0,
        "Operating Revenue": 711000000.0
    }
}