{
    "2024-01-31": {
        "Tax Effect Of Unusual Items": 0.0,
        "Tax Rate For Calcs": 0.0,
        "Normalized EBITDA": -4304054.0,
        "Total Unusual Items": -221375.0,
        "Total Unusual Items Excluding Goodwill": -221375.0,
        "Net Income From Continuing Operation Net Minority Interest": -4074203.0,
        "Reconciled Depreciation": 52732.0,
        "Reconciled Cost Of Revenue": 52732.0,
        "EBITDA": -4525429.0,
        "EBIT": -4578161.0,
        "Net Interest Income": 725333.0,
        "Interest Income": 725333.0,
        "Normalized Income": -3852828.0,
        "Net Income From Continuing And Discontinued Operation": -4074203.0,
        "Total Expenses": 4578161.0,
        "Diluted Average Shares": 208033701.0,
        "Basic Average Shares": 208033701.0,
        "Diluted EPS": -0.02,
        "Basic EPS": -0.02,
        "Diluted NI Availto Com Stockholders": -4074203.0,
        "Net Income Common Stockholders": -4074203.0,
        "Net Income": -4074203.0,
        "Net Income Including Noncontrolling Interests": -4074203.0,
        "Net Income Continuous Operations": -4074203.0,
        "Pretax Income": -4074203.0,
        "Other Income Expense": -221375.0,
        "Special Income Charges": NaN,
        "Other Special Charges": NaN,
        "Restructuring And Mergern Acquisition": NaN,
        "Gain On Sale Of Security": -221375.0,
        "Net Non Operating Interest Income Expense": 725333.0,
        "Interest Income Non Operating": 725333.0,
        "Operating Income": -4578161.0,
        "Operating Expense": 4525429.0,
        "Other Operating Expenses": 615575.0,
        "Selling General And Administration": 3909854.0,
        "Selling And Marketing Expense": 1235447.0,
        "General And Administrative Expense": 2674407.0,
        "Other Gand A": 1025870.0,
        "Insurance And Claims": 156619.0,
        "Salaries And Wages": 1491918.0,
        "Gross Profit": -52732.0,
        "Cost Of Revenue": 52732.0,
        "Total Revenue": 0.0,
        "Operating Revenue": 0.0
    },
    "2023-10-31": {
        "Tax Effect Of Unusual Items": 0.0,
        "Tax Rate For Calcs": 0.0,
        "Normalized EBITDA": -2449802.0,
        "Total Unusual Items": -974895.0,
        "Total Unusual Items Excluding Goodwill": -974895.0,
        "Net Income From Continuing Operation Net Minority Interest": -4194386.0,
        "Reconciled Depreciation": 106883.0,
        "Reconciled Cost Of Revenue": 106883.0,
        "EBITDA": -3424697.0,
        "EBIT": -3531580.0,
        "Net Interest Income": 312089.0,
        "Interest Income": 312089.0,
        "Normalized Income": -3219491.0,
        "Net Income From Continuing And Discontinued Operation": -4194386.0,
        "Total Expenses": 3531580.0,
        "Diluted Average Shares": 207991645.0,
        "Basic Average Shares": 207991645.0,
        "Diluted EPS": -0.02,
        "Basic EPS": -0.02,
        "Diluted NI Availto Com Stockholders": -4194386.0,
        "Net Income Common Stockholders": -4194386.0,
        "Net Income": -4194386.0,
        "Net Income Including Noncontrolling Interests": -4194386.0,
        "Net Income Continuous Operations": -4194386.0,
        "Pretax Income": -4194386.0,
        "Other Income Expense": -974895.0,
        "Special Income Charges": NaN,
        "Other Special Charges": NaN,
        "Restructuring And Mergern Acquisition": NaN,
        "Gain On Sale Of Security": -974895.0,
        "Net Non Operating Interest Income Expense": 312089.0,
        "Interest Income Non Operating": 312089.0,
        "Operating Income": -3531580.0,
        "Operating Expense": 3424697.0,
        "Other Operating Expenses": 427494.0,
        "Selling General And Administration": 2997203.0,
        "Selling And Marketing Expense": 813066.0,
        "General And Administrative Expense": 2184137.0,
        "Other Gand A": 394397.0,
        "Insurance And Claims": 189678.0,
        "Salaries And Wages": 1600062.0,
        "Gross Profit": -106883.0,
        "Cost Of Revenue": 106883.0,
        "Total Revenue": 0.0,
        "Operating Revenue": 0.0
    },
    "2023-07-31": {
        "Tax Effect Of Unusual Items": 0.0,
        "Tax Rate For Calcs": 0.0,
        "Normalized EBITDA": -4633694.0,
        "Total Unusual Items": 91750.0,
        "Total Unusual Items Excluding Goodwill": 91750.0,
        "Net Income From Continuing Operation Net Minority Interest": -4402608.0,
        "Reconciled Depreciation": 67258.0,
        "Reconciled Cost Of Revenue": 67258.0,
        "EBITDA": -4541944.0,
        "EBIT": -4609202.0,
        "Net Interest Income": 114844.0,
        "Interest Income": 114844.0,
        "Normalized Income": -4494358.0,
        "Net Income From Continuing And Discontinued Operation": -4402608.0,
        "Total Expenses": 4609202.0,
        "Diluted Average Shares": 207940239.0,
        "Basic Average Shares": 207940239.0,
        "Diluted EPS": -0.02,
        "Basic EPS": -0.02,
        "Diluted NI Availto Com Stockholders": -4402608.0,
        "Net Income Common Stockholders": -4402608.0,
        "Net Income": -4402608.0,
        "Net Income Including Noncontrolling Interests": -4402608.0,
        "Net Income Continuous Operations": -4402608.0,
        "Pretax Income": -4402608.0,
        "Other Income Expense": 91750.0,
        "Special Income Charges": 0.0,
        "Other Special Charges": NaN,
        "Restructuring And Mergern Acquisition": 0.0,
        "Gain On Sale Of Security": 91750.0,
        "Net Non Operating Interest Income Expense": 114844.0,
        "Interest Income Non Operating": 114844.0,
        "Operating Income": -4609202.0,
        "Operating Expense": 4541944.0,
        "Other Operating Expenses": 197822.0,
        "Selling General And Administration": 4541944.0,
        "Selling And Marketing Expense": 715487.0,
        "General And Administrative Expense": 3826457.0,
        "Other Gand A": 823165.0,
        "Insurance And Claims": 187085.0,
        "Salaries And Wages": 2816207.0,
        "Gross Profit": -67258.0,
        "Cost Of Revenue": 67258.0,
        "Total Revenue": 0.0,
        "Operating Revenue": 0.0
    },
    "2023-04-30": {
        "Tax Effect Of Unusual Items": NaN,
        "Tax Rate For Calcs": NaN,
        "Normalized EBITDA": NaN,
        "Total Unusual Items": NaN,
        "Total Unusual Items Excluding Goodwill": NaN,
        "Net Income From Continuing Operation Net Minority Interest": NaN,
        "Reconciled Depreciation": NaN,
        "Reconciled Cost Of Revenue": NaN,
        "EBITDA": NaN,
        "EBIT": NaN,
        "Net Interest Income": NaN,
        "Interest Income": NaN,
        "Normalized Income": NaN,
        "Net Income From Continuing And Discontinued Operation": NaN,
        "Total Expenses": NaN,
        "Diluted Average Shares": NaN,
        "Basic Average Shares": NaN,
        "Diluted EPS": NaN,
        "Basic EPS": NaN,
        "Diluted NI Availto Com Stockholders": NaN,
        "Net Income Common Stockholders": NaN,
        "Net Income": NaN,
        "Net Income Including Noncontrolling Interests": NaN,
        "Net Income Continuous Operations": NaN,
        "Pretax Income": NaN,
        "Other Income Expense": NaN,
        "Special Income Charges": -443930.0,
        "Other Special Charges": NaN,
        "Restructuring And Mergern Acquisition": NaN,
        "Gain On Sale Of Security": NaN,
        "Net Non Operating Interest Income Expense": NaN,
        "Interest Income Non Operating": NaN,
        "Operating Income": NaN,
        "Operating Expense": NaN,
        "Other Operating Expenses": NaN,
        "Selling General And Administration": NaN,
        "Selling And Marketing Expense": NaN,
        "General And Administrative Expense": NaN,
        "Other Gand A": NaN,
        "Insurance And Claims": NaN,
        "Salaries And Wages": NaN,
        "Gross Profit": NaN,
        "Cost Of Revenue": NaN,
        "Total Revenue": NaN,
        "Operating Revenue": NaN
    },
    "2023-01-31": {
        "Tax Effect Of Unusual Items": NaN,
        "Tax Rate For Calcs": NaN,
        "Normalized EBITDA": NaN,
        "Total Unusual Items": NaN,
        "Total Unusual Items Excluding Goodwill": NaN,
        "Net Income From Continuing Operation Net Minority Interest": NaN,
        "Reconciled Depreciation": NaN,
        "Reconciled Cost Of Revenue": NaN,
        "EBITDA": NaN,
        "EBIT": NaN,
        "Net Interest Income": NaN,
        "Interest Income": NaN,
        "Normalized Income": NaN,
        "Net Income From Continuing And Discontinued Operation": NaN,
        "Total Expenses": NaN,
        "Diluted Average Shares": 175112075.0,
        "Basic Average Shares": 175112075.0,
        "Diluted EPS": -0.02,
        "Basic EPS": -0.02,
        "Diluted NI Availto Com Stockholders": NaN,
        "Net Income Common Stockholders": NaN,
        "Net Income": NaN,
        "Net Income Including Noncontrolling Interests": NaN,
        "Net Income Continuous Operations": NaN,
        "Pretax Income": NaN,
        "Other Income Expense": NaN,
        "Special Income Charges": 0.0,
        "Other Special Charges": NaN,
        "Restructuring And Mergern Acquisition": 0.0,
        "Gain On Sale Of Security": NaN,
        "Net Non Operating Interest Income Expense": NaN,
        "Interest Income Non Operating": NaN,
        "Operating Income": NaN,
        "Operating Expense": NaN,
        "Other Operating Expenses": 877964.0,
        "Selling General And Administration": NaN,
        "Selling And Marketing Expense": NaN,
        "General And Administrative Expense": NaN,
        "Other Gand A": NaN,
        "Insurance And Claims": NaN,
        "Salaries And Wages": NaN,
        "Gross Profit": NaN,
        "Cost Of Revenue": NaN,
        "Total Revenue": NaN,
        "Operating Revenue": NaN
    },
    "2022-10-31": {
        "Tax Effect Of Unusual Items": NaN,
        "Tax Rate For Calcs": NaN,
        "Normalized EBITDA": NaN,
        "Total Unusual Items": NaN,
        "Total Unusual Items Excluding Goodwill": NaN,
        "Net Income From Continuing Operation Net Minority Interest": NaN,
        "Reconciled Depreciation": NaN,
        "Reconciled Cost Of Revenue": NaN,
        "EBITDA": NaN,
        "EBIT": NaN,
        "Net Interest Income": NaN,
        "Interest Income": NaN,
        "Normalized Income": NaN,
        "Net Income From Continuing And Discontinued Operation": NaN,
        "Total Expenses": NaN,
        "Diluted Average Shares": 154875802.0,
        "Basic Average Shares": 154875802.0,
        "Diluted EPS": -0.01,
        "Basic EPS": -0.01,
        "Diluted NI Availto Com Stockholders": NaN,
        "Net Income Common Stockholders": NaN,
        "Net Income": NaN,
        "Net Income Including Noncontrolling Interests": NaN,
        "Net Income Continuous Operations": NaN,
        "Pretax Income": NaN,
        "Other Income Expense": NaN,
        "Special Income Charges": 0.0,
        "Restructuring And Mergern Acquisition": 0.0,
        "Gain On Sale Of Security": NaN,
        "Net Non Operating Interest Income Expense": NaN,
        "Interest Income Non Operating": NaN,
        "Operating Income": NaN,
        "Operating Expense": NaN,
        "Other Operating Expenses": 461922.0,
        "Selling General And Administration": NaN,
        "Selling And Marketing Expense": NaN,
        "General And Administrative Expense": NaN,
        "Other Gand A": NaN,
        "Insurance And Claims": NaN,
        "Salaries And Wages": NaN,
        "Gross Profit": NaN,
        "Cost Of Revenue": NaN,
        "Total Revenue": NaN,
        "Operating Revenue": NaN
    },
    "2024-04-30": {
        "Tax Effect Of Unusual Items": 0.0,
        "Tax Rate For Calcs": 0.0,
        "Normalized EBITDA": -3177885.0,
        "Total Unusual Items": -238949.0,
        "Total Unusual Items Excluding Goodwill": -238949.0,
        "Net Income From Continuing Operation Net Minority Interest": -3277192.0,
        "Reconciled Depreciation": 102103.0,
        "Reconciled Cost Of Revenue": 102103.0,
        "EBITDA": -3416834.0,
        "EBIT": -3518937.0,
        "Net Interest Income": 480694.0,
        "Interest Income": 480694.0,
        "Normalized Income": -3038243.0,
        "Net Income From Continuing And Discontinued Operation": -3277192.0,
        "Total Expenses": 3518937.0,
        "Diluted Average Shares": NaN,
        "Basic Average Shares": NaN,
        "Diluted EPS": NaN,
        "Basic EPS": NaN,
        "Diluted NI Availto Com Stockholders": -3277192.0,
        "Net Income Common Stockholders": -3277192.0,
        "Net Income": -3277192.0,
        "Net Income Including Noncontrolling Interests": -3277192.0,
        "Net Income Continuous Operations": -3277192.0,
        "Pretax Income": -3277192.0,
        "Other Income Expense": -238949.0,
        "Special Income Charges": NaN,
        "Other Special Charges": NaN,
        "Restructuring And Mergern Acquisition": NaN,
        "Gain On Sale Of Security": -74253.0,
        "Net Non Operating Interest Income Expense": 480694.0,
        "Interest Income Non Operating": 480694.0,
        "Operating Income": -3518937.0,
        "Operating Expense": 3416834.0,
        "Other Operating Expenses": NaN,
        "Selling General And Administration": 4909542.0,
        "Selling And Marketing Expense": 1000546.0,
        "General And Administrative Expense": 3908996.0,
        "Other Gand A": 3529658.0,
        "Insurance And Claims": 112731.0,
        "Salaries And Wages": 266607.0,
        "Gross Profit": -102103.0,
        "Cost Of Revenue": 102103.0,
        "Total Revenue": 0.0,
        "Operating Revenue": 0.0
    },
    "2024-07-31": {
        "Tax Effect Of Unusual Items": 2106515.85,
        "Tax Rate For Calcs": 0.15,
        "Normalized EBITDA": -20438436.0,
        "Total Unusual Items": 14043439.0,
        "Total Unusual Items Excluding Goodwill": 14043439.0,
        "Net Income From Continuing Operation Net Minority Interest": 7924127.0,
        "Reconciled Depreciation": 65485.0,
        "Reconciled Cost Of Revenue": 65485.0,
        "EBITDA": -6394997.0,
        "EBIT": -6460482.0,
        "Net Interest Income": 341170.0,
        "Interest Income": 341170.0,
        "Normalized Income": -4012796.15,
        "Net Income From Continuing And Discontinued Operation": 7924127.0,
        "Total Expenses": 6460482.0,
        "Diluted Average Shares": 238246923.0,
        "Basic Average Shares": 238246923.0,
        "Diluted EPS": 0.03,
        "Basic EPS": 0.03,
        "Diluted NI Availto Com Stockholders": 7924127.0,
        "Net Income Common Stockholders": 7924127.0,
        "Net Income": 7924127.0,
        "Net Income Including Noncontrolling Interests": 7924127.0,
        "Net Income Continuous Operations": 7924127.0,
        "Pretax Income": 7924127.0,
        "Other Income Expense": 14043439.0,
        "Special Income Charges": 13958286.0,
        "Other Special Charges": -321862.0,
        "Restructuring And Mergern Acquisition": -13636424.0,
        "Gain On Sale Of Security": 85153.0,
        "Net Non Operating Interest Income Expense": 341170.0,
        "Interest Income Non Operating": 341170.0,
        "Operating Income": -6460482.0,
        "Operating Expense": 6394997.0,
        "Other Operating Expenses": NaN,
        "Selling General And Administration": 6394997.0,
        "Selling And Marketing Expense": 1016875.0,
        "General And Administrative Expense": 5378122.0,
        "Other Gand A": 1443504.0,
        "Insurance And Claims": 157805.0,
        "Salaries And Wages": 3776813.0,
        "Gross Profit": -65485.0,
        "Cost Of Revenue": 65485.0,
        "Total Revenue": 0.0,
        "Operating Revenue": 0.0
    }
}