{
    "2023-03-31": {
        "Tax Effect Of Unusual Items": NaN,
        "Tax Rate For Calcs": NaN,
        "Normalized EBITDA": NaN,
        "Total Unusual Items": NaN,
        "Total Unusual Items Excluding Goodwill": NaN,
        "Net Income From Continuing Operation Net Minority Interest": NaN,
        "Reconciled Depreciation": NaN,
        "Reconciled Cost Of Revenue": NaN,
        "EBITDA": NaN,
        "EBIT": NaN,
        "Net Interest Income": NaN,
        "Interest Expense": NaN,
        "Normalized Income": NaN,
        "Net Income From Continuing And Discontinued Operation": NaN,
        "Total Expenses": NaN,
        "Total Operating Income As Reported": NaN,
        "Diluted Average Shares": NaN,
        "Basic Average Shares": NaN,
        "Diluted EPS": NaN,
        "Basic EPS": NaN,
        "Diluted NI Availto Com Stockholders": NaN,
        "Net Income Common Stockholders": NaN,
        "Net Income": NaN,
        "Net Income Including Noncontrolling Interests": NaN,
        "Net Income Continuous Operations": NaN,
        "Tax Provision": NaN,
        "Pretax Income": NaN,
        "Other Income Expense": NaN,
        "Other Non Operating Income Expenses": NaN,
        "Special Income Charges": NaN,
        "Other Special Charges": NaN,
        "Write Off": NaN,
        "Impairment Of Capital Assets": 13000000.0,
        "Restructuring And Mergern Acquisition": NaN,
        "Net Non Operating Interest Income Expense": NaN,
        "Interest Expense Non Operating": NaN,
        "Operating Income": NaN,
        "Operating Expense": NaN,
        "Other Operating Expenses": NaN,
        "Selling General And Administration": NaN,
        "Selling And Marketing Expense": NaN,
        "General And Administrative Expense": NaN,
        "Other Gand A": NaN,
        "Gross Profit": NaN,
        "Cost Of Revenue": NaN,
        "Total Revenue": NaN,
        "Operating Revenue": NaN
    },
    "2022-12-31": {
        "Tax Effect Of Unusual Items": NaN,
        "Tax Rate For Calcs": NaN,
        "Normalized EBITDA": NaN,
        "Total Unusual Items": NaN,
        "Total Unusual Items Excluding Goodwill": NaN,
        "Net Income From Continuing Operation Net Minority Interest": NaN,
        "Reconciled Depreciation": NaN,
        "Reconciled Cost Of Revenue": NaN,
        "EBITDA": NaN,
        "EBIT": NaN,
        "Net Interest Income": NaN,
        "Interest Expense": NaN,
        "Normalized Income": NaN,
        "Net Income From Continuing And Discontinued Operation": NaN,
        "Total Expenses": NaN,
        "Total Operating Income As Reported": NaN,
        "Diluted Average Shares": NaN,
        "Basic Average Shares": NaN,
        "Diluted EPS": NaN,
        "Basic EPS": NaN,
        "Diluted NI Availto Com Stockholders": NaN,
        "Net Income Common Stockholders": NaN,
        "Net Income": NaN,
        "Net Income Including Noncontrolling Interests": NaN,
        "Net Income Continuous Operations": NaN,
        "Tax Provision": NaN,
        "Pretax Income": NaN,
        "Other Income Expense": NaN,
        "Other Non Operating Income Expenses": NaN,
        "Special Income Charges": NaN,
        "Other Special Charges": 0.0,
        "Write Off": NaN,
        "Impairment Of Capital Assets": NaN,
        "Restructuring And Mergern Acquisition": NaN,
        "Net Non Operating Interest Income Expense": NaN,
        "Interest Expense Non Operating": NaN,
        "Operating Income": NaN,
        "Operating Expense": NaN,
        "Other Operating Expenses": NaN,
        "Selling General And Administration": NaN,
        "Selling And Marketing Expense": NaN,
        "General And Administrative Expense": NaN,
        "Other Gand A": NaN,
        "Gross Profit": NaN,
        "Cost Of Revenue": NaN,
        "Total Revenue": NaN,
        "Operating Revenue": NaN
    },
    "2022-09-30": {
        "Tax Effect Of Unusual Items": NaN,
        "Tax Rate For Calcs": NaN,
        "Normalized EBITDA": NaN,
        "Total Unusual Items": NaN,
        "Total Unusual Items Excluding Goodwill": NaN,
        "Net Income From Continuing Operation Net Minority Interest": NaN,
        "Reconciled Depreciation": NaN,
        "Reconciled Cost Of Revenue": NaN,
        "EBITDA": NaN,
        "EBIT": NaN,
        "Net Interest Income": NaN,
        "Interest Expense": NaN,
        "Normalized Income": NaN,
        "Net Income From Continuing And Discontinued Operation": NaN,
        "Total Expenses": NaN,
        "Total Operating Income As Reported": NaN,
        "Diluted Average Shares": NaN,
        "Basic Average Shares": NaN,
        "Diluted EPS": NaN,
        "Basic EPS": NaN,
        "Diluted NI Availto Com Stockholders": NaN,
        "Average Dilution Earnings": 0.0,
        "Net Income Common Stockholders": NaN,
        "Net Income": NaN,
        "Net Income Including Noncontrolling Interests": NaN,
        "Net Income Continuous Operations": NaN,
        "Tax Provision": NaN,
        "Pretax Income": NaN,
        "Other Income Expense": NaN,
        "Other Non Operating Income Expenses": -1000000.0,
        "Special Income Charges": NaN,
        "Other Special Charges": -96000000.0,
        "Write Off": NaN,
        "Impairment Of Capital Assets": 0.0,
        "Restructuring And Mergern Acquisition": NaN,
        "Net Non Operating Interest Income Expense": NaN,
        "Interest Expense Non Operating": NaN,
        "Operating Income": NaN,
        "Operating Expense": NaN,
        "Other Operating Expenses": NaN,
        "Selling General And Administration": NaN,
        "Selling And Marketing Expense": NaN,
        "General And Administrative Expense": NaN,
        "Other Gand A": NaN,
        "Gross Profit": NaN,
        "Cost Of Revenue": NaN,
        "Total Revenue": NaN,
        "Operating Revenue": NaN
    },
    "2022-06-30": {
        "Tax Effect Of Unusual Items": -16000000.0,
        "Tax Rate For Calcs": 0.4,
        "Normalized EBITDA": -240000000.0,
        "Total Unusual Items": -40000000.0,
        "Total Unusual Items Excluding Goodwill": -40000000.0,
        "Net Income From Continuing Operation Net Minority Interest": -378000000.0,
        "Reconciled Depreciation": 91000000.0,
        "Reconciled Cost Of Revenue": 2388000000.0,
        "EBITDA": -280000000.0,
        "EBIT": -371000000.0,
        "Net Interest Income": -6000000.0,
        "Interest Expense": 6000000.0,
        "Normalized Income": -354000000.0,
        "Net Income From Continuing And Discontinued Operation": -378000000.0,
        "Total Expenses": 3616000000.0,
        "Total Operating Income As Reported": -372000000.0,
        "Diluted Average Shares": 105000000.0,
        "Basic Average Shares": 105000000.0,
        "Diluted EPS": -3.59,
        "Basic EPS": -3.59,
        "Diluted NI Availto Com Stockholders": -378000000.0,
        "Average Dilution Earnings": 0.0,
        "Net Income Common Stockholders": -378000000.0,
        "Net Income": -378000000.0,
        "Net Income Including Noncontrolling Interests": -378000000.0,
        "Net Income Continuous Operations": -378000000.0,
        "Tax Provision": 1000000.0,
        "Pretax Income": -377000000.0,
        "Other Income Expense": -39000000.0,
        "Other Non Operating Income Expenses": 1000000.0,
        "Special Income Charges": -40000000.0,
        "Other Special Charges": NaN,
        "Write Off": NaN,
        "Impairment Of Capital Assets": 40000000.0,
        "Restructuring And Mergern Acquisition": NaN,
        "Net Non Operating Interest Income Expense": -6000000.0,
        "Interest Expense Non Operating": 6000000.0,
        "Operating Income": -332000000.0,
        "Operating Expense": 1228000000.0,
        "Other Operating Expenses": 162000000.0,
        "Selling General And Administration": 1228000000.0,
        "Selling And Marketing Expense": 378000000.0,
        "General And Administrative Expense": 850000000.0,
        "Other Gand A": 850000000.0,
        "Gross Profit": 896000000.0,
        "Cost Of Revenue": 2388000000.0,
        "Total Revenue": 3284000000.0,
        "Operating Revenue": 3284000000.0
    },
    "2023-06-30": {
        "Tax Effect Of Unusual Items": NaN,
        "Tax Rate For Calcs": NaN,
        "Normalized EBITDA": NaN,
        "Total Unusual Items": NaN,
        "Total Unusual Items Excluding Goodwill": NaN,
        "Net Income From Continuing Operation Net Minority Interest": NaN,
        "Reconciled Depreciation": NaN,
        "Reconciled Cost Of Revenue": NaN,
        "EBITDA": NaN,
        "EBIT": NaN,
        "Net Interest Income": NaN,
        "Interest Expense": NaN,
        "Normalized Income": NaN,
        "Net Income From Continuing And Discontinued Operation": NaN,
        "Total Expenses": NaN,
        "Total Operating Income As Reported": NaN,
        "Diluted Average Shares": 112000000.0,
        "Basic Average Shares": 112000000.0,
        "Diluted EPS": -0.41,
        "Basic EPS": -0.41,
        "Diluted NI Availto Com Stockholders": NaN,
        "Net Income Common Stockholders": NaN,
        "Net Income": NaN,
        "Net Income Including Noncontrolling Interests": NaN,
        "Net Income Continuous Operations": NaN,
        "Tax Provision": NaN,
        "Pretax Income": NaN,
        "Other Income Expense": NaN,
        "Other Non Operating Income Expenses": 3000000.0,
        "Special Income Charges": NaN,
        "Other Special Charges": -100000000.0,
        "Write Off": NaN,
        "Impairment Of Capital Assets": 1000000.0,
        "Restructuring And Mergern Acquisition": NaN,
        "Net Non Operating Interest Income Expense": NaN,
        "Interest Expense Non Operating": NaN,
        "Operating Income": NaN,
        "Operating Expense": NaN,
        "Other Operating Expenses": NaN,
        "Selling General And Administration": NaN,
        "Selling And Marketing Expense": NaN,
        "General And Administrative Expense": NaN,
        "Other Gand A": NaN,
        "Gross Profit": NaN,
        "Cost Of Revenue": NaN,
        "Total Revenue": NaN,
        "Operating Revenue": NaN
    },
    "2023-09-30": {
        "Tax Effect Of Unusual Items": 0.0,
        "Tax Rate For Calcs": 0.21,
        "Normalized EBITDA": -50000000.0,
        "Total Unusual Items": 0.0,
        "Total Unusual Items Excluding Goodwill": 0.0,
        "Net Income From Continuing Operation Net Minority Interest": -163000000.0,
        "Reconciled Depreciation": 106000000.0,
        "Reconciled Cost Of Revenue": 2027000000.0,
        "EBITDA": -50000000.0,
        "EBIT": -156000000.0,
        "Net Interest Income": -5000000.0,
        "Interest Expense": 5000000.0,
        "Normalized Income": -163000000.0,
        "Net Income From Continuing And Discontinued Operation": -163000000.0,
        "Total Expenses": 3096000000.0,
        "Total Operating Income As Reported": -152000000.0,
        "Diluted Average Shares": 116000000.0,
        "Basic Average Shares": 116000000.0,
        "Diluted EPS": -1.4,
        "Basic EPS": -1.4,
        "Diluted NI Availto Com Stockholders": -163000000.0,
        "Net Income Common Stockholders": -163000000.0,
        "Net Income": -163000000.0,
        "Net Income Including Noncontrolling Interests": -163000000.0,
        "Net Income Continuous Operations": -163000000.0,
        "Tax Provision": 2000000.0,
        "Pretax Income": -161000000.0,
        "Other Income Expense": -4000000.0,
        "Other Non Operating Income Expenses": -4000000.0,
        "Special Income Charges": 0.0,
        "Other Special Charges": NaN,
        "Write Off": 0.0,
        "Impairment Of Capital Assets": 0.0,
        "Restructuring And Mergern Acquisition": 0.0,
        "Net Non Operating Interest Income Expense": -5000000.0,
        "Interest Expense Non Operating": 5000000.0,
        "Operating Income": -152000000.0,
        "Operating Expense": 1069000000.0,
        "Other Operating Expenses": 136000000.0,
        "Selling General And Administration": 933000000.0,
        "Selling And Marketing Expense": 337000000.0,
        "General And Administrative Expense": 596000000.0,
        "Other Gand A": 596000000.0,
        "Gross Profit": 917000000.0,
        "Cost Of Revenue": 2027000000.0,
        "Total Revenue": 2944000000.0,
        "Operating Revenue": 2944000000.0
    },
    "2023-12-31": {
        "Tax Effect Of Unusual Items": 210000.0,
        "Tax Rate For Calcs": 0.21,
        "Normalized EBITDA": -65000000.0,
        "Total Unusual Items": 1000000.0,
        "Total Unusual Items Excluding Goodwill": 1000000.0,
        "Net Income From Continuing Operation Net Minority Interest": -174000000.0,
        "Reconciled Depreciation": 105000000.0,
        "Reconciled Cost Of Revenue": 2170000000.0,
        "EBITDA": -64000000.0,
        "EBIT": -169000000.0,
        "Net Interest Income": -2000000.0,
        "Interest Expense": 2000000.0,
        "Normalized Income": -174790000.0,
        "Net Income From Continuing And Discontinued Operation": -174000000.0,
        "Total Expenses": 3286000000.0,
        "Total Operating Income As Reported": -172000000.0,
        "Diluted Average Shares": 118000000.0,
        "Basic Average Shares": 118000000.0,
        "Diluted EPS": -1.49,
        "Basic EPS": -1.49,
        "Diluted NI Availto Com Stockholders": -174000000.0,
        "Net Income Common Stockholders": -174000000.0,
        "Net Income": -174000000.0,
        "Net Income Including Noncontrolling Interests": -174000000.0,
        "Net Income Continuous Operations": -174000000.0,
        "Tax Provision": 3000000.0,
        "Pretax Income": -171000000.0,
        "Other Income Expense": 3000000.0,
        "Other Non Operating Income Expenses": NaN,
        "Special Income Charges": 0.0,
        "Other Special Charges": 0.0,
        "Write Off": 0.0,
        "Impairment Of Capital Assets": NaN,
        "Restructuring And Mergern Acquisition": 0.0,
        "Net Non Operating Interest Income Expense": -2000000.0,
        "Interest Expense Non Operating": 2000000.0,
        "Operating Income": -172000000.0,
        "Operating Expense": 1116000000.0,
        "Other Operating Expenses": 138000000.0,
        "Selling General And Administration": 978000000.0,
        "Selling And Marketing Expense": 381000000.0,
        "General And Administrative Expense": 597000000.0,
        "Other Gand A": 597000000.0,
        "Gross Profit": 944000000.0,
        "Cost Of Revenue": 2170000000.0,
        "Total Revenue": 3114000000.0,
        "Operating Revenue": 3114000000.0
    },
    "2024-03-31": {
        "Tax Effect Of Unusual Items": -16590000.0,
        "Tax Rate For Calcs": 0.21,
        "Normalized EBITDA": -56000000.0,
        "Total Unusual Items": -79000000.0,
        "Total Unusual Items Excluding Goodwill": -79000000.0,
        "Net Income From Continuing Operation Net Minority Interest": -248000000.0,
        "Reconciled Depreciation": 104000000.0,
        "Reconciled Cost Of Revenue": 1910000000.0,
        "EBITDA": -135000000.0,
        "EBIT": -239000000.0,
        "Net Interest Income": -6000000.0,
        "Interest Expense": 6000000.0,
        "Normalized Income": -185590000.0,
        "Net Income From Continuing And Discontinued Operation": -248000000.0,
        "Total Expenses": 2885000000.0,
        "Total Operating Income As Reported": -235000000.0,
        "Diluted Average Shares": 120000000.0,
        "Basic Average Shares": 120000000.0,
        "Diluted EPS": -2.06,
        "Basic EPS": -2.06,
        "Diluted NI Availto Com Stockholders": -248000000.0,
        "Net Income Common Stockholders": -248000000.0,
        "Net Income": -248000000.0,
        "Net Income Including Noncontrolling Interests": -248000000.0,
        "Net Income Continuous Operations": -248000000.0,
        "Tax Provision": 3000000.0,
        "Pretax Income": -245000000.0,
        "Other Income Expense": -83000000.0,
        "Other Non Operating Income Expenses": -4000000.0,
        "Special Income Charges": -79000000.0,
        "Other Special Charges": NaN,
        "Write Off": 0.0,
        "Impairment Of Capital Assets": NaN,
        "Restructuring And Mergern Acquisition": 79000000.0,
        "Net Non Operating Interest Income Expense": -6000000.0,
        "Interest Expense Non Operating": 6000000.0,
        "Operating Income": -156000000.0,
        "Operating Expense": 975000000.0,
        "Other Operating Expenses": 117000000.0,
        "Selling General And Administration": 858000000.0,
        "Selling And Marketing Expense": 324000000.0,
        "General And Administrative Expense": 534000000.0,
        "Other Gand A": 534000000.0,
        "Gross Profit": 819000000.0,
        "Cost Of Revenue": 1910000000.0,
        "Total Revenue": 2729000000.0,
        "Operating Revenue": 2729000000.0
    },
    "2024-06-30": {
        "Tax Effect Of Unusual Items": -210000.0,
        "Tax Rate For Calcs": 0.21,
        "Normalized EBITDA": 64000000.0,
        "Total Unusual Items": -1000000.0,
        "Total Unusual Items Excluding Goodwill": -1000000.0,
        "Net Income From Continuing Operation Net Minority Interest": -42000000.0,
        "Reconciled Depreciation": 99000000.0,
        "Reconciled Cost Of Revenue": 2176000000.0,
        "EBITDA": 63000000.0,
        "EBIT": -36000000.0,
        "Net Interest Income": -4000000.0,
        "Interest Expense": 4000000.0,
        "Normalized Income": -41210000.0,
        "Net Income From Continuing And Discontinued Operation": -42000000.0,
        "Total Expenses": 3151000000.0,
        "Total Operating Income As Reported": -35000000.0,
        "Diluted Average Shares": 122000000.0,
        "Basic Average Shares": 122000000.0,
        "Diluted EPS": -0.34,
        "Basic EPS": -0.34,
        "Diluted NI Availto Com Stockholders": -42000000.0,
        "Net Income Common Stockholders": -42000000.0,
        "Net Income": -42000000.0,
        "Net Income Including Noncontrolling Interests": -42000000.0,
        "Net Income Continuous Operations": -42000000.0,
        "Tax Provision": 2000000.0,
        "Pretax Income": -40000000.0,
        "Other Income Expense": -2000000.0,
        "Other Non Operating Income Expenses": -1000000.0,
        "Special Income Charges": -1000000.0,
        "Other Special Charges": NaN,
        "Write Off": 1000000.0,
        "Impairment Of Capital Assets": NaN,
        "Restructuring And Mergern Acquisition": 0.0,
        "Net Non Operating Interest Income Expense": -4000000.0,
        "Interest Expense Non Operating": 4000000.0,
        "Operating Income": -34000000.0,
        "Operating Expense": 975000000.0,
        "Other Operating Expenses": 121000000.0,
        "Selling General And Administration": 854000000.0,
        "Selling And Marketing Expense": 365000000.0,
        "General And Administrative Expense": 489000000.0,
        "Other Gand A": 489000000.0,
        "Gross Profit": 941000000.0,
        "Cost Of Revenue": 2176000000.0,
        "Total Revenue": 3117000000.0,
        "Operating Revenue": 3117000000.0
    },
    "2024-09-30": {
        "Tax Effect Of Unusual Items": -210000.0,
        "Tax Rate For Calcs": 0.21,
        "Normalized EBITDA": 29000000.0,
        "Total Unusual Items": -1000000.0,
        "Total Unusual Items Excluding Goodwill": -1000000.0,
        "Net Income From Continuing Operation Net Minority Interest": -74000000.0,
        "Reconciled Depreciation": 94000000.0,
        "Reconciled Cost Of Revenue": 2011000000.0,
        "EBITDA": 28000000.0,
        "EBIT": -66000000.0,
        "Net Interest Income": -5000000.0,
        "Interest Expense": 5000000.0,
        "Normalized Income": -73210000.0,
        "Net Income From Continuing And Discontinued Operation": -74000000.0,
        "Total Expenses": 2957000000.0,
        "Total Operating Income As Reported": -74000000.0,
        "Diluted Average Shares": NaN,
        "Basic Average Shares": NaN,
        "Diluted EPS": NaN,
        "Basic EPS": NaN,
        "Diluted NI Availto Com Stockholders": -74000000.0,
        "Net Income Common Stockholders": -74000000.0,
        "Net Income": -74000000.0,
        "Net Income Including Noncontrolling Interests": -74000000.0,
        "Net Income Continuous Operations": -74000000.0,
        "Tax Provision": 3000000.0,
        "Pretax Income": -71000000.0,
        "Other Income Expense": 7000000.0,
        "Other Non Operating Income Expenses": 8000000.0,
        "Special Income Charges": -1000000.0,
        "Other Special Charges": NaN,
        "Write Off": 1000000.0,
        "Impairment Of Capital Assets": NaN,
        "Restructuring And Mergern Acquisition": 0.0,
        "Net Non Operating Interest Income Expense": -5000000.0,
        "Interest Expense Non Operating": 5000000.0,
        "Operating Income": -73000000.0,
        "Operating Expense": 946000000.0,
        "Other Operating Expenses": 112000000.0,
        "Selling General And Administration": 834000000.0,
        "Selling And Marketing Expense": 354000000.0,
        "General And Administrative Expense": 480000000.0,
        "Other Gand A": 480000000.0,
        "Gross Profit": 873000000.0,
        "Cost Of Revenue": 2011000000.0,
        "Total Revenue": 2884000000.0,
        "Operating Revenue": 2884000000.0
    }
}