{
    "2023-03-31": {
        "Tax Effect Of Unusual Items": NaN,
        "Tax Rate For Calcs": NaN,
        "Normalized EBITDA": NaN,
        "Total Unusual Items": NaN,
        "Total Unusual Items Excluding Goodwill": NaN,
        "Net Income From Continuing Operation Net Minority Interest": NaN,
        "Reconciled Depreciation": NaN,
        "Reconciled Cost Of Revenue": NaN,
        "EBITDA": NaN,
        "EBIT": NaN,
        "Net Interest Income": NaN,
        "Interest Income": NaN,
        "Normalized Income": NaN,
        "Net Income From Continuing And Discontinued Operation": NaN,
        "Total Expenses": NaN,
        "Total Operating Income As Reported": NaN,
        "Diluted Average Shares": 4070438.0,
        "Basic Average Shares": 4070438.0,
        "Diluted EPS": -1.63,
        "Basic EPS": -1.63,
        "Diluted NI Availto Com Stockholders": NaN,
        "Net Income Common Stockholders": NaN,
        "Net Income": NaN,
        "Net Income Including Noncontrolling Interests": NaN,
        "Net Income Continuous Operations": NaN,
        "Pretax Income": NaN,
        "Other Income Expense": NaN,
        "Special Income Charges": NaN,
        "Restructuring And Mergern Acquisition": NaN,
        "Gain On Sale Of Security": NaN,
        "Net Non Operating Interest Income Expense": NaN,
        "Interest Income Non Operating": NaN,
        "Operating Income": NaN,
        "Operating Expense": NaN,
        "Research And Development": NaN,
        "Selling General And Administration": NaN,
        "Selling And Marketing Expense": NaN,
        "General And Administrative Expense": NaN,
        "Other Gand A": NaN,
        "Gross Profit": NaN,
        "Cost Of Revenue": NaN,
        "Total Revenue": NaN,
        "Operating Revenue": NaN
    },
    "2022-12-31": {
        "Tax Effect Of Unusual Items": NaN,
        "Tax Rate For Calcs": NaN,
        "Normalized EBITDA": NaN,
        "Total Unusual Items": NaN,
        "Total Unusual Items Excluding Goodwill": NaN,
        "Net Income From Continuing Operation Net Minority Interest": NaN,
        "Reconciled Depreciation": NaN,
        "Reconciled Cost Of Revenue": NaN,
        "EBITDA": NaN,
        "EBIT": NaN,
        "Net Interest Income": NaN,
        "Interest Income": NaN,
        "Normalized Income": NaN,
        "Net Income From Continuing And Discontinued Operation": NaN,
        "Total Expenses": NaN,
        "Total Operating Income As Reported": NaN,
        "Diluted Average Shares": 3913751.0,
        "Basic Average Shares": 3913751.0,
        "Diluted EPS": -1.6,
        "Basic EPS": -1.6,
        "Diluted NI Availto Com Stockholders": NaN,
        "Net Income Common Stockholders": NaN,
        "Net Income": NaN,
        "Net Income Including Noncontrolling Interests": NaN,
        "Net Income Continuous Operations": NaN,
        "Pretax Income": NaN,
        "Other Income Expense": NaN,
        "Special Income Charges": NaN,
        "Restructuring And Mergern Acquisition": NaN,
        "Gain On Sale Of Security": NaN,
        "Net Non Operating Interest Income Expense": NaN,
        "Interest Income Non Operating": NaN,
        "Operating Income": NaN,
        "Operating Expense": NaN,
        "Research And Development": NaN,
        "Selling General And Administration": NaN,
        "Selling And Marketing Expense": NaN,
        "General And Administrative Expense": NaN,
        "Other Gand A": NaN,
        "Gross Profit": NaN,
        "Cost Of Revenue": NaN,
        "Total Revenue": NaN,
        "Operating Revenue": NaN
    },
    "2022-09-30": {
        "Tax Effect Of Unusual Items": 0.0,
        "Tax Rate For Calcs": 0.0,
        "Normalized EBITDA": -6107715.0,
        "Total Unusual Items": 0.0,
        "Total Unusual Items Excluding Goodwill": 0.0,
        "Net Income From Continuing Operation Net Minority Interest": -5964875.0,
        "Reconciled Depreciation": 252452.0,
        "Reconciled Cost Of Revenue": 420060.0,
        "EBITDA": -6107715.0,
        "EBIT": -6107715.0,
        "Net Interest Income": 142840.0,
        "Interest Income": 142840.0,
        "Normalized Income": -5964875.0,
        "Net Income From Continuing And Discontinued Operation": -5964875.0,
        "Total Expenses": 6330916.0,
        "Total Operating Income As Reported": -6107715.0,
        "Diluted Average Shares": 3879793.0,
        "Basic Average Shares": 3879793.0,
        "Diluted EPS": -1.6,
        "Basic EPS": -1.6,
        "Diluted NI Availto Com Stockholders": -5964875.0,
        "Net Income Common Stockholders": -5964875.0,
        "Net Income": -5964875.0,
        "Net Income Including Noncontrolling Interests": -5964875.0,
        "Net Income Continuous Operations": -5964875.0,
        "Pretax Income": -5964875.0,
        "Other Income Expense": NaN,
        "Special Income Charges": 0.0,
        "Restructuring And Mergern Acquisition": 0.0,
        "Gain On Sale Of Security": NaN,
        "Net Non Operating Interest Income Expense": 142840.0,
        "Interest Income Non Operating": 142840.0,
        "Operating Income": -6107715.0,
        "Operating Expense": 5910856.0,
        "Research And Development": 2885830.0,
        "Selling General And Administration": 3025026.0,
        "Selling And Marketing Expense": 1093640.0,
        "General And Administrative Expense": 1931386.0,
        "Other Gand A": 1931386.0,
        "Gross Profit": -196859.0,
        "Cost Of Revenue": 420060.0,
        "Total Revenue": 223201.0,
        "Operating Revenue": 223201.0
    },
    "2022-06-30": {
        "Tax Effect Of Unusual Items": 0.0,
        "Tax Rate For Calcs": 0.0,
        "Normalized EBITDA": -5797910.0,
        "Total Unusual Items": -633444.0,
        "Total Unusual Items Excluding Goodwill": -633444.0,
        "Net Income From Continuing Operation Net Minority Interest": -7017749.0,
        "Reconciled Depreciation": 242060.0,
        "Reconciled Cost Of Revenue": 271384.0,
        "EBITDA": -6431354.0,
        "EBIT": -6431354.0,
        "Net Interest Income": 47049.0,
        "Interest Income": 47049.0,
        "Normalized Income": -6384305.0,
        "Net Income From Continuing And Discontinued Operation": -7017749.0,
        "Total Expenses": 6664325.0,
        "Total Operating Income As Reported": -7064798.0,
        "Diluted Average Shares": 3856255.0,
        "Basic Average Shares": 3856255.0,
        "Diluted EPS": -1.8,
        "Basic EPS": -1.8,
        "Diluted NI Availto Com Stockholders": -7017749.0,
        "Net Income Common Stockholders": -7017749.0,
        "Net Income": -7017749.0,
        "Net Income Including Noncontrolling Interests": -7017749.0,
        "Net Income Continuous Operations": -7017749.0,
        "Pretax Income": -7017749.0,
        "Other Income Expense": -633444.0,
        "Special Income Charges": -633444.0,
        "Restructuring And Mergern Acquisition": 633444.0,
        "Gain On Sale Of Security": NaN,
        "Net Non Operating Interest Income Expense": 47049.0,
        "Interest Income Non Operating": 47049.0,
        "Operating Income": -6431354.0,
        "Operating Expense": 6392941.0,
        "Research And Development": 3209910.0,
        "Selling General And Administration": 3183031.0,
        "Selling And Marketing Expense": 1158092.0,
        "General And Administrative Expense": 2024939.0,
        "Other Gand A": 2024939.0,
        "Gross Profit": -38413.0,
        "Cost Of Revenue": 271384.0,
        "Total Revenue": 232971.0,
        "Operating Revenue": 232971.0
    },
    "2022-03-31": {
        "Diluted EPS": -0.09,
        "Total Revenue": 0,
        "Gross Profit": 0,
        "Operating Income": -7,
        "EBIT": -7,
        "Net Income": -7
    },
    "2021-12-31": {
        "Diluted EPS": -0.12,
        "Total Revenue": 0,
        "Gross Profit": 0,
        "Operating Income": -9,
        "EBIT": -9,
        "Net Income": -9
    },
    "2021-09-30": {
        "Diluted EPS": -0.2,
        "Total Revenue": 0,
        "Gross Profit": 0,
        "Operating Income": -12,
        "EBIT": -12,
        "Net Income": -12
    },
    "2021-06-30": {
        "Diluted EPS": -0.18,
        "Total Revenue": 0,
        "Gross Profit": 0,
        "Operating Income": -11,
        "EBIT": -11,
        "Net Income": -11
    },
    "2021-03-31": {
        "Diluted EPS": -0.14,
        "Total Revenue": 0,
        "Gross Profit": 0,
        "Operating Income": -9,
        "EBIT": -8,
        "Net Income": -9
    },
    "2020-12-31": {
        "Diluted EPS": -0.13,
        "Total Revenue": 0,
        "Gross Profit": 0,
        "Operating Income": -7,
        "EBIT": -7,
        "Net Income": -7
    },
    "2020-09-30": {
        "Diluted EPS": -0.18,
        "Total Revenue": 0,
        "Gross Profit": 0,
        "Operating Income": -8,
        "EBIT": -7,
        "Net Income": -8
    },
    "2020-06-30": {
        "Diluted EPS": -0.2,
        "Total Revenue": 0,
        "Gross Profit": 0,
        "Operating Income": -8,
        "EBIT": -8,
        "Net Income": -8
    },
    "2020-03-31": {
        "Diluted EPS": -0.25,
        "Total Revenue": 0,
        "Gross Profit": 0,
        "Operating Income": -9,
        "EBIT": -8,
        "Net Income": -9
    },
    "2019-12-31": {
        "Diluted EPS": -0.29,
        "Total Revenue": 0,
        "Gross Profit": 0,
        "Operating Income": -9,
        "EBIT": -9,
        "Net Income": -9
    },
    "2019-09-30": {
        "Diluted EPS": -0.27,
        "Total Revenue": 0,
        "Gross Profit": 0,
        "Operating Income": -8,
        "EBIT": -8,
        "Net Income": -8
    },
    "2019-06-30": {
        "Diluted EPS": -0.32,
        "Total Revenue": 0,
        "Gross Profit": 0,
        "Operating Income": -10,
        "EBIT": -10,
        "Net Income": -10
    },
    "2019-03-31": {
        "Diluted EPS": -0.39,
        "Total Revenue": 0,
        "Gross Profit": 0,
        "Operating Income": -11,
        "EBIT": -11,
        "Net Income": -11
    },
    "2018-12-31": {
        "Diluted EPS": -0.47,
        "Total Revenue": 0,
        "Gross Profit": 0,
        "Operating Income": -13,
        "EBIT": -12,
        "Net Income": -12
    },
    "2018-09-30": {
        "Diluted EPS": -0.49,
        "Total Revenue": 0,
        "Gross Profit": 0,
        "Operating Income": -13,
        "EBIT": -12,
        "Net Income": -13
    },
    "2018-06-30": {
        "Diluted EPS": -0.48,
        "Total Revenue": 0,
        "Gross Profit": 0,
        "Operating Income": -12,
        "EBIT": -12,
        "Net Income": -12
    },
    "2018-03-31": {
        "Diluted EPS": -0.55,
        "Total Revenue": 0,
        "Gross Profit": 0,
        "Operating Income": -13,
        "EBIT": -13,
        "Net Income": -13
    },
    "2017-12-31": {
        "Diluted EPS": -0.49,
        "Total Revenue": 0,
        "Gross Profit": 0,
        "Operating Income": -11,
        "EBIT": -11,
        "Net Income": -11
    },
    "2017-09-30": {
        "Diluted EPS": -0.58,
        "Total Revenue": 0,
        "Gross Profit": 0,
        "Operating Income": -13,
        "EBIT": -12,
        "Net Income": -13
    },
    "2017-06-30": {
        "Diluted EPS": -0.63,
        "Total Revenue": 0,
        "Gross Profit": 0,
        "Operating Income": -13,
        "EBIT": -13,
        "Net Income": -13
    },
    "2017-03-31": {
        "Diluted EPS": -0.61,
        "Total Revenue": 1,
        "Gross Profit": 1,
        "Operating Income": -12,
        "EBIT": -12,
        "Net Income": -12
    },
    "2016-12-31": {
        "Diluted EPS": -0.75,
        "Total Revenue": 0,
        "Gross Profit": 0,
        "Operating Income": -15,
        "EBIT": -14,
        "Net Income": -15
    },
    "2016-09-30": {
        "Diluted EPS": -0.57,
        "Total Revenue": 1,
        "Gross Profit": 1,
        "Operating Income": -10,
        "EBIT": -10,
        "Net Income": -10
    },
    "2016-06-30": {
        "Diluted EPS": -0.62,
        "Total Revenue": 0,
        "Gross Profit": 0,
        "Operating Income": -10,
        "EBIT": -10,
        "Net Income": -10
    },
    "2016-03-31": {
        "Diluted EPS": -0.66,
        "Total Revenue": 0,
        "Gross Profit": 0,
        "Operating Income": -11,
        "EBIT": -11,
        "Net Income": -11
    },
    "2015-12-31": {
        "Diluted EPS": -0.62,
        "Total Revenue": 0,
        "Gross Profit": 0,
        "Operating Income": -9,
        "EBIT": -9,
        "Net Income": -9
    },
    "2015-09-30": {
        "Diluted EPS": -0.43,
        "Total Revenue": 2,
        "Gross Profit": 2,
        "Operating Income": -6,
        "EBIT": -5,
        "Net Income": -6
    },
    "2015-06-30": {
        "Diluted EPS": -0.48,
        "Total Revenue": 0,
        "Gross Profit": 0,
        "Operating Income": -6,
        "EBIT": -6,
        "Net Income": -6
    },
    "2015-03-31": {
        "Diluted EPS": -0.54,
        "Total Revenue": 0,
        "Gross Profit": 0,
        "Operating Income": -7,
        "EBIT": -7,
        "Net Income": -7
    },
    "2014-12-31": {
        "Diluted EPS": 6.29,
        "Total Revenue": NaN,
        "Gross Profit": NaN,
        "Operating Income": -9,
        "EBIT": -9,
        "Net Income": -9
    },
    "2014-09-30": {
        "Diluted EPS": -0.62,
        "Total Revenue": NaN,
        "Gross Profit": NaN,
        "Operating Income": -6,
        "EBIT": -6,
        "Net Income": -6
    },
    "2014-06-30": {
        "Diluted EPS": 0.03,
        "Total Revenue": NaN,
        "Gross Profit": NaN,
        "Operating Income": -3,
        "EBIT": -3,
        "Net Income": 0
    },
    "2014-03-31": {
        "Diluted EPS": -11.45,
        "Total Revenue": NaN,
        "Gross Profit": NaN,
        "Operating Income": -2,
        "EBIT": -1,
        "Net Income": -31
    },
    "2013-12-31": {
        "Diluted EPS": -0.83,
        "Total Revenue": NaN,
        "Gross Profit": NaN,
        "Operating Income": -2,
        "EBIT": -1,
        "Net Income": -2
    },
    "2013-09-30": {
        "Diluted EPS": -0.42,
        "Total Revenue": NaN,
        "Gross Profit": NaN,
        "Operating Income": -1,
        "EBIT": -1,
        "Net Income": -1
    },
    "2013-06-30": {
        "Diluted EPS": -0.75,
        "Total Revenue": NaN,
        "Gross Profit": NaN,
        "Operating Income": -2,
        "EBIT": -2,
        "Net Income": -2
    },
    "2013-03-31": {
        "Diluted EPS": -0.02,
        "Total Revenue": NaN,
        "Gross Profit": NaN,
        "Operating Income": 0,
        "EBIT": 0,
        "Net Income": 0
    },
    "2023-06-30": {
        "Tax Effect Of Unusual Items": NaN,
        "Tax Rate For Calcs": NaN,
        "Normalized EBITDA": NaN,
        "Total Unusual Items": NaN,
        "Total Unusual Items Excluding Goodwill": NaN,
        "Net Income From Continuing Operation Net Minority Interest": NaN,
        "Reconciled Depreciation": NaN,
        "Reconciled Cost Of Revenue": NaN,
        "EBITDA": NaN,
        "EBIT": NaN,
        "Net Interest Income": NaN,
        "Interest Income": NaN,
        "Normalized Income": NaN,
        "Net Income From Continuing And Discontinued Operation": NaN,
        "Total Expenses": NaN,
        "Total Operating Income As Reported": NaN,
        "Diluted Average Shares": 4562079.0,
        "Basic Average Shares": 4562079.0,
        "Diluted EPS": -0.88,
        "Basic EPS": -0.88,
        "Diluted NI Availto Com Stockholders": NaN,
        "Net Income Common Stockholders": NaN,
        "Net Income": NaN,
        "Net Income Including Noncontrolling Interests": NaN,
        "Net Income Continuous Operations": NaN,
        "Pretax Income": NaN,
        "Other Income Expense": NaN,
        "Special Income Charges": NaN,
        "Restructuring And Mergern Acquisition": NaN,
        "Gain On Sale Of Security": NaN,
        "Net Non Operating Interest Income Expense": NaN,
        "Interest Income Non Operating": NaN,
        "Operating Income": NaN,
        "Operating Expense": NaN,
        "Research And Development": NaN,
        "Selling General And Administration": NaN,
        "Selling And Marketing Expense": NaN,
        "General And Administrative Expense": NaN,
        "Other Gand A": NaN,
        "Gross Profit": NaN,
        "Cost Of Revenue": NaN,
        "Total Revenue": NaN,
        "Operating Revenue": NaN
    },
    "2023-09-30": {
        "Tax Effect Of Unusual Items": 0.0,
        "Tax Rate For Calcs": 0.0,
        "Normalized EBITDA": -4735000.0,
        "Total Unusual Items": 519000.0,
        "Total Unusual Items Excluding Goodwill": 519000.0,
        "Net Income From Continuing Operation Net Minority Interest": -4114000.0,
        "Reconciled Depreciation": 596000.0,
        "Reconciled Cost Of Revenue": 48000.0,
        "EBITDA": -4216000.0,
        "EBIT": -4812000.0,
        "Net Interest Income": 179000.0,
        "Interest Income": 179000.0,
        "Normalized Income": -4633000.0,
        "Net Income From Continuing And Discontinued Operation": -4114000.0,
        "Total Expenses": 4981000.0,
        "Total Operating Income As Reported": -5081000.0,
        "Diluted Average Shares": 4762187.0,
        "Basic Average Shares": 4762187.0,
        "Diluted EPS": -0.86,
        "Basic EPS": -0.86,
        "Diluted NI Availto Com Stockholders": -4114000.0,
        "Net Income Common Stockholders": -4114000.0,
        "Net Income": -4114000.0,
        "Net Income Including Noncontrolling Interests": -4114000.0,
        "Net Income Continuous Operations": -4114000.0,
        "Pretax Income": -4114000.0,
        "Other Income Expense": 519000.0,
        "Special Income Charges": -269000.0,
        "Restructuring And Mergern Acquisition": 269000.0,
        "Gain On Sale Of Security": 788000.0,
        "Net Non Operating Interest Income Expense": 179000.0,
        "Interest Income Non Operating": 179000.0,
        "Operating Income": -4812000.0,
        "Operating Expense": 4933000.0,
        "Research And Development": 2460000.0,
        "Selling General And Administration": 2473000.0,
        "Selling And Marketing Expense": 774000.0,
        "General And Administrative Expense": 1699000.0,
        "Other Gand A": 1699000.0,
        "Gross Profit": 121000.0,
        "Cost Of Revenue": 48000.0,
        "Total Revenue": 169000.0,
        "Operating Revenue": 169000.0
    },
    "2023-12-31": {
        "Tax Effect Of Unusual Items": 0.0,
        "Tax Rate For Calcs": 0.0,
        "Normalized EBITDA": -4426490.0,
        "Total Unusual Items": -169575.0,
        "Total Unusual Items Excluding Goodwill": -169575.0,
        "Net Income From Continuing Operation Net Minority Interest": -4604496.0,
        "Reconciled Depreciation": -498502.0,
        "Reconciled Cost Of Revenue": 9058.0,
        "EBITDA": -4596065.0,
        "EBIT": -4596065.0,
        "Net Interest Income": 161144.0,
        "Interest Income": 161144.0,
        "Normalized Income": -4434921.0,
        "Net Income From Continuing And Discontinued Operation": -4604496.0,
        "Total Expenses": 4687732.0,
        "Total Operating Income As Reported": -4596065.0,
        "Diluted Average Shares": NaN,
        "Basic Average Shares": NaN,
        "Diluted EPS": NaN,
        "Basic EPS": NaN,
        "Diluted NI Availto Com Stockholders": -4604496.0,
        "Net Income Common Stockholders": -4604496.0,
        "Net Income": -4604496.0,
        "Net Income Including Noncontrolling Interests": -4604496.0,
        "Net Income Continuous Operations": -4604496.0,
        "Pretax Income": -4604496.0,
        "Other Income Expense": -169575.0,
        "Special Income Charges": 0.0,
        "Restructuring And Mergern Acquisition": 0.0,
        "Gain On Sale Of Security": -169575.0,
        "Net Non Operating Interest Income Expense": 161144.0,
        "Interest Income Non Operating": 161144.0,
        "Operating Income": -4596065.0,
        "Operating Expense": 4678674.0,
        "Research And Development": 2391791.0,
        "Selling General And Administration": 2286883.0,
        "Selling And Marketing Expense": 778230.0,
        "General And Administrative Expense": 1508653.0,
        "Other Gand A": 1508653.0,
        "Gross Profit": 82609.0,
        "Cost Of Revenue": 9058.0,
        "Total Revenue": 91667.0,
        "Operating Revenue": 91667.0
    },
    "2024-03-31": {
        "Tax Effect Of Unusual Items": 0.0,
        "Tax Rate For Calcs": 0.0,
        "Normalized EBITDA": -3409000.0,
        "Total Unusual Items": -1645000.0,
        "Total Unusual Items Excluding Goodwill": -1645000.0,
        "Net Income From Continuing Operation Net Minority Interest": -6599000.0,
        "Reconciled Depreciation": 48000.0,
        "Reconciled Cost Of Revenue": 109000.0,
        "EBITDA": -5054000.0,
        "EBIT": -5102000.0,
        "Net Interest Income": 148000.0,
        "Interest Income": 148000.0,
        "Normalized Income": -4954000.0,
        "Net Income From Continuing And Discontinued Operation": -6599000.0,
        "Total Expenses": 5166000.0,
        "Total Operating Income As Reported": -6665000.0,
        "Diluted Average Shares": 5961186.0,
        "Basic Average Shares": 5961186.0,
        "Diluted EPS": -1.11,
        "Basic EPS": -1.11,
        "Diluted NI Availto Com Stockholders": -6599000.0,
        "Net Income Common Stockholders": -6599000.0,
        "Net Income": -6599000.0,
        "Net Income Including Noncontrolling Interests": -6599000.0,
        "Net Income Continuous Operations": -6599000.0,
        "Pretax Income": -6599000.0,
        "Other Income Expense": -1645000.0,
        "Special Income Charges": -1563000.0,
        "Restructuring And Mergern Acquisition": 1563000.0,
        "Gain On Sale Of Security": -82000.0,
        "Net Non Operating Interest Income Expense": 148000.0,
        "Interest Income Non Operating": 148000.0,
        "Operating Income": -5102000.0,
        "Operating Expense": 5057000.0,
        "Research And Development": 2349000.0,
        "Selling General And Administration": 2708000.0,
        "Selling And Marketing Expense": 873000.0,
        "General And Administrative Expense": 1835000.0,
        "Other Gand A": 1835000.0,
        "Gross Profit": -45000.0,
        "Cost Of Revenue": 109000.0,
        "Total Revenue": 64000.0,
        "Operating Revenue": 64000.0
    },
    "2024-06-30": {
        "Tax Effect Of Unusual Items": 0.0,
        "Tax Rate For Calcs": 0.0,
        "Normalized EBITDA": -5475000.0,
        "Total Unusual Items": 605000.0,
        "Total Unusual Items Excluding Goodwill": 605000.0,
        "Net Income From Continuing Operation Net Minority Interest": -4258000.0,
        "Reconciled Depreciation": 50000.0,
        "Reconciled Cost Of Revenue": 122000.0,
        "EBITDA": -4870000.0,
        "EBIT": -4920000.0,
        "Net Interest Income": 57000.0,
        "Interest Income": 57000.0,
        "Normalized Income": -4863000.0,
        "Net Income From Continuing And Discontinued Operation": -4258000.0,
        "Total Expenses": 4966000.0,
        "Total Operating Income As Reported": -4651000.0,
        "Diluted Average Shares": 6539202.0,
        "Basic Average Shares": 6539202.0,
        "Diluted EPS": -0.65,
        "Basic EPS": -0.65,
        "Diluted NI Availto Com Stockholders": -4258000.0,
        "Net Income Common Stockholders": -4258000.0,
        "Net Income": -4258000.0,
        "Net Income Including Noncontrolling Interests": -4258000.0,
        "Net Income Continuous Operations": -4258000.0,
        "Pretax Income": -4258000.0,
        "Other Income Expense": 605000.0,
        "Special Income Charges": 269000.0,
        "Restructuring And Mergern Acquisition": -269000.0,
        "Gain On Sale Of Security": 336000.0,
        "Net Non Operating Interest Income Expense": 57000.0,
        "Interest Income Non Operating": 57000.0,
        "Operating Income": -4920000.0,
        "Operating Expense": 4844000.0,
        "Research And Development": 2439000.0,
        "Selling General And Administration": 2405000.0,
        "Selling And Marketing Expense": 819000.0,
        "General And Administrative Expense": 1586000.0,
        "Other Gand A": 1586000.0,
        "Gross Profit": -76000.0,
        "Cost Of Revenue": 122000.0,
        "Total Revenue": 46000.0,
        "Operating Revenue": 46000.0
    },
    "2024-09-30": {
        "Tax Effect Of Unusual Items": 0.0,
        "Tax Rate For Calcs": 0.0,
        "Normalized EBITDA": -3035000.0,
        "Total Unusual Items": 76000.0,
        "Total Unusual Items Excluding Goodwill": 76000.0,
        "Net Income From Continuing Operation Net Minority Interest": -3412000.0,
        "Reconciled Depreciation": 539000.0,
        "Reconciled Cost Of Revenue": 306000.0,
        "EBITDA": -2959000.0,
        "EBIT": -3498000.0,
        "Net Interest Income": 10000.0,
        "Interest Income": 10000.0,
        "Normalized Income": -3488000.0,
        "Net Income From Continuing And Discontinued Operation": -3412000.0,
        "Total Expenses": 3728000.0,
        "Total Operating Income As Reported": -3581000.0,
        "Diluted Average Shares": 6834170.0,
        "Basic Average Shares": 6834170.0,
        "Diluted EPS": -0.5,
        "Basic EPS": -0.5,
        "Diluted NI Availto Com Stockholders": -3412000.0,
        "Net Income Common Stockholders": -3412000.0,
        "Net Income": -3412000.0,
        "Net Income Including Noncontrolling Interests": -3412000.0,
        "Net Income Continuous Operations": -3412000.0,
        "Pretax Income": -3412000.0,
        "Other Income Expense": 76000.0,
        "Special Income Charges": -83000.0,
        "Restructuring And Mergern Acquisition": 83000.0,
        "Gain On Sale Of Security": 159000.0,
        "Net Non Operating Interest Income Expense": 10000.0,
        "Interest Income Non Operating": 10000.0,
        "Operating Income": -3498000.0,
        "Operating Expense": 3422000.0,
        "Research And Development": 1701000.0,
        "Selling General And Administration": 1721000.0,
        "Selling And Marketing Expense": 699000.0,
        "General And Administrative Expense": 1022000.0,
        "Other Gand A": 1022000.0,
        "Gross Profit": -76000.0,
        "Cost Of Revenue": 306000.0,
        "Total Revenue": 230000.0,
        "Operating Revenue": 230000.0
    }
}