{
    "2023-03-31": {
        "Tax Effect Of Unusual Items": 0.0,
        "Tax Rate For Calcs": 0.0,
        "Normalized EBITDA": -511000.0,
        "Net Income From Continuing Operation Net Minority Interest": -523000.0,
        "Reconciled Cost Of Revenue": 0.0,
        "EBITDA": -511000.0,
        "EBIT": -511000.0,
        "Net Interest Income": 160000.0,
        "Interest Expense": 12000.0,
        "Interest Income": 172000.0,
        "Normalized Income": -523000.0,
        "Net Income From Continuing And Discontinued Operation": -523000.0,
        "Total Expenses": 678000.0,
        "Total Operating Income As Reported": -683000.0,
        "Diluted Average Shares": 5549356.0,
        "Basic Average Shares": 5549356.0,
        "Diluted EPS": -0.08,
        "Basic EPS": -0.08,
        "Diluted NI Availto Com Stockholders": -523000.0,
        "Net Income Common Stockholders": -523000.0,
        "Net Income": -523000.0,
        "Minority Interests": 0.0,
        "Net Income Including Noncontrolling Interests": -523000.0,
        "Net Income Continuous Operations": -523000.0,
        "Pretax Income": -523000.0,
        "Other Income Expense": -5000.0,
        "Earnings From Equity Interest": -5000.0,
        "Net Non Operating Interest Income Expense": 160000.0,
        "Total Other Finance Cost": -172000.0,
        "Interest Expense Non Operating": 12000.0,
        "Interest Income Non Operating": 172000.0,
        "Operating Income": -678000.0,
        "Operating Expense": 678000.0,
        "Other Operating Expenses": -5000.0,
        "Research And Development": 210000.0,
        "Selling General And Administration": 473000.0,
        "Selling And Marketing Expense": 76000.0,
        "General And Administrative Expense": 397000.0,
        "Other Gand A": 397000.0,
        "Gross Profit": 0.0,
        "Cost Of Revenue": 0.0,
        "Total Revenue": 0.0,
        "Operating Revenue": 0.0
    },
    "2022-12-31": {
        "Tax Effect Of Unusual Items": NaN,
        "Tax Rate For Calcs": NaN,
        "Normalized EBITDA": NaN,
        "Net Income From Continuing Operation Net Minority Interest": NaN,
        "Reconciled Cost Of Revenue": 0.0,
        "EBITDA": NaN,
        "EBIT": NaN,
        "Net Interest Income": NaN,
        "Interest Expense": NaN,
        "Interest Income": NaN,
        "Normalized Income": NaN,
        "Net Income From Continuing And Discontinued Operation": NaN,
        "Total Expenses": NaN,
        "Total Operating Income As Reported": NaN,
        "Diluted Average Shares": NaN,
        "Basic Average Shares": NaN,
        "Diluted EPS": NaN,
        "Basic EPS": NaN,
        "Diluted NI Availto Com Stockholders": NaN,
        "Net Income Common Stockholders": NaN,
        "Net Income": NaN,
        "Minority Interests": NaN,
        "Net Income Including Noncontrolling Interests": NaN,
        "Net Income Continuous Operations": NaN,
        "Pretax Income": NaN,
        "Other Income Expense": NaN,
        "Earnings From Equity Interest": NaN,
        "Net Non Operating Interest Income Expense": NaN,
        "Total Other Finance Cost": NaN,
        "Interest Expense Non Operating": NaN,
        "Interest Income Non Operating": NaN,
        "Operating Income": NaN,
        "Operating Expense": NaN,
        "Other Operating Expenses": NaN,
        "Research And Development": NaN,
        "Selling General And Administration": NaN,
        "Selling And Marketing Expense": NaN,
        "General And Administrative Expense": NaN,
        "Other Gand A": NaN,
        "Gross Profit": 0.0,
        "Cost Of Revenue": 0.0,
        "Total Revenue": NaN,
        "Operating Revenue": NaN
    },
    "2022-09-30": {
        "Tax Effect Of Unusual Items": NaN,
        "Tax Rate For Calcs": NaN,
        "Normalized EBITDA": NaN,
        "Net Income From Continuing Operation Net Minority Interest": NaN,
        "Reconciled Cost Of Revenue": NaN,
        "EBITDA": NaN,
        "EBIT": NaN,
        "Net Interest Income": NaN,
        "Interest Expense": NaN,
        "Interest Income": NaN,
        "Normalized Income": NaN,
        "Net Income From Continuing And Discontinued Operation": NaN,
        "Total Expenses": NaN,
        "Total Operating Income As Reported": NaN,
        "Diluted Average Shares": 5549356.0,
        "Basic Average Shares": 5549356.0,
        "Diluted EPS": -0.08,
        "Basic EPS": -0.08,
        "Diluted NI Availto Com Stockholders": NaN,
        "Net Income Common Stockholders": NaN,
        "Net Income": NaN,
        "Minority Interests": NaN,
        "Net Income Including Noncontrolling Interests": NaN,
        "Net Income Continuous Operations": NaN,
        "Pretax Income": NaN,
        "Other Income Expense": NaN,
        "Earnings From Equity Interest": NaN,
        "Net Non Operating Interest Income Expense": NaN,
        "Total Other Finance Cost": NaN,
        "Interest Expense Non Operating": NaN,
        "Interest Income Non Operating": NaN,
        "Operating Income": NaN,
        "Operating Expense": NaN,
        "Other Operating Expenses": NaN,
        "Research And Development": NaN,
        "Selling General And Administration": NaN,
        "Selling And Marketing Expense": NaN,
        "General And Administrative Expense": NaN,
        "Other Gand A": NaN,
        "Gross Profit": NaN,
        "Cost Of Revenue": NaN,
        "Total Revenue": NaN,
        "Operating Revenue": NaN
    },
    "2022-06-30": {
        "Tax Effect Of Unusual Items": 0.0,
        "Tax Rate For Calcs": 0.0,
        "Normalized EBITDA": -636000.0,
        "Net Income From Continuing Operation Net Minority Interest": -708000.0,
        "Reconciled Depreciation": 59000.0,
        "Reconciled Cost Of Revenue": 0.0,
        "EBITDA": -636000.0,
        "EBIT": -695000.0,
        "Net Interest Income": 508000.0,
        "Interest Expense": 13000.0,
        "Interest Income": 521000.0,
        "Normalized Income": -708000.0,
        "Net Income From Continuing And Discontinued Operation": -708000.0,
        "Total Expenses": 1211000.0,
        "Total Operating Income As Reported": -1216000.0,
        "Diluted Average Shares": 5549356.0,
        "Basic Average Shares": 5549356.0,
        "Diluted EPS": -0.16,
        "Basic EPS": -0.16,
        "Diluted NI Availto Com Stockholders": -708000.0,
        "Net Income Common Stockholders": -708000.0,
        "Net Income": -708000.0,
        "Net Income Including Noncontrolling Interests": -708000.0,
        "Net Income Continuous Operations": -708000.0,
        "Pretax Income": -708000.0,
        "Other Income Expense": -5000.0,
        "Earnings From Equity Interest": -5000.0,
        "Net Non Operating Interest Income Expense": 508000.0,
        "Total Other Finance Cost": NaN,
        "Interest Expense Non Operating": 13000.0,
        "Interest Income Non Operating": 521000.0,
        "Operating Income": -1211000.0,
        "Operating Expense": 1211000.0,
        "Other Operating Expenses": -15000.0,
        "Research And Development": 441000.0,
        "Selling General And Administration": 785000.0,
        "Selling And Marketing Expense": 135000.0,
        "General And Administrative Expense": 650000.0,
        "Other Gand A": 650000.0,
        "Gross Profit": 0.0,
        "Cost Of Revenue": 0.0,
        "Total Revenue": 0.0,
        "Operating Revenue": 0.0
    },
    "2022-03-31": {
        "Diluted EPS": -0.13,
        "Total Revenue": 0,
        "Gross Profit": 0,
        "Operating Income": -1,
        "EBIT": -1,
        "Net Income": -1
    },
    "2021-12-31": {
        "Diluted EPS": 0.0,
        "Total Revenue": NaN,
        "Gross Profit": NaN,
        "Operating Income": NaN,
        "EBIT": NaN,
        "Net Income": NaN
    },
    "2021-09-30": {
        "Diluted EPS": -0.09,
        "Total Revenue": NaN,
        "Gross Profit": NaN,
        "Operating Income": -1,
        "EBIT": -1,
        "Net Income": -1
    },
    "2021-06-30": {
        "Diluted EPS": -0.16,
        "Total Revenue": NaN,
        "Gross Profit": NaN,
        "Operating Income": -1,
        "EBIT": -1,
        "Net Income": -1
    },
    "2020-12-31": {
        "Diluted EPS": 0.0,
        "Total Revenue": NaN,
        "Gross Profit": NaN,
        "Operating Income": NaN,
        "EBIT": NaN,
        "Net Income": NaN
    },
    "2020-09-30": {
        "Diluted EPS": -0.1,
        "Total Revenue": NaN,
        "Gross Profit": NaN,
        "Operating Income": 0,
        "EBIT": 0,
        "Net Income": 0
    },
    "2020-06-30": {
        "Diluted EPS": -0.08,
        "Total Revenue": NaN,
        "Gross Profit": NaN,
        "Operating Income": 0,
        "EBIT": 0,
        "Net Income": 0
    },
    "2019-12-31": {
        "Diluted EPS": 0.0,
        "Total Revenue": NaN,
        "Gross Profit": NaN,
        "Operating Income": NaN,
        "EBIT": NaN,
        "Net Income": NaN
    },
    "2023-06-30": {
        "Tax Effect Of Unusual Items": 0.0,
        "Tax Rate For Calcs": 0.0,
        "Normalized EBITDA": -322000.0,
        "Net Income From Continuing Operation Net Minority Interest": -336000.0,
        "Reconciled Cost Of Revenue": 0.0,
        "EBITDA": -322000.0,
        "EBIT": -322000.0,
        "Net Interest Income": 352000.0,
        "Interest Expense": 14000.0,
        "Interest Income": 366000.0,
        "Normalized Income": -336000.0,
        "Net Income From Continuing And Discontinued Operation": -336000.0,
        "Total Expenses": 683000.0,
        "Total Operating Income As Reported": -688000.0,
        "Diluted Average Shares": 5549356.0,
        "Basic Average Shares": 5549356.0,
        "Diluted EPS": -0.08,
        "Basic EPS": -0.08,
        "Diluted NI Availto Com Stockholders": -336000.0,
        "Net Income Common Stockholders": -336000.0,
        "Net Income": -336000.0,
        "Minority Interests": NaN,
        "Net Income Including Noncontrolling Interests": -336000.0,
        "Net Income Continuous Operations": -336000.0,
        "Pretax Income": -336000.0,
        "Other Income Expense": -5000.0,
        "Earnings From Equity Interest": -5000.0,
        "Net Non Operating Interest Income Expense": 352000.0,
        "Total Other Finance Cost": NaN,
        "Interest Expense Non Operating": 14000.0,
        "Interest Income Non Operating": 366000.0,
        "Operating Income": -683000.0,
        "Operating Expense": 683000.0,
        "Other Operating Expenses": -4000.0,
        "Research And Development": 113000.0,
        "Selling General And Administration": 574000.0,
        "Selling And Marketing Expense": 117000.0,
        "General And Administrative Expense": 457000.0,
        "Other Gand A": 457000.0,
        "Gross Profit": 0.0,
        "Cost Of Revenue": 0.0,
        "Total Revenue": 0.0,
        "Operating Revenue": 0.0
    },
    "2023-09-30": {
        "Tax Effect Of Unusual Items": 0.0,
        "Tax Rate For Calcs": 0.0,
        "Normalized EBITDA": -178000.0,
        "Net Income From Continuing Operation Net Minority Interest": -193000.0,
        "Reconciled Cost Of Revenue": 19000.0,
        "EBITDA": -178000.0,
        "EBIT": -178000.0,
        "Net Interest Income": 290000.0,
        "Interest Expense": 15000.0,
        "Interest Income": 305000.0,
        "Normalized Income": -193000.0,
        "Net Income From Continuing And Discontinued Operation": -193000.0,
        "Total Expenses": 506000.0,
        "Total Operating Income As Reported": -483000.0,
        "Diluted Average Shares": 5549356.0,
        "Basic Average Shares": 5549356.0,
        "Diluted EPS": -0.032,
        "Basic EPS": -0.032,
        "Diluted NI Availto Com Stockholders": -193000.0,
        "Net Income Common Stockholders": -193000.0,
        "Net Income": -193000.0,
        "Minority Interests": NaN,
        "Net Income Including Noncontrolling Interests": -193000.0,
        "Net Income Continuous Operations": -193000.0,
        "Pretax Income": -193000.0,
        "Other Income Expense": -4000.0,
        "Earnings From Equity Interest": -4000.0,
        "Net Non Operating Interest Income Expense": 290000.0,
        "Total Other Finance Cost": NaN,
        "Interest Expense Non Operating": 15000.0,
        "Interest Income Non Operating": 305000.0,
        "Operating Income": -479000.0,
        "Operating Expense": 487000.0,
        "Other Operating Expenses": -5000.0,
        "Research And Development": 60000.0,
        "Selling General And Administration": 432000.0,
        "Selling And Marketing Expense": 69000.0,
        "General And Administrative Expense": 363000.0,
        "Other Gand A": 363000.0,
        "Gross Profit": 8000.0,
        "Cost Of Revenue": 19000.0,
        "Total Revenue": 27000.0,
        "Operating Revenue": 27000.0
    },
    "2023-12-31": {
        "Tax Effect Of Unusual Items": 0.0,
        "Tax Rate For Calcs": 0.0,
        "Normalized EBITDA": -810000.0,
        "Net Income From Continuing Operation Net Minority Interest": -658000.0,
        "Reconciled Cost Of Revenue": 40000.0,
        "EBITDA": -810000.0,
        "EBIT": -810000.0,
        "Net Interest Income": -452000.0,
        "Interest Expense": 4000.0,
        "Interest Income": -438000.0,
        "Normalized Income": -658000.0,
        "Net Income From Continuing And Discontinued Operation": -658000.0,
        "Total Expenses": 833000.0,
        "Total Operating Income As Reported": -559000.0,
        "Diluted Average Shares": NaN,
        "Basic Average Shares": NaN,
        "Diluted EPS": NaN,
        "Basic EPS": NaN,
        "Diluted NI Availto Com Stockholders": -658000.0,
        "Net Income Common Stockholders": -658000.0,
        "Net Income": -658000.0,
        "Minority Interests": NaN,
        "Net Income Including Noncontrolling Interests": -814000.0,
        "Net Income Continuous Operations": -814000.0,
        "Pretax Income": -814000.0,
        "Other Income Expense": 192000.0,
        "Earnings From Equity Interest": -5000.0,
        "Net Non Operating Interest Income Expense": -452000.0,
        "Total Other Finance Cost": NaN,
        "Interest Expense Non Operating": 4000.0,
        "Interest Income Non Operating": -438000.0,
        "Operating Income": -554000.0,
        "Operating Expense": 793000.0,
        "Other Operating Expenses": -3000.0,
        "Research And Development": 136000.0,
        "Selling General And Administration": 585000.0,
        "Selling And Marketing Expense": -44000.0,
        "General And Administrative Expense": 629000.0,
        "Other Gand A": -233000.0,
        "Gross Profit": 239000.0,
        "Cost Of Revenue": 40000.0,
        "Total Revenue": 279000.0,
        "Operating Revenue": 279000.0
    },
    "2024-03-31": {
        "Tax Effect Of Unusual Items": 0.0,
        "Tax Rate For Calcs": 0.0,
        "Normalized EBITDA": -512000.0,
        "Net Income From Continuing Operation Net Minority Interest": -520000.0,
        "Reconciled Cost Of Revenue": NaN,
        "EBITDA": -512000.0,
        "EBIT": -512000.0,
        "Net Interest Income": 132000.0,
        "Interest Expense": 15000.0,
        "Interest Income": 147000.0,
        "Normalized Income": -520000.0,
        "Net Income From Continuing And Discontinued Operation": -520000.0,
        "Total Expenses": 646000.0,
        "Total Operating Income As Reported": -659000.0,
        "Diluted Average Shares": 5549356.0,
        "Basic Average Shares": 5549356.0,
        "Diluted EPS": -0.08,
        "Basic EPS": -0.08,
        "Diluted NI Availto Com Stockholders": -520000.0,
        "Net Income Common Stockholders": -520000.0,
        "Net Income": -520000.0,
        "Minority Interests": 7000.0,
        "Net Income Including Noncontrolling Interests": -527000.0,
        "Net Income Continuous Operations": -527000.0,
        "Pretax Income": -527000.0,
        "Other Income Expense": -13000.0,
        "Earnings From Equity Interest": -13000.0,
        "Net Non Operating Interest Income Expense": 132000.0,
        "Total Other Finance Cost": NaN,
        "Interest Expense Non Operating": 15000.0,
        "Interest Income Non Operating": 147000.0,
        "Operating Income": -646000.0,
        "Operating Expense": 646000.0,
        "Other Operating Expenses": -4000.0,
        "Research And Development": 177000.0,
        "Selling General And Administration": 473000.0,
        "Selling And Marketing Expense": 65000.0,
        "General And Administrative Expense": 408000.0,
        "Other Gand A": 408000.0,
        "Gross Profit": NaN,
        "Cost Of Revenue": NaN,
        "Total Revenue": 0.0,
        "Operating Revenue": 0.0
    }
}