{
    "2023-03-31": {
        "Tax Effect Of Unusual Items": NaN,
        "Tax Rate For Calcs": NaN,
        "Normalized EBITDA": NaN,
        "Total Unusual Items": NaN,
        "Total Unusual Items Excluding Goodwill": NaN,
        "Net Income From Continuing Operation Net Minority Interest": NaN,
        "Reconciled Cost Of Revenue": NaN,
        "EBITDA": NaN,
        "EBIT": NaN,
        "Net Interest Income": NaN,
        "Interest Expense": NaN,
        "Interest Income": 2682000.0,
        "Normalized Income": NaN,
        "Net Income From Continuing And Discontinued Operation": NaN,
        "Total Expenses": NaN,
        "Total Operating Income As Reported": NaN,
        "Diluted Average Shares": NaN,
        "Basic Average Shares": NaN,
        "Diluted EPS": NaN,
        "Basic EPS": NaN,
        "Diluted NI Availto Com Stockholders": NaN,
        "Net Income Common Stockholders": NaN,
        "Net Income": NaN,
        "Minority Interests": NaN,
        "Net Income Including Noncontrolling Interests": NaN,
        "Net Income Continuous Operations": NaN,
        "Tax Provision": NaN,
        "Pretax Income": NaN,
        "Other Income Expense": NaN,
        "Special Income Charges": NaN,
        "Impairment Of Capital Assets": NaN,
        "Gain On Sale Of Security": NaN,
        "Net Non Operating Interest Income Expense": NaN,
        "Total Other Finance Cost": NaN,
        "Interest Expense Non Operating": NaN,
        "Interest Income Non Operating": 2682000.0,
        "Operating Income": NaN,
        "Operating Expense": NaN,
        "Research And Development": NaN,
        "Selling General And Administration": NaN,
        "Selling And Marketing Expense": NaN,
        "General And Administrative Expense": NaN,
        "Other Gand A": NaN,
        "Salaries And Wages": NaN,
        "Gross Profit": NaN,
        "Cost Of Revenue": NaN,
        "Total Revenue": NaN,
        "Operating Revenue": NaN
    },
    "2022-12-31": {
        "Tax Effect Of Unusual Items": NaN,
        "Tax Rate For Calcs": NaN,
        "Normalized EBITDA": NaN,
        "Total Unusual Items": NaN,
        "Total Unusual Items Excluding Goodwill": NaN,
        "Net Income From Continuing Operation Net Minority Interest": NaN,
        "Reconciled Cost Of Revenue": NaN,
        "EBITDA": NaN,
        "EBIT": NaN,
        "Net Interest Income": NaN,
        "Interest Expense": NaN,
        "Interest Income": NaN,
        "Normalized Income": NaN,
        "Net Income From Continuing And Discontinued Operation": NaN,
        "Total Expenses": NaN,
        "Total Operating Income As Reported": NaN,
        "Diluted Average Shares": NaN,
        "Basic Average Shares": NaN,
        "Diluted EPS": NaN,
        "Basic EPS": NaN,
        "Diluted NI Availto Com Stockholders": NaN,
        "Net Income Common Stockholders": NaN,
        "Net Income": NaN,
        "Minority Interests": NaN,
        "Net Income Including Noncontrolling Interests": NaN,
        "Net Income Continuous Operations": NaN,
        "Tax Provision": NaN,
        "Pretax Income": NaN,
        "Other Income Expense": NaN,
        "Special Income Charges": 238446000.0,
        "Write Off": -238446000.0,
        "Impairment Of Capital Assets": 0.0,
        "Gain On Sale Of Security": NaN,
        "Net Non Operating Interest Income Expense": NaN,
        "Total Other Finance Cost": NaN,
        "Interest Expense Non Operating": NaN,
        "Interest Income Non Operating": NaN,
        "Operating Income": NaN,
        "Operating Expense": NaN,
        "Research And Development": NaN,
        "Selling General And Administration": NaN,
        "Selling And Marketing Expense": NaN,
        "General And Administrative Expense": NaN,
        "Other Gand A": NaN,
        "Salaries And Wages": NaN,
        "Gross Profit": NaN,
        "Cost Of Revenue": NaN,
        "Total Revenue": NaN,
        "Operating Revenue": NaN
    },
    "2022-09-30": {
        "Tax Effect Of Unusual Items": NaN,
        "Tax Rate For Calcs": NaN,
        "Normalized EBITDA": NaN,
        "Total Unusual Items": NaN,
        "Total Unusual Items Excluding Goodwill": NaN,
        "Net Income From Continuing Operation Net Minority Interest": NaN,
        "Reconciled Cost Of Revenue": NaN,
        "EBITDA": NaN,
        "EBIT": NaN,
        "Net Interest Income": NaN,
        "Interest Expense": NaN,
        "Interest Income": NaN,
        "Normalized Income": NaN,
        "Net Income From Continuing And Discontinued Operation": NaN,
        "Total Expenses": NaN,
        "Total Operating Income As Reported": NaN,
        "Diluted Average Shares": NaN,
        "Basic Average Shares": NaN,
        "Diluted EPS": NaN,
        "Basic EPS": NaN,
        "Diluted NI Availto Com Stockholders": NaN,
        "Net Income Common Stockholders": NaN,
        "Net Income": NaN,
        "Minority Interests": NaN,
        "Net Income Including Noncontrolling Interests": NaN,
        "Net Income Continuous Operations": NaN,
        "Tax Provision": NaN,
        "Pretax Income": NaN,
        "Other Income Expense": NaN,
        "Special Income Charges": 0.0,
        "Write Off": 105901000.0,
        "Impairment Of Capital Assets": 0.0,
        "Gain On Sale Of Security": NaN,
        "Net Non Operating Interest Income Expense": NaN,
        "Total Other Finance Cost": 14460000.0,
        "Interest Expense Non Operating": NaN,
        "Interest Income Non Operating": NaN,
        "Operating Income": NaN,
        "Operating Expense": NaN,
        "Research And Development": NaN,
        "Selling General And Administration": NaN,
        "Selling And Marketing Expense": NaN,
        "General And Administrative Expense": NaN,
        "Other Gand A": NaN,
        "Salaries And Wages": NaN,
        "Gross Profit": NaN,
        "Cost Of Revenue": NaN,
        "Total Revenue": NaN,
        "Operating Revenue": NaN
    },
    "2022-06-30": {
        "Tax Effect Of Unusual Items": -13482342.536688,
        "Tax Rate For Calcs": 0.376056,
        "Normalized EBITDA": 139966000.0,
        "Total Unusual Items": -35852000.0,
        "Total Unusual Items Excluding Goodwill": -35852000.0,
        "Net Income From Continuing Operation Net Minority Interest": 28300000.0,
        "Reconciled Cost Of Revenue": 95314000.0,
        "EBITDA": 104114000.0,
        "EBIT": 104114000.0,
        "Net Interest Income": -21721000.0,
        "Interest Expense": NaN,
        "Interest Income": NaN,
        "Normalized Income": 50669657.463312,
        "Net Income From Continuing And Discontinued Operation": 28300000.0,
        "Total Expenses": 346038000.0,
        "Total Operating Income As Reported": 93938000.0,
        "Diluted Average Shares": 237025000.0,
        "Basic Average Shares": 235521000.0,
        "Diluted EPS": 0.12,
        "Basic EPS": 0.12,
        "Diluted NI Availto Com Stockholders": 28300000.0,
        "Net Income Common Stockholders": 28300000.0,
        "Net Income": 28300000.0,
        "Minority Interests": -739000.0,
        "Net Income Including Noncontrolling Interests": 29039000.0,
        "Net Income Continuous Operations": 29039000.0,
        "Tax Provision": 17502000.0,
        "Pretax Income": 46541000.0,
        "Other Income Expense": -35852000.0,
        "Special Income Charges": -35852000.0,
        "Write Off": 25676000.0,
        "Impairment Of Capital Assets": 10176000.0,
        "Gain On Sale Of Security": NaN,
        "Net Non Operating Interest Income Expense": -21721000.0,
        "Total Other Finance Cost": 21721000.0,
        "Interest Expense Non Operating": NaN,
        "Interest Income Non Operating": NaN,
        "Operating Income": 104114000.0,
        "Operating Expense": 250724000.0,
        "Research And Development": 106403000.0,
        "Selling General And Administration": 144321000.0,
        "Selling And Marketing Expense": 115512000.0,
        "General And Administrative Expense": 28809000.0,
        "Other Gand A": 28809000.0,
        "Salaries And Wages": NaN,
        "Gross Profit": 354838000.0,
        "Cost Of Revenue": 95314000.0,
        "Total Revenue": 450152000.0,
        "Operating Revenue": 450152000.0
    },
    "2023-06-30": {
        "Tax Effect Of Unusual Items": NaN,
        "Tax Rate For Calcs": NaN,
        "Normalized EBITDA": NaN,
        "Total Unusual Items": NaN,
        "Total Unusual Items Excluding Goodwill": NaN,
        "Net Income From Continuing Operation Net Minority Interest": NaN,
        "Reconciled Cost Of Revenue": NaN,
        "EBITDA": NaN,
        "EBIT": NaN,
        "Net Interest Income": NaN,
        "Interest Expense": NaN,
        "Interest Income": 11357000.0,
        "Normalized Income": NaN,
        "Net Income From Continuing And Discontinued Operation": NaN,
        "Total Expenses": NaN,
        "Total Operating Income As Reported": NaN,
        "Diluted Average Shares": NaN,
        "Basic Average Shares": NaN,
        "Diluted EPS": NaN,
        "Basic EPS": NaN,
        "Diluted NI Availto Com Stockholders": NaN,
        "Net Income Common Stockholders": NaN,
        "Net Income": NaN,
        "Minority Interests": NaN,
        "Net Income Including Noncontrolling Interests": NaN,
        "Net Income Continuous Operations": NaN,
        "Tax Provision": NaN,
        "Pretax Income": NaN,
        "Other Income Expense": NaN,
        "Special Income Charges": 0.0,
        "Impairment Of Capital Assets": 0.0,
        "Gain On Sale Of Security": NaN,
        "Net Non Operating Interest Income Expense": NaN,
        "Total Other Finance Cost": NaN,
        "Interest Expense Non Operating": NaN,
        "Interest Income Non Operating": 11357000.0,
        "Operating Income": NaN,
        "Operating Expense": NaN,
        "Research And Development": NaN,
        "Selling General And Administration": NaN,
        "Selling And Marketing Expense": NaN,
        "General And Administrative Expense": NaN,
        "Other Gand A": NaN,
        "Salaries And Wages": 10573000.0,
        "Gross Profit": NaN,
        "Cost Of Revenue": NaN,
        "Total Revenue": NaN,
        "Operating Revenue": NaN
    },
    "2023-09-30": {
        "Tax Effect Of Unusual Items": -2145467.1649,
        "Tax Rate For Calcs": 0.240658,
        "Normalized EBITDA": 133986000.0,
        "Total Unusual Items": -8915000.0,
        "Total Unusual Items Excluding Goodwill": -8915000.0,
        "Net Income From Continuing Operation Net Minority Interest": 77489000.0,
        "Reconciled Cost Of Revenue": 93998000.0,
        "EBITDA": 125071000.0,
        "EBIT": 125071000.0,
        "Net Interest Income": -19498000.0,
        "Interest Expense": 19498000.0,
        "Interest Income": NaN,
        "Normalized Income": 84258532.8351,
        "Net Income From Continuing And Discontinued Operation": 77489000.0,
        "Total Expenses": 308165000.0,
        "Total Operating Income As Reported": 133986000.0,
        "Diluted Average Shares": 238655000.0,
        "Basic Average Shares": 235842000.0,
        "Diluted EPS": 0.32,
        "Basic EPS": 0.33,
        "Diluted NI Availto Com Stockholders": 77489000.0,
        "Net Income Common Stockholders": 77489000.0,
        "Net Income": 77489000.0,
        "Minority Interests": -2677000.0,
        "Net Income Including Noncontrolling Interests": 80166000.0,
        "Net Income Continuous Operations": 80166000.0,
        "Tax Provision": 25407000.0,
        "Pretax Income": 105573000.0,
        "Other Income Expense": -8915000.0,
        "Special Income Charges": 0.0,
        "Impairment Of Capital Assets": 0.0,
        "Gain On Sale Of Security": -8915000.0,
        "Net Non Operating Interest Income Expense": -19498000.0,
        "Total Other Finance Cost": 19498000.0,
        "Interest Expense Non Operating": 19498000.0,
        "Interest Income Non Operating": NaN,
        "Operating Income": 133986000.0,
        "Operating Expense": 214167000.0,
        "Research And Development": 82764000.0,
        "Selling General And Administration": 131403000.0,
        "Selling And Marketing Expense": 109776000.0,
        "General And Administrative Expense": 21627000.0,
        "Other Gand A": 21627000.0,
        "Salaries And Wages": NaN,
        "Gross Profit": 348153000.0,
        "Cost Of Revenue": 93998000.0,
        "Total Revenue": 442151000.0,
        "Operating Revenue": 442151000.0
    },
    "2023-12-31": {
        "Tax Effect Of Unusual Items": 6386000.0,
        "Tax Rate For Calcs": 0.25,
        "Normalized EBITDA": 243379000.0,
        "Total Unusual Items": 25544000.0,
        "Total Unusual Items Excluding Goodwill": 25544000.0,
        "Net Income From Continuing Operation Net Minority Interest": 83230000.0,
        "Reconciled Cost Of Revenue": 100156000.0,
        "EBITDA": 268923000.0,
        "EBIT": 268923000.0,
        "Net Interest Income": 3598000.0,
        "Interest Expense": NaN,
        "Interest Income": NaN,
        "Normalized Income": 64072000.0,
        "Net Income From Continuing And Discontinued Operation": 83230000.0,
        "Total Expenses": 344662000.0,
        "Total Operating Income As Reported": 119005000.0,
        "Diluted Average Shares": 246382000.0,
        "Basic Average Shares": 236311000.0,
        "Diluted EPS": 0.34,
        "Basic EPS": 0.35,
        "Diluted NI Availto Com Stockholders": 83759000.0,
        "Net Income Common Stockholders": 83230000.0,
        "Net Income": 83230000.0,
        "Minority Interests": -5454000.0,
        "Net Income Including Noncontrolling Interests": 88684000.0,
        "Net Income Continuous Operations": 88684000.0,
        "Tax Provision": 72578000.0,
        "Pretax Income": 161262000.0,
        "Other Income Expense": 38659000.0,
        "Special Income Charges": -23642000.0,
        "Impairment Of Capital Assets": 0.0,
        "Gain On Sale Of Security": 49186000.0,
        "Net Non Operating Interest Income Expense": 3598000.0,
        "Total Other Finance Cost": NaN,
        "Interest Expense Non Operating": NaN,
        "Interest Income Non Operating": NaN,
        "Operating Income": 119005000.0,
        "Operating Expense": 244506000.0,
        "Research And Development": 67243000.0,
        "Selling General And Administration": 177263000.0,
        "Selling And Marketing Expense": 139726000.0,
        "General And Administrative Expense": 37537000.0,
        "Other Gand A": 37537000.0,
        "Salaries And Wages": NaN,
        "Gross Profit": 363511000.0,
        "Cost Of Revenue": 100156000.0,
        "Total Revenue": 463667000.0,
        "Operating Revenue": 463667000.0
    },
    "2024-03-31": {
        "Tax Effect Of Unusual Items": -1634390.986922,
        "Tax Rate For Calcs": 0.328851,
        "Normalized EBITDA": 99737000.0,
        "Total Unusual Items": -4970000.0,
        "Total Unusual Items Excluding Goodwill": -4970000.0,
        "Net Income From Continuing Operation Net Minority Interest": 49438000.0,
        "Reconciled Cost Of Revenue": 86821000.0,
        "EBITDA": 94767000.0,
        "EBIT": 94767000.0,
        "Net Interest Income": -18611000.0,
        "Interest Expense": 18611000.0,
        "Interest Income": NaN,
        "Normalized Income": 52773609.013078,
        "Net Income From Continuing And Discontinued Operation": 49438000.0,
        "Total Expenses": 295760000.0,
        "Total Operating Income As Reported": 99737000.0,
        "Diluted Average Shares": 263644000.0,
        "Basic Average Shares": 236694000.0,
        "Diluted EPS": 0.19,
        "Basic EPS": 0.21,
        "Diluted NI Availto Com Stockholders": 49438000.0,
        "Net Income Common Stockholders": 49438000.0,
        "Net Income": 49438000.0,
        "Minority Interests": -1674000.0,
        "Net Income Including Noncontrolling Interests": 51112000.0,
        "Net Income Continuous Operations": 51112000.0,
        "Tax Provision": 25044000.0,
        "Pretax Income": 76156000.0,
        "Other Income Expense": -4970000.0,
        "Special Income Charges": NaN,
        "Impairment Of Capital Assets": NaN,
        "Gain On Sale Of Security": -4970000.0,
        "Net Non Operating Interest Income Expense": -18611000.0,
        "Total Other Finance Cost": NaN,
        "Interest Expense Non Operating": 18611000.0,
        "Interest Income Non Operating": NaN,
        "Operating Income": 99737000.0,
        "Operating Expense": 208939000.0,
        "Research And Development": 80726000.0,
        "Selling General And Administration": 128213000.0,
        "Selling And Marketing Expense": 103627000.0,
        "General And Administrative Expense": 24586000.0,
        "Other Gand A": 24586000.0,
        "Salaries And Wages": NaN,
        "Gross Profit": 308676000.0,
        "Cost Of Revenue": 86821000.0,
        "Total Revenue": 395497000.0,
        "Operating Revenue": 395497000.0
    },
    "2024-06-30": {
        "Tax Effect Of Unusual Items": 55529.350462,
        "Tax Rate For Calcs": 0.22665,
        "Normalized EBITDA": 135140000.0,
        "Total Unusual Items": 245000.0,
        "Total Unusual Items Excluding Goodwill": 245000.0,
        "Net Income From Continuing Operation Net Minority Interest": 111931000.0,
        "Reconciled Cost Of Revenue": 89790000.0,
        "EBITDA": 135385000.0,
        "EBIT": 135385000.0,
        "Net Interest Income": 11182000.0,
        "Interest Expense": NaN,
        "Interest Income": 11182000.0,
        "Normalized Income": 111741529.350462,
        "Net Income From Continuing And Discontinued Operation": 111931000.0,
        "Total Expenses": 302488000.0,
        "Total Operating Income As Reported": 135385000.0,
        "Diluted Average Shares": 265086000.0,
        "Basic Average Shares": 237124000.0,
        "Diluted EPS": 0.43,
        "Basic EPS": 0.47,
        "Diluted NI Availto Com Stockholders": 111931000.0,
        "Net Income Common Stockholders": 111931000.0,
        "Net Income": 111931000.0,
        "Minority Interests": -1606000.0,
        "Net Income Including Noncontrolling Interests": 113537000.0,
        "Net Income Continuous Operations": 113537000.0,
        "Tax Provision": 33275000.0,
        "Pretax Income": 146812000.0,
        "Other Income Expense": 245000.0,
        "Special Income Charges": NaN,
        "Impairment Of Capital Assets": NaN,
        "Gain On Sale Of Security": 245000.0,
        "Net Non Operating Interest Income Expense": 11182000.0,
        "Total Other Finance Cost": NaN,
        "Interest Expense Non Operating": NaN,
        "Interest Income Non Operating": 11182000.0,
        "Operating Income": 135385000.0,
        "Operating Expense": 212698000.0,
        "Research And Development": 71689000.0,
        "Selling General And Administration": 141009000.0,
        "Selling And Marketing Expense": 114232000.0,
        "General And Administrative Expense": 26777000.0,
        "Other Gand A": 26777000.0,
        "Salaries And Wages": NaN,
        "Gross Profit": 348083000.0,
        "Cost Of Revenue": 89790000.0,
        "Total Revenue": 437873000.0,
        "Operating Revenue": 437873000.0
    },
    "2024-09-30": {
        "Tax Effect Of Unusual Items": 3300209.093775,
        "Tax Rate For Calcs": 0.195221,
        "Normalized EBITDA": 124417000.0,
        "Total Unusual Items": 16905000.0,
        "Total Unusual Items Excluding Goodwill": 16905000.0,
        "Net Income From Continuing Operation Net Minority Interest": 130567000.0,
        "Reconciled Cost Of Revenue": 92381000.0,
        "EBITDA": 141322000.0,
        "EBIT": 141322000.0,
        "Net Interest Income": 6699000.0,
        "Interest Expense": NaN,
        "Interest Income": 6699000.0,
        "Normalized Income": 116962209.093775,
        "Net Income From Continuing And Discontinued Operation": 130567000.0,
        "Total Expenses": 323158000.0,
        "Total Operating Income As Reported": 141322000.0,
        "Diluted Average Shares": 265824000.0,
        "Basic Average Shares": 237499000.0,
        "Diluted EPS": 0.5,
        "Basic EPS": 0.55,
        "Diluted NI Availto Com Stockholders": 130567000.0,
        "Net Income Common Stockholders": 130567000.0,
        "Net Income": 130567000.0,
        "Minority Interests": -2162000.0,
        "Net Income Including Noncontrolling Interests": 132729000.0,
        "Net Income Continuous Operations": 132729000.0,
        "Tax Provision": 32197000.0,
        "Pretax Income": 164926000.0,
        "Other Income Expense": 16905000.0,
        "Special Income Charges": NaN,
        "Impairment Of Capital Assets": NaN,
        "Gain On Sale Of Security": 16905000.0,
        "Net Non Operating Interest Income Expense": 6699000.0,
        "Total Other Finance Cost": NaN,
        "Interest Expense Non Operating": NaN,
        "Interest Income Non Operating": 6699000.0,
        "Operating Income": 141322000.0,
        "Operating Expense": 230777000.0,
        "Research And Development": 80411000.0,
        "Selling General And Administration": 150366000.0,
        "Selling And Marketing Expense": 123069000.0,
        "General And Administrative Expense": 27297000.0,
        "Other Gand A": 27297000.0,
        "Salaries And Wages": NaN,
        "Gross Profit": 372099000.0,
        "Cost Of Revenue": 92381000.0,
        "Total Revenue": 464480000.0,
        "Operating Revenue": 464480000.0
    }
}