{
    "2023-06-30": {
        "Tax Effect Of Unusual Items": NaN,
        "Tax Rate For Calcs": NaN,
        "Normalized EBITDA": NaN,
        "Total Unusual Items": NaN,
        "Total Unusual Items Excluding Goodwill": NaN,
        "Net Income From Continuing Operation Net Minority Interest": NaN,
        "Reconciled Depreciation": NaN,
        "Reconciled Cost Of Revenue": NaN,
        "EBITDA": NaN,
        "EBIT": NaN,
        "Net Interest Income": NaN,
        "Interest Expense": NaN,
        "Interest Income": NaN,
        "Normalized Income": NaN,
        "Net Income From Continuing And Discontinued Operation": NaN,
        "Total Expenses": NaN,
        "Total Operating Income As Reported": NaN,
        "Diluted Average Shares": 321000000.0,
        "Basic Average Shares": 321000000.0,
        "Diluted EPS": -2.27,
        "Basic EPS": -2.27,
        "Diluted NI Availto Com Stockholders": NaN,
        "Net Income Common Stockholders": NaN,
        "Otherunder Preferred Stock Dividend": NaN,
        "Preferred Stock Dividends": NaN,
        "Net Income": NaN,
        "Net Income Including Noncontrolling Interests": NaN,
        "Net Income Continuous Operations": NaN,
        "Tax Provision": NaN,
        "Pretax Income": NaN,
        "Other Income Expense": NaN,
        "Other Non Operating Income Expenses": NaN,
        "Special Income Charges": NaN,
        "Gain On Sale Of Ppe": NaN,
        "Other Special Charges": NaN,
        "Write Off": NaN,
        "Restructuring And Mergern Acquisition": NaN,
        "Net Non Operating Interest Income Expense": NaN,
        "Interest Expense Non Operating": NaN,
        "Interest Income Non Operating": NaN,
        "Operating Income": NaN,
        "Operating Expense": NaN,
        "Research And Development": NaN,
        "Selling General And Administration": NaN,
        "Gross Profit": NaN,
        "Cost Of Revenue": NaN,
        "Total Revenue": NaN,
        "Operating Revenue": NaN
    },
    "2023-03-31": {
        "Tax Effect Of Unusual Items": NaN,
        "Tax Rate For Calcs": NaN,
        "Normalized EBITDA": NaN,
        "Total Unusual Items": NaN,
        "Total Unusual Items Excluding Goodwill": NaN,
        "Net Income From Continuing Operation Net Minority Interest": NaN,
        "Reconciled Depreciation": NaN,
        "Reconciled Cost Of Revenue": NaN,
        "EBITDA": NaN,
        "EBIT": NaN,
        "Net Interest Income": NaN,
        "Interest Expense": NaN,
        "Interest Income": NaN,
        "Normalized Income": NaN,
        "Net Income From Continuing And Discontinued Operation": NaN,
        "Total Expenses": NaN,
        "Total Operating Income As Reported": NaN,
        "Diluted Average Shares": NaN,
        "Basic Average Shares": NaN,
        "Diluted EPS": NaN,
        "Basic EPS": NaN,
        "Diluted NI Availto Com Stockholders": NaN,
        "Net Income Common Stockholders": NaN,
        "Otherunder Preferred Stock Dividend": 0.0,
        "Preferred Stock Dividends": NaN,
        "Net Income": NaN,
        "Net Income Including Noncontrolling Interests": NaN,
        "Net Income Continuous Operations": NaN,
        "Tax Provision": NaN,
        "Pretax Income": NaN,
        "Other Income Expense": NaN,
        "Other Non Operating Income Expenses": NaN,
        "Special Income Charges": NaN,
        "Gain On Sale Of Ppe": 0.0,
        "Other Special Charges": NaN,
        "Write Off": NaN,
        "Restructuring And Mergern Acquisition": NaN,
        "Net Non Operating Interest Income Expense": NaN,
        "Interest Expense Non Operating": NaN,
        "Interest Income Non Operating": NaN,
        "Operating Income": NaN,
        "Operating Expense": NaN,
        "Research And Development": NaN,
        "Selling General And Administration": NaN,
        "Gross Profit": NaN,
        "Cost Of Revenue": NaN,
        "Total Revenue": NaN,
        "Operating Revenue": NaN
    },
    "2022-12-31": {
        "Tax Effect Of Unusual Items": -15960000.0,
        "Tax Rate For Calcs": 0.21,
        "Normalized EBITDA": -18000000.0,
        "Total Unusual Items": -76000000.0,
        "Total Unusual Items Excluding Goodwill": -76000000.0,
        "Net Income From Continuing Operation Net Minority Interest": -451000000.0,
        "Reconciled Depreciation": 214000000.0,
        "Reconciled Cost Of Revenue": 2579000000.0,
        "EBITDA": -94000000.0,
        "EBIT": -308000000.0,
        "Net Interest Income": -70000000.0,
        "Interest Expense": 73000000.0,
        "Interest Income": 3000000.0,
        "Normalized Income": -390960000.0,
        "Net Income From Continuing And Discontinued Operation": -451000000.0,
        "Total Expenses": 3352000000.0,
        "Total Operating Income As Reported": -321000000.0,
        "Diluted Average Shares": 318000000.0,
        "Basic Average Shares": 318000000.0,
        "Diluted EPS": -1.42,
        "Basic EPS": -1.42,
        "Diluted NI Availto Com Stockholders": -451000000.0,
        "Net Income Common Stockholders": -451000000.0,
        "Preferred Stock Dividends": NaN,
        "Net Income": -451000000.0,
        "Net Income Including Noncontrolling Interests": -451000000.0,
        "Net Income Continuous Operations": -451000000.0,
        "Tax Provision": 70000000.0,
        "Pretax Income": -381000000.0,
        "Other Income Expense": -66000000.0,
        "Other Non Operating Income Expenses": 10000000.0,
        "Special Income Charges": -76000000.0,
        "Gain On Sale Of Ppe": NaN,
        "Other Special Charges": NaN,
        "Write Off": 15000000.0,
        "Restructuring And Mergern Acquisition": 61000000.0,
        "Net Non Operating Interest Income Expense": -70000000.0,
        "Interest Expense Non Operating": 73000000.0,
        "Interest Income Non Operating": 3000000.0,
        "Operating Income": -245000000.0,
        "Operating Expense": 773000000.0,
        "Research And Development": 523000000.0,
        "Selling General And Administration": 250000000.0,
        "Gross Profit": 528000000.0,
        "Cost Of Revenue": 2579000000.0,
        "Total Revenue": 3107000000.0,
        "Operating Revenue": 3107000000.0
    },
    "2022-09-30": {
        "Tax Effect Of Unusual Items": NaN,
        "Tax Rate For Calcs": NaN,
        "Normalized EBITDA": NaN,
        "Total Unusual Items": NaN,
        "Total Unusual Items Excluding Goodwill": NaN,
        "Net Income From Continuing Operation Net Minority Interest": NaN,
        "Reconciled Depreciation": NaN,
        "Reconciled Cost Of Revenue": NaN,
        "EBITDA": NaN,
        "EBIT": NaN,
        "Net Interest Income": NaN,
        "Interest Expense": NaN,
        "Interest Income": NaN,
        "Normalized Income": NaN,
        "Net Income From Continuing And Discontinued Operation": NaN,
        "Total Expenses": NaN,
        "Total Operating Income As Reported": NaN,
        "Diluted Average Shares": NaN,
        "Basic Average Shares": NaN,
        "Diluted EPS": NaN,
        "Basic EPS": NaN,
        "Diluted NI Availto Com Stockholders": NaN,
        "Net Income Common Stockholders": NaN,
        "Otherunder Preferred Stock Dividend": NaN,
        "Preferred Stock Dividends": NaN,
        "Net Income": NaN,
        "Net Income Including Noncontrolling Interests": NaN,
        "Net Income Continuous Operations": NaN,
        "Tax Provision": NaN,
        "Pretax Income": NaN,
        "Other Income Expense": NaN,
        "Other Non Operating Income Expenses": NaN,
        "Special Income Charges": NaN,
        "Gain On Sale Of Ppe": 0.0,
        "Other Special Charges": NaN,
        "Write Off": NaN,
        "Restructuring And Mergern Acquisition": NaN,
        "Net Non Operating Interest Income Expense": NaN,
        "Interest Expense Non Operating": NaN,
        "Interest Income Non Operating": NaN,
        "Operating Income": NaN,
        "Operating Expense": NaN,
        "Research And Development": NaN,
        "Selling General And Administration": NaN,
        "Gross Profit": NaN,
        "Cost Of Revenue": NaN,
        "Total Revenue": NaN,
        "Operating Revenue": NaN
    },
    "2022-06-30": {
        "Tax Effect Of Unusual Items": -7600000.0,
        "Tax Rate For Calcs": 0.4,
        "Normalized EBITDA": 802000000.0,
        "Total Unusual Items": -19000000.0,
        "Total Unusual Items Excluding Goodwill": -19000000.0,
        "Net Income From Continuing Operation Net Minority Interest": 301000000.0,
        "Reconciled Depreciation": 221000000.0,
        "Reconciled Cost Of Revenue": 3083000000.0,
        "EBITDA": 783000000.0,
        "EBIT": 562000000.0,
        "Net Interest Income": -51000000.0,
        "Interest Expense": 51000000.0,
        "Interest Income": 2000000.0,
        "Normalized Income": 312400000.0,
        "Net Income From Continuing And Discontinued Operation": 301000000.0,
        "Total Expenses": 3947000000.0,
        "Total Operating Income As Reported": 562000000.0,
        "Diluted Average Shares": 316000000.0,
        "Basic Average Shares": 312000000.0,
        "Diluted EPS": 0.95,
        "Basic EPS": 0.96,
        "Diluted NI Availto Com Stockholders": 301000000.0,
        "Net Income Common Stockholders": 301000000.0,
        "Preferred Stock Dividends": NaN,
        "Net Income": 301000000.0,
        "Net Income Including Noncontrolling Interests": 301000000.0,
        "Net Income Continuous Operations": 301000000.0,
        "Tax Provision": 210000000.0,
        "Pretax Income": 511000000.0,
        "Other Income Expense": -19000000.0,
        "Other Non Operating Income Expenses": 22000000.0,
        "Special Income Charges": -19000000.0,
        "Write Off": NaN,
        "Restructuring And Mergern Acquisition": 19000000.0,
        "Net Non Operating Interest Income Expense": -51000000.0,
        "Interest Expense Non Operating": 51000000.0,
        "Interest Income Non Operating": 2000000.0,
        "Operating Income": 581000000.0,
        "Operating Expense": 864000000.0,
        "Research And Development": 598000000.0,
        "Selling General And Administration": 266000000.0,
        "Gross Profit": 1445000000.0,
        "Cost Of Revenue": 3083000000.0,
        "Total Revenue": 4528000000.0,
        "Operating Revenue": 4528000000.0
    },
    "2022-03-31": {
        "Diluted EPS": 0.08,
        "Total Revenue": NaN,
        "Gross Profit": NaN,
        "Operating Income": 324,
        "EBIT": 553,
        "Net Income": 25
    },
    "2021-12-31": {
        "Diluted EPS": 1.79,
        "Total Revenue": NaN,
        "Gross Profit": NaN,
        "Operating Income": 727,
        "EBIT": 980,
        "Net Income": 564
    },
    "2021-09-30": {
        "Diluted EPS": 1.93,
        "Total Revenue": NaN,
        "Gross Profit": NaN,
        "Operating Income": 778,
        "EBIT": NaN,
        "Net Income": 610
    },
    "2021-06-30": {
        "Diluted EPS": 2.03,
        "Total Revenue": NaN,
        "Gross Profit": NaN,
        "Operating Income": 675,
        "EBIT": 936,
        "Net Income": 622
    },
    "2021-03-31": {
        "Diluted EPS": 0.63,
        "Total Revenue": NaN,
        "Gross Profit": NaN,
        "Operating Income": 317,
        "EBIT": 578,
        "Net Income": 197
    },
    "2020-12-31": {
        "Diluted EPS": 0.2,
        "Total Revenue": NaN,
        "Gross Profit": 960,
        "Operating Income": 158,
        "EBIT": 504,
        "Net Income": 62
    },
    "2020-09-30": {
        "Diluted EPS": -0.2,
        "Total Revenue": NaN,
        "Gross Profit": 904,
        "Operating Income": 70,
        "EBIT": 454,
        "Net Income": -60
    },
    "2020-06-30": {
        "Diluted EPS": 0.5,
        "Total Revenue": NaN,
        "Gross Profit": NaN,
        "Operating Income": 261,
        "EBIT": 648,
        "Net Income": 148
    },
    "2020-03-31": {
        "Diluted EPS": 0.06,
        "Total Revenue": NaN,
        "Gross Profit": NaN,
        "Operating Income": 153,
        "EBIT": 547,
        "Net Income": 17
    },
    "2019-12-31": {
        "Diluted EPS": -0.47,
        "Total Revenue": NaN,
        "Gross Profit": 935,
        "Operating Income": 50,
        "EBIT": 459,
        "Net Income": -139
    },
    "2019-09-30": {
        "Diluted EPS": -0.93,
        "Total Revenue": NaN,
        "Gross Profit": 758,
        "Operating Income": -129,
        "EBIT": 287,
        "Net Income": -276
    },
    "2019-06-30": {
        "Diluted EPS": -0.62,
        "Total Revenue": NaN,
        "Gross Profit": 465,
        "Operating Income": -381,
        "EBIT": 45,
        "Net Income": -197
    },
    "2019-03-31": {
        "Diluted EPS": -1.99,
        "Total Revenue": NaN,
        "Gross Profit": 579,
        "Operating Income": -394,
        "EBIT": 59,
        "Net Income": -581
    },
    "2018-12-31": {
        "Diluted EPS": -1.68,
        "Total Revenue": NaN,
        "Gross Profit": NaN,
        "Operating Income": 176,
        "EBIT": 658,
        "Net Income": -487
    },
    "2018-09-30": {
        "Diluted EPS": 1.71,
        "Total Revenue": NaN,
        "Gross Profit": NaN,
        "Operating Income": 686,
        "EBIT": NaN,
        "Net Income": 511
    },
    "2018-06-30": {
        "Diluted EPS": 2.55,
        "Total Revenue": NaN,
        "Gross Profit": NaN,
        "Operating Income": 843,
        "EBIT": NaN,
        "Net Income": 756
    },
    "2018-03-31": {
        "Diluted EPS": 0.2,
        "Total Revenue": NaN,
        "Gross Profit": NaN,
        "Operating Income": 914,
        "EBIT": NaN,
        "Net Income": 61
    },
    "2017-12-31": {
        "Diluted EPS": -2.78,
        "Total Revenue": NaN,
        "Gross Profit": NaN,
        "Operating Income": 955,
        "EBIT": NaN,
        "Net Income": -823
    },
    "2017-09-30": {
        "Diluted EPS": 2.23,
        "Total Revenue": NaN,
        "Gross Profit": NaN,
        "Operating Income": 905,
        "EBIT": NaN,
        "Net Income": 681
    },
    "2017-06-30": {
        "Diluted EPS": 0.99,
        "Total Revenue": NaN,
        "Gross Profit": NaN,
        "Operating Income": 652,
        "EBIT": NaN,
        "Net Income": 280
    },
    "2017-03-31": {
        "Diluted EPS": 0.83,
        "Total Revenue": NaN,
        "Gross Profit": NaN,
        "Operating Income": 525,
        "EBIT": NaN,
        "Net Income": 248
    },
    "2016-12-31": {
        "Diluted EPS": 0.8,
        "Total Revenue": NaN,
        "Gross Profit": NaN,
        "Operating Income": 545,
        "EBIT": NaN,
        "Net Income": 235
    },
    "2016-09-30": {
        "Diluted EPS": -1.28,
        "Total Revenue": NaN,
        "Gross Profit": NaN,
        "Operating Income": 232,
        "EBIT": 987,
        "Net Income": -366
    },
    "2016-06-30": {
        "Diluted EPS": -1.6,
        "Total Revenue": NaN,
        "Gross Profit": 821,
        "Operating Income": -195,
        "EBIT": 261,
        "Net Income": -366
    },
    "2016-03-31": {
        "Diluted EPS": 0.32,
        "Total Revenue": NaN,
        "Gross Profit": 753,
        "Operating Income": 88,
        "EBIT": 335,
        "Net Income": 74
    },
    "2015-12-31": {
        "Diluted EPS": 1.07,
        "Total Revenue": NaN,
        "Gross Profit": 906,
        "Operating Income": 251,
        "EBIT": 504,
        "Net Income": 251
    },
    "2015-09-30": {
        "Diluted EPS": 1.21,
        "Total Revenue": NaN,
        "Gross Profit": 955,
        "Operating Income": 322,
        "EBIT": 559,
        "Net Income": 283
    },
    "2015-06-30": {
        "Diluted EPS": 0.95,
        "Total Revenue": NaN,
        "Gross Profit": 930,
        "Operating Income": 255,
        "EBIT": 505,
        "Net Income": 220
    },
    "2015-03-31": {
        "Diluted EPS": 1.63,
        "Total Revenue": NaN,
        "Gross Profit": NaN,
        "Operating Income": 421,
        "EBIT": 706,
        "Net Income": 384
    },
    "2014-12-31": {
        "Diluted EPS": 1.84,
        "Total Revenue": NaN,
        "Gross Profit": NaN,
        "Operating Income": 466,
        "EBIT": 756,
        "Net Income": 438
    },
    "2014-09-30": {
        "Diluted EPS": 1.76,
        "Total Revenue": NaN,
        "Gross Profit": NaN,
        "Operating Income": 469,
        "EBIT": 758,
        "Net Income": 423
    },
    "2014-06-30": {
        "Diluted EPS": 1.31,
        "Total Revenue": NaN,
        "Gross Profit": NaN,
        "Operating Income": 352,
        "EBIT": 660,
        "Net Income": 317
    },
    "2014-03-31": {
        "Diluted EPS": 1.55,
        "Total Revenue": NaN,
        "Gross Profit": NaN,
        "Operating Income": 419,
        "EBIT": 726,
        "Net Income": 375
    },
    "2013-12-31": {
        "Diluted EPS": 1.77,
        "Total Revenue": NaN,
        "Gross Profit": NaN,
        "Operating Income": 478,
        "EBIT": 795,
        "Net Income": 430
    },
    "2013-09-30": {
        "Diluted EPS": 2.05,
        "Total Revenue": NaN,
        "Gross Profit": NaN,
        "Operating Income": 542,
        "EBIT": 854,
        "Net Income": 495
    },
    "2013-06-30": {
        "Diluted EPS": -1.04,
        "Total Revenue": NaN,
        "Gross Profit": NaN,
        "Operating Income": -221,
        "EBIT": 81,
        "Net Income": -265
    },
    "2013-03-31": {
        "Diluted EPS": 1.6,
        "Total Revenue": NaN,
        "Gross Profit": NaN,
        "Operating Income": 417,
        "EBIT": 726,
        "Net Income": 391
    },
    "2012-12-31": {
        "Diluted EPS": 1.36,
        "Total Revenue": NaN,
        "Gross Profit": NaN,
        "Operating Income": 478,
        "EBIT": 787,
        "Net Income": 335
    },
    "2012-09-30": {
        "Diluted EPS": 2.06,
        "Total Revenue": NaN,
        "Gross Profit": NaN,
        "Operating Income": 592,
        "EBIT": 905,
        "Net Income": 519
    },
    "2012-06-30": {
        "Diluted EPS": 3.0,
        "Total Revenue": NaN,
        "Gross Profit": NaN,
        "Operating Income": 808,
        "EBIT": NaN,
        "Net Income": 745
    },
    "2012-03-31": {
        "Diluted EPS": 1.96,
        "Total Revenue": NaN,
        "Gross Profit": 977,
        "Operating Income": 542,
        "EBIT": 730,
        "Net Income": 483
    },
    "2011-12-31": {
        "Diluted EPS": 0.61,
        "Total Revenue": NaN,
        "Gross Profit": 648,
        "Operating Income": 162,
        "EBIT": 302,
        "Net Income": 145
    },
    "2011-09-30": {
        "Diluted EPS": 1.01,
        "Total Revenue": NaN,
        "Gross Profit": 541,
        "Operating Income": 259,
        "EBIT": 417,
        "Net Income": 239
    },
    "2011-06-30": {
        "Diluted EPS": 0.67,
        "Total Revenue": NaN,
        "Gross Profit": 469,
        "Operating Income": 172,
        "EBIT": 322,
        "Net Income": 158
    },
    "2011-03-31": {
        "Diluted EPS": 0.62,
        "Total Revenue": NaN,
        "Gross Profit": 410,
        "Operating Income": 158,
        "EBIT": 309,
        "Net Income": 146
    },
    "2010-12-31": {
        "Diluted EPS": 0.96,
        "Total Revenue": NaN,
        "Gross Profit": 475,
        "Operating Income": 240,
        "EBIT": 391,
        "Net Income": 225
    },
    "2010-09-30": {
        "Diluted EPS": 0.84,
        "Total Revenue": NaN,
        "Gross Profit": 437,
        "Operating Income": 211,
        "EBIT": 361,
        "Net Income": 197
    },
    "2010-06-30": {
        "Diluted EPS": 1.12,
        "Total Revenue": NaN,
        "Gross Profit": 535,
        "Operating Income": 292,
        "EBIT": 426,
        "Net Income": 265
    },
    "2010-03-31": {
        "Diluted EPS": 1.71,
        "Total Revenue": NaN,
        "Gross Profit": 665,
        "Operating Income": 441,
        "EBIT": 570,
        "Net Income": 400
    },
    "2009-12-31": {
        "Diluted EPS": 1.85,
        "Total Revenue": NaN,
        "Gross Profit": 687,
        "Operating Income": 473,
        "EBIT": 599,
        "Net Income": 429
    },
    "2009-09-30": {
        "Diluted EPS": 1.25,
        "Total Revenue": NaN,
        "Gross Profit": 514,
        "Operating Income": 319,
        "EBIT": 440,
        "Net Income": 288
    },
    "2009-06-30": {
        "Diluted EPS": 0.87,
        "Total Revenue": NaN,
        "Gross Profit": 370,
        "Operating Income": 208,
        "EBIT": 329,
        "Net Income": 195
    },
    "2009-03-31": {
        "Diluted EPS": 0.22,
        "Total Revenue": NaN,
        "Gross Profit": 253,
        "Operating Income": 61,
        "EBIT": 180,
        "Net Income": 50
    },
    "2023-09-30": {
        "Tax Effect Of Unusual Items": -11970000.0,
        "Tax Rate For Calcs": 0.21,
        "Normalized EBITDA": -380000000.0,
        "Total Unusual Items": -57000000.0,
        "Total Unusual Items Excluding Goodwill": -57000000.0,
        "Net Income From Continuing Operation Net Minority Interest": -685000000.0,
        "Reconciled Depreciation": 147000000.0,
        "Reconciled Cost Of Revenue": 2651000000.0,
        "EBITDA": -437000000.0,
        "EBIT": -584000000.0,
        "Net Interest Income": -90000000.0,
        "Interest Expense": 98000000.0,
        "Interest Income": 8000000.0,
        "Normalized Income": -639970000.0,
        "Net Income From Continuing And Discontinued Operation": -685000000.0,
        "Total Expenses": 3289000000.0,
        "Total Operating Income As Reported": -596000000.0,
        "Diluted Average Shares": 323000000.0,
        "Basic Average Shares": 323000000.0,
        "Diluted EPS": -2.17,
        "Basic EPS": -2.17,
        "Diluted NI Availto Com Stockholders": -700000000.0,
        "Net Income Common Stockholders": -700000000.0,
        "Otherunder Preferred Stock Dividend": 0.0,
        "Preferred Stock Dividends": 15000000.0,
        "Net Income": -685000000.0,
        "Net Income Including Noncontrolling Interests": -685000000.0,
        "Net Income Continuous Operations": -685000000.0,
        "Tax Provision": 3000000.0,
        "Pretax Income": -682000000.0,
        "Other Income Expense": -53000000.0,
        "Other Non Operating Income Expenses": 4000000.0,
        "Special Income Charges": -57000000.0,
        "Gain On Sale Of Ppe": 85000000.0,
        "Other Special Charges": 29000000.0,
        "Write Off": 94000000.0,
        "Restructuring And Mergern Acquisition": 19000000.0,
        "Net Non Operating Interest Income Expense": -90000000.0,
        "Interest Expense Non Operating": 98000000.0,
        "Interest Income Non Operating": 8000000.0,
        "Operating Income": -539000000.0,
        "Operating Expense": 638000000.0,
        "Research And Development": 431000000.0,
        "Selling General And Administration": 207000000.0,
        "Gross Profit": 99000000.0,
        "Cost Of Revenue": 2651000000.0,
        "Total Revenue": 2750000000.0,
        "Operating Revenue": 2750000000.0
    },
    "2023-12-31": {
        "Tax Effect Of Unusual Items": -12600000.0,
        "Tax Rate For Calcs": 0.21,
        "Normalized EBITDA": 52000000.0,
        "Total Unusual Items": -60000000.0,
        "Total Unusual Items Excluding Goodwill": -60000000.0,
        "Net Income From Continuing Operation Net Minority Interest": -287000000.0,
        "Reconciled Depreciation": 143000000.0,
        "Reconciled Cost Of Revenue": 2540000000.0,
        "EBITDA": -8000000.0,
        "EBIT": -151000000.0,
        "Net Interest Income": -96000000.0,
        "Interest Expense": 108000000.0,
        "Interest Income": 12000000.0,
        "Normalized Income": -239600000.0,
        "Net Income From Continuing And Discontinued Operation": -287000000.0,
        "Total Expenses": 3182000000.0,
        "Total Operating Income As Reported": -210000000.0,
        "Diluted Average Shares": 325000000.0,
        "Basic Average Shares": 325000000.0,
        "Diluted EPS": -0.87,
        "Basic EPS": -0.87,
        "Diluted NI Availto Com Stockholders": -301000000.0,
        "Net Income Common Stockholders": -301000000.0,
        "Otherunder Preferred Stock Dividend": NaN,
        "Preferred Stock Dividends": 14000000.0,
        "Net Income": -287000000.0,
        "Net Income Including Noncontrolling Interests": -287000000.0,
        "Net Income Continuous Operations": -287000000.0,
        "Tax Provision": 28000000.0,
        "Pretax Income": -259000000.0,
        "Other Income Expense": -13000000.0,
        "Other Non Operating Income Expenses": 47000000.0,
        "Special Income Charges": -60000000.0,
        "Gain On Sale Of Ppe": NaN,
        "Other Special Charges": NaN,
        "Write Off": 0.0,
        "Restructuring And Mergern Acquisition": 60000000.0,
        "Net Non Operating Interest Income Expense": -96000000.0,
        "Interest Expense Non Operating": 108000000.0,
        "Interest Income Non Operating": 12000000.0,
        "Operating Income": -150000000.0,
        "Operating Expense": 642000000.0,
        "Research And Development": 444000000.0,
        "Selling General And Administration": 198000000.0,
        "Gross Profit": 492000000.0,
        "Cost Of Revenue": 2540000000.0,
        "Total Revenue": 3032000000.0,
        "Operating Revenue": 3032000000.0
    },
    "2024-03-31": {
        "Tax Effect Of Unusual Items": -7440000.0,
        "Tax Rate For Calcs": 0.24,
        "Normalized EBITDA": 457000000.0,
        "Total Unusual Items": -31000000.0,
        "Total Unusual Items Excluding Goodwill": -31000000.0,
        "Net Income From Continuing Operation Net Minority Interest": 135000000.0,
        "Reconciled Depreciation": 140000000.0,
        "Reconciled Cost Of Revenue": 2456000000.0,
        "EBITDA": 426000000.0,
        "EBIT": 286000000.0,
        "Net Interest Income": -98000000.0,
        "Interest Expense": 108000000.0,
        "Interest Income": 10000000.0,
        "Normalized Income": 158560000.0,
        "Net Income From Continuing And Discontinued Operation": 135000000.0,
        "Total Expenses": 3153000000.0,
        "Total Operating Income As Reported": 273000000.0,
        "Diluted Average Shares": 335000000.0,
        "Basic Average Shares": 326000000.0,
        "Diluted EPS": 0.34,
        "Basic EPS": 0.35,
        "Diluted NI Availto Com Stockholders": 113000000.0,
        "Net Income Common Stockholders": 113000000.0,
        "Otherunder Preferred Stock Dividend": 7000000.0,
        "Preferred Stock Dividends": 15000000.0,
        "Net Income": 135000000.0,
        "Net Income Including Noncontrolling Interests": 135000000.0,
        "Net Income Continuous Operations": 135000000.0,
        "Tax Provision": 43000000.0,
        "Pretax Income": 178000000.0,
        "Other Income Expense": -28000000.0,
        "Other Non Operating Income Expenses": 3000000.0,
        "Special Income Charges": -31000000.0,
        "Gain On Sale Of Ppe": 0.0,
        "Other Special Charges": 2000000.0,
        "Write Off": 5000000.0,
        "Restructuring And Mergern Acquisition": 24000000.0,
        "Net Non Operating Interest Income Expense": -98000000.0,
        "Interest Expense Non Operating": 108000000.0,
        "Interest Income Non Operating": 10000000.0,
        "Operating Income": 304000000.0,
        "Operating Expense": 697000000.0,
        "Research And Development": 494000000.0,
        "Selling General And Administration": 203000000.0,
        "Gross Profit": 1001000000.0,
        "Cost Of Revenue": 2456000000.0,
        "Total Revenue": 3457000000.0,
        "Operating Revenue": 3457000000.0
    },
    "2024-06-30": {
        "Tax Effect Of Unusual Items": -79590000.0,
        "Tax Rate For Calcs": 0.21,
        "Normalized EBITDA": 722000000.0,
        "Total Unusual Items": -379000000.0,
        "Total Unusual Items Excluding Goodwill": -379000000.0,
        "Net Income From Continuing Operation Net Minority Interest": 39000000.0,
        "Reconciled Depreciation": 138000000.0,
        "Reconciled Cost Of Revenue": 2411000000.0,
        "EBITDA": 343000000.0,
        "EBIT": 205000000.0,
        "Net Interest Income": -94000000.0,
        "Interest Expense": 103000000.0,
        "Interest Income": 9000000.0,
        "Normalized Income": 338410000.0,
        "Net Income From Continuing And Discontinued Operation": 39000000.0,
        "Total Expenses": 3169000000.0,
        "Total Operating Income As Reported": 216000000.0,
        "Diluted Average Shares": NaN,
        "Basic Average Shares": NaN,
        "Diluted EPS": NaN,
        "Basic EPS": NaN,
        "Diluted NI Availto Com Stockholders": 29000000.0,
        "Net Income Common Stockholders": 29000000.0,
        "Otherunder Preferred Stock Dividend": NaN,
        "Preferred Stock Dividends": 10000000.0,
        "Net Income": 39000000.0,
        "Net Income Including Noncontrolling Interests": 39000000.0,
        "Net Income Continuous Operations": 39000000.0,
        "Tax Provision": 63000000.0,
        "Pretax Income": 102000000.0,
        "Other Income Expense": -399000000.0,
        "Other Non Operating Income Expenses": -20000000.0,
        "Special Income Charges": -379000000.0,
        "Gain On Sale Of Ppe": 0.0,
        "Other Special Charges": 260000000.0,
        "Write Off": 47000000.0,
        "Restructuring And Mergern Acquisition": 72000000.0,
        "Net Non Operating Interest Income Expense": -94000000.0,
        "Interest Expense Non Operating": 103000000.0,
        "Interest Income Non Operating": 9000000.0,
        "Operating Income": 595000000.0,
        "Operating Expense": 758000000.0,
        "Research And Development": 538000000.0,
        "Selling General And Administration": 220000000.0,
        "Gross Profit": 1353000000.0,
        "Cost Of Revenue": 2411000000.0,
        "Total Revenue": 3764000000.0,
        "Operating Revenue": 3764000000.0
    },
    "2024-09-30": {
        "Tax Effect Of Unusual Items": -10080000.0,
        "Tax Rate For Calcs": 0.21,
        "Normalized EBITDA": 910000000.0,
        "Total Unusual Items": -48000000.0,
        "Total Unusual Items Excluding Goodwill": -48000000.0,
        "Net Income From Continuing Operation Net Minority Interest": 493000000.0,
        "Reconciled Depreciation": 135000000.0,
        "Reconciled Cost Of Revenue": 2544000000.0,
        "EBITDA": 862000000.0,
        "EBIT": 727000000.0,
        "Net Interest Income": -90000000.0,
        "Interest Expense": 99000000.0,
        "Interest Income": 9000000.0,
        "Normalized Income": 530920000.0,
        "Net Income From Continuing And Discontinued Operation": 493000000.0,
        "Total Expenses": 3305000000.0,
        "Total Operating Income As Reported": 742000000.0,
        "Diluted Average Shares": 357000000.0,
        "Basic Average Shares": 344000000.0,
        "Diluted EPS": 1.35,
        "Basic EPS": 1.4,
        "Diluted NI Availto Com Stockholders": 481000000.0,
        "Net Income Common Stockholders": 481000000.0,
        "Otherunder Preferred Stock Dividend": 8000000.0,
        "Preferred Stock Dividends": 4000000.0,
        "Net Income": 493000000.0,
        "Net Income Including Noncontrolling Interests": 493000000.0,
        "Net Income Continuous Operations": 493000000.0,
        "Tax Provision": 135000000.0,
        "Pretax Income": 628000000.0,
        "Other Income Expense": -72000000.0,
        "Other Non Operating Income Expenses": -24000000.0,
        "Special Income Charges": -48000000.0,
        "Gain On Sale Of Ppe": 0.0,
        "Other Special Charges": 5000000.0,
        "Write Off": 0.0,
        "Restructuring And Mergern Acquisition": 43000000.0,
        "Net Non Operating Interest Income Expense": -90000000.0,
        "Interest Expense Non Operating": 99000000.0,
        "Interest Income Non Operating": 9000000.0,
        "Operating Income": 790000000.0,
        "Operating Expense": 761000000.0,
        "Research And Development": 519000000.0,
        "Selling General And Administration": 242000000.0,
        "Gross Profit": 1551000000.0,
        "Cost Of Revenue": 2544000000.0,
        "Total Revenue": 4095000000.0,
        "Operating Revenue": 4095000000.0
    }
}