{
    "2023-03-31": {
        "Tax Effect Of Unusual Items": 0.0,
        "Tax Rate For Calcs": 0.127385,
        "Normalized EBITDA": 1059400000.0,
        "Total Unusual Items": NaN,
        "Total Unusual Items Excluding Goodwill": NaN,
        "Net Income From Continuing Operation Net Minority Interest": 507800000.0,
        "Reconciled Depreciation": 305500000.0,
        "Reconciled Cost Of Revenue": 1843700000.0,
        "EBITDA": 1059400000.0,
        "EBIT": 753900000.0,
        "Net Interest Income": -172200000.0,
        "Interest Expense": 172200000.0,
        "Normalized Income": 507800000.0,
        "Net Income From Continuing And Discontinued Operation": 507800000.0,
        "Total Expenses": 2218800000.0,
        "Total Operating Income As Reported": 669300000.0,
        "Diluted Average Shares": 315900000.0,
        "Basic Average Shares": 315400000.0,
        "Diluted EPS": 1.61,
        "Basic EPS": 1.61,
        "Diluted NI Availto Com Stockholders": 507500000.0,
        "Net Income Common Stockholders": 507500000.0,
        "Preferred Stock Dividends": 300000.0,
        "Net Income": 507800000.0,
        "Minority Interests": 200000.0,
        "Net Income Including Noncontrolling Interests": 507600000.0,
        "Net Income Continuous Operations": 507600000.0,
        "Tax Provision": 74100000.0,
        "Pretax Income": 581700000.0,
        "Other Income Expense": 84600000.0,
        "Other Non Operating Income Expenses": 40800000.0,
        "Special Income Charges": NaN,
        "Earnings From Equity Interest": 43800000.0,
        "Net Non Operating Interest Income Expense": -172200000.0,
        "Interest Expense Non Operating": 172200000.0,
        "Operating Income": 669300000.0,
        "Operating Expense": 375100000.0,
        "Other Taxes": 69600000.0,
        "Depreciation Amortization Depletion Income Statement": 305500000.0,
        "Depreciation And Amortization In Income Statement": 305500000.0,
        "Gross Profit": 1044400000.0,
        "Cost Of Revenue": 1843700000.0,
        "Total Revenue": 2888100000.0,
        "Operating Revenue": 2888100000.0
    },
    "2022-12-31": {
        "Tax Effect Of Unusual Items": 0.0,
        "Tax Rate For Calcs": 0.189589,
        "Normalized EBITDA": 746000000.0,
        "Total Unusual Items": 0.0,
        "Total Unusual Items Excluding Goodwill": 0.0,
        "Net Income From Continuing Operation Net Minority Interest": 253000000.0,
        "Reconciled Depreciation": 284600000.0,
        "Reconciled Cost Of Revenue": 1815700000.0,
        "EBITDA": 746000000.0,
        "EBIT": 461400000.0,
        "Net Interest Income": -150200000.0,
        "Interest Expense": 150200000.0,
        "Normalized Income": 253000000.0,
        "Net Income From Continuing And Discontinued Operation": 253000000.0,
        "Total Expenses": 2178000000.0,
        "Total Operating Income As Reported": 380400000.0,
        "Diluted Average Shares": 315900000.0,
        "Basic Average Shares": 315400000.0,
        "Diluted EPS": 0.8,
        "Basic EPS": 0.8,
        "Diluted NI Availto Com Stockholders": 252700000.0,
        "Net Income Common Stockholders": 252700000.0,
        "Preferred Stock Dividends": 300000.0,
        "Net Income": 253000000.0,
        "Minority Interests": 800000.0,
        "Net Income Including Noncontrolling Interests": 252200000.0,
        "Net Income Continuous Operations": 252200000.0,
        "Tax Provision": 59000000.0,
        "Pretax Income": 311200000.0,
        "Other Income Expense": 81000000.0,
        "Other Non Operating Income Expenses": 34700000.0,
        "Special Income Charges": 0.0,
        "Earnings From Equity Interest": 46300000.0,
        "Net Non Operating Interest Income Expense": -150200000.0,
        "Interest Expense Non Operating": 150200000.0,
        "Operating Income": 380400000.0,
        "Operating Expense": 362300000.0,
        "Other Taxes": 77700000.0,
        "Depreciation Amortization Depletion Income Statement": 284600000.0,
        "Depreciation And Amortization In Income Statement": 284600000.0,
        "Gross Profit": 742700000.0,
        "Cost Of Revenue": 1815700000.0,
        "Total Revenue": 2558400000.0,
        "Operating Revenue": 2558400000.0
    },
    "2022-09-30": {
        "Tax Effect Of Unusual Items": 0.0,
        "Tax Rate For Calcs": 0.195681,
        "Normalized EBITDA": 782900000.0,
        "Total Unusual Items": NaN,
        "Total Unusual Items Excluding Goodwill": NaN,
        "Net Income From Continuing Operation Net Minority Interest": 302300000.0,
        "Reconciled Depreciation": 280300000.0,
        "Reconciled Cost Of Revenue": 1259400000.0,
        "EBITDA": 782900000.0,
        "EBIT": 502600000.0,
        "Net Interest Income": -127500000.0,
        "Interest Expense": 127500000.0,
        "Normalized Income": 302300000.0,
        "Net Income From Continuing And Discontinued Operation": 302300000.0,
        "Total Expenses": 1598800000.0,
        "Total Operating Income As Reported": 404200000.0,
        "Diluted Average Shares": 316200000.0,
        "Basic Average Shares": 315400000.0,
        "Diluted EPS": 0.96,
        "Basic EPS": 0.96,
        "Diluted NI Availto Com Stockholders": 302000000.0,
        "Net Income Common Stockholders": 302000000.0,
        "Preferred Stock Dividends": 300000.0,
        "Net Income": 302300000.0,
        "Minority Interests": 600000.0,
        "Net Income Including Noncontrolling Interests": 301700000.0,
        "Net Income Continuous Operations": 301700000.0,
        "Tax Provision": 73400000.0,
        "Pretax Income": 375100000.0,
        "Other Income Expense": 98400000.0,
        "Other Non Operating Income Expenses": 34700000.0,
        "Special Income Charges": NaN,
        "Earnings From Equity Interest": 63700000.0,
        "Net Non Operating Interest Income Expense": -127500000.0,
        "Interest Expense Non Operating": 127500000.0,
        "Operating Income": 404200000.0,
        "Operating Expense": 339400000.0,
        "Other Taxes": 59100000.0,
        "Depreciation Amortization Depletion Income Statement": 280300000.0,
        "Depreciation And Amortization In Income Statement": 280300000.0,
        "Gross Profit": 743600000.0,
        "Cost Of Revenue": 1259400000.0,
        "Total Revenue": 2003000000.0,
        "Operating Revenue": 2003000000.0
    },
    "2022-06-30": {
        "Tax Effect Of Unusual Items": 0.0,
        "Tax Rate For Calcs": 0.180524,
        "Normalized EBITDA": 750600000.0,
        "Total Unusual Items": NaN,
        "Total Unusual Items Excluding Goodwill": NaN,
        "Net Income From Continuing Operation Net Minority Interest": 287800000.0,
        "Reconciled Depreciation": 279600000.0,
        "Reconciled Cost Of Revenue": 1384000000.0,
        "EBITDA": 750600000.0,
        "EBIT": 471000000.0,
        "Net Interest Income": -119800000.0,
        "Interest Expense": 119800000.0,
        "Normalized Income": 287800000.0,
        "Net Income From Continuing And Discontinued Operation": 287800000.0,
        "Total Expenses": 1719700000.0,
        "Total Operating Income As Reported": 408200000.0,
        "Diluted Average Shares": 316200000.0,
        "Basic Average Shares": 315400000.0,
        "Diluted EPS": 0.91,
        "Basic EPS": 0.91,
        "Diluted NI Availto Com Stockholders": 287500000.0,
        "Net Income Common Stockholders": 287500000.0,
        "Preferred Stock Dividends": 300000.0,
        "Net Income": 287800000.0,
        "Minority Interests": 0.0,
        "Net Income Including Noncontrolling Interests": 287800000.0,
        "Net Income Continuous Operations": 287800000.0,
        "Tax Provision": 63400000.0,
        "Pretax Income": 351200000.0,
        "Other Income Expense": 62800000.0,
        "Other Non Operating Income Expenses": 19800000.0,
        "Special Income Charges": NaN,
        "Earnings From Equity Interest": 43000000.0,
        "Net Non Operating Interest Income Expense": -119800000.0,
        "Interest Expense Non Operating": 119800000.0,
        "Operating Income": 408200000.0,
        "Operating Expense": 335700000.0,
        "Other Taxes": 56100000.0,
        "Depreciation Amortization Depletion Income Statement": 279600000.0,
        "Depreciation And Amortization In Income Statement": 279600000.0,
        "Gross Profit": 743900000.0,
        "Cost Of Revenue": 1384000000.0,
        "Total Revenue": 2127900000.0,
        "Operating Revenue": 2127900000.0
    },
    "2023-06-30": {
        "Tax Effect Of Unusual Items": 0.0,
        "Tax Rate For Calcs": 0.143279,
        "Normalized EBITDA": 831100000.0,
        "Total Unusual Items": NaN,
        "Total Unusual Items Excluding Goodwill": NaN,
        "Net Income From Continuing Operation Net Minority Interest": 290000000.0,
        "Reconciled Depreciation": 313900000.0,
        "Reconciled Cost Of Revenue": 1029000000.0,
        "EBITDA": 831100000.0,
        "EBIT": 517200000.0,
        "Net Interest Income": -178700000.0,
        "Interest Expense": 178700000.0,
        "Normalized Income": 290000000.0,
        "Net Income From Continuing And Discontinued Operation": 290000000.0,
        "Total Expenses": 1404700000.0,
        "Total Operating Income As Reported": 425300000.0,
        "Diluted Average Shares": 315900000.0,
        "Basic Average Shares": 315400000.0,
        "Diluted EPS": 0.92,
        "Basic EPS": 0.92,
        "Diluted NI Availto Com Stockholders": 289700000.0,
        "Net Income Common Stockholders": 289700000.0,
        "Preferred Stock Dividends": 300000.0,
        "Net Income": 290000000.0,
        "Minority Interests": 0.0,
        "Net Income Including Noncontrolling Interests": 290000000.0,
        "Net Income Continuous Operations": 290000000.0,
        "Tax Provision": 48500000.0,
        "Pretax Income": 338500000.0,
        "Other Income Expense": 91900000.0,
        "Other Non Operating Income Expenses": 48300000.0,
        "Special Income Charges": NaN,
        "Earnings From Equity Interest": 43600000.0,
        "Net Non Operating Interest Income Expense": -178700000.0,
        "Interest Expense Non Operating": 178700000.0,
        "Operating Income": 425300000.0,
        "Operating Expense": 375700000.0,
        "Other Taxes": 61800000.0,
        "Depreciation Amortization Depletion Income Statement": 313900000.0,
        "Depreciation And Amortization In Income Statement": 313900000.0,
        "Gross Profit": 801000000.0,
        "Cost Of Revenue": 1029000000.0,
        "Total Revenue": 1830000000.0,
        "Operating Revenue": 1830000000.0
    },
    "2022-03-31": {
        "Diluted EPS": 1.79,
        "Total Revenue": NaN,
        "Gross Profit": NaN,
        "Operating Income": 731,
        "EBIT": NaN,
        "Net Income": 566
    },
    "2021-12-31": {
        "Diluted EPS": 0.71,
        "Total Revenue": NaN,
        "Gross Profit": NaN,
        "Operating Income": 327,
        "EBIT": 602,
        "Net Income": 224
    },
    "2021-09-30": {
        "Diluted EPS": 0.92,
        "Total Revenue": NaN,
        "Gross Profit": NaN,
        "Operating Income": 390,
        "EBIT": 662,
        "Net Income": 290
    },
    "2021-06-30": {
        "Diluted EPS": 0.87,
        "Total Revenue": NaN,
        "Gross Profit": NaN,
        "Operating Income": 369,
        "EBIT": 635,
        "Net Income": 276
    },
    "2021-03-31": {
        "Diluted EPS": 1.61,
        "Total Revenue": NaN,
        "Gross Profit": NaN,
        "Operating Income": 629,
        "EBIT": 891,
        "Net Income": 510
    },
    "2020-12-31": {
        "Diluted EPS": 0.76,
        "Total Revenue": NaN,
        "Gross Profit": NaN,
        "Operating Income": 371,
        "EBIT": 620,
        "Net Income": 239
    },
    "2020-09-30": {
        "Diluted EPS": 0.84,
        "Total Revenue": NaN,
        "Gross Profit": NaN,
        "Operating Income": 370,
        "EBIT": 615,
        "Net Income": 267
    },
    "2020-06-30": {
        "Diluted EPS": 0.76,
        "Total Revenue": NaN,
        "Gross Profit": NaN,
        "Operating Income": 339,
        "EBIT": 581,
        "Net Income": 242
    },
    "2020-03-31": {
        "Diluted EPS": 1.43,
        "Total Revenue": NaN,
        "Gross Profit": NaN,
        "Operating Income": 627,
        "EBIT": 866,
        "Net Income": 453
    },
    "2019-12-31": {
        "Diluted EPS": 0.77,
        "Total Revenue": NaN,
        "Gross Profit": NaN,
        "Operating Income": 363,
        "EBIT": 599,
        "Net Income": 244
    },
    "2019-09-30": {
        "Diluted EPS": 0.74,
        "Total Revenue": NaN,
        "Gross Profit": NaN,
        "Operating Income": 311,
        "EBIT": 545,
        "Net Income": 234
    },
    "2019-06-30": {
        "Diluted EPS": 0.74,
        "Total Revenue": NaN,
        "Gross Profit": NaN,
        "Operating Income": 315,
        "EBIT": 545,
        "Net Income": 236
    },
    "2019-03-31": {
        "Diluted EPS": 1.33,
        "Total Revenue": NaN,
        "Gross Profit": NaN,
        "Operating Income": 543,
        "EBIT": 769,
        "Net Income": 420
    },
    "2018-12-31": {
        "Diluted EPS": 0.64,
        "Total Revenue": NaN,
        "Gross Profit": NaN,
        "Operating Income": 290,
        "EBIT": 508,
        "Net Income": 205
    },
    "2018-09-30": {
        "Diluted EPS": 0.74,
        "Total Revenue": NaN,
        "Gross Profit": NaN,
        "Operating Income": 303,
        "EBIT": 516,
        "Net Income": 233
    },
    "2018-06-30": {
        "Diluted EPS": 0.73,
        "Total Revenue": NaN,
        "Gross Profit": NaN,
        "Operating Income": 331,
        "EBIT": 538,
        "Net Income": 231
    },
    "2018-03-31": {
        "Diluted EPS": 1.23,
        "Total Revenue": NaN,
        "Gross Profit": NaN,
        "Operating Income": 545,
        "EBIT": 754,
        "Net Income": 390
    },
    "2017-12-31": {
        "Diluted EPS": 1.36,
        "Total Revenue": NaN,
        "Gross Profit": NaN,
        "Operating Income": 407,
        "EBIT": 612,
        "Net Income": 433
    },
    "2017-09-30": {
        "Diluted EPS": 0.68,
        "Total Revenue": NaN,
        "Gross Profit": NaN,
        "Operating Income": 392,
        "EBIT": 593,
        "Net Income": 215
    },
    "2017-06-30": {
        "Diluted EPS": 0.63,
        "Total Revenue": NaN,
        "Gross Profit": NaN,
        "Operating Income": 362,
        "EBIT": 560,
        "Net Income": 199
    },
    "2017-03-31": {
        "Diluted EPS": 1.12,
        "Total Revenue": NaN,
        "Gross Profit": NaN,
        "Operating Income": 615,
        "EBIT": 809,
        "Net Income": 357
    },
    "2016-12-31": {
        "Diluted EPS": 0.62,
        "Total Revenue": NaN,
        "Gross Profit": NaN,
        "Operating Income": 376,
        "EBIT": 557,
        "Net Income": 194
    },
    "2016-09-30": {
        "Diluted EPS": 0.68,
        "Total Revenue": NaN,
        "Gross Profit": NaN,
        "Operating Income": 399,
        "EBIT": 595,
        "Net Income": 217
    },
    "2016-06-30": {
        "Diluted EPS": 0.57,
        "Total Revenue": NaN,
        "Gross Profit": NaN,
        "Operating Income": 332,
        "EBIT": 526,
        "Net Income": 181
    },
    "2016-03-31": {
        "Diluted EPS": 1.09,
        "Total Revenue": NaN,
        "Gross Profit": NaN,
        "Operating Income": 589,
        "EBIT": 781,
        "Net Income": 346
    },
    "2015-12-31": {
        "Diluted EPS": 0.55,
        "Total Revenue": NaN,
        "Gross Profit": NaN,
        "Operating Income": 380,
        "EBIT": 573,
        "Net Income": 179
    },
    "2015-09-30": {
        "Diluted EPS": 0.58,
        "Total Revenue": NaN,
        "Gross Profit": NaN,
        "Operating Income": 346,
        "EBIT": 522,
        "Net Income": 183
    },
    "2015-06-30": {
        "Diluted EPS": 0.35,
        "Total Revenue": 991,
        "Gross Profit": 638,
        "Operating Income": 166,
        "EBIT": 274,
        "Net Income": 81
    },
    "2015-03-31": {
        "Diluted EPS": 0.86,
        "Total Revenue": NaN,
        "Gross Profit": 774,
        "Operating Income": 359,
        "EBIT": 466,
        "Net Income": 196
    },
    "2014-12-31": {
        "Diluted EPS": 0.54,
        "Total Revenue": NaN,
        "Gross Profit": 702,
        "Operating Income": 244,
        "EBIT": 348,
        "Net Income": 121
    },
    "2014-09-30": {
        "Diluted EPS": 0.56,
        "Total Revenue": NaN,
        "Gross Profit": 626,
        "Operating Income": 246,
        "EBIT": 353,
        "Net Income": 126
    },
    "2014-06-30": {
        "Diluted EPS": 0.58,
        "Total Revenue": NaN,
        "Gross Profit": 625,
        "Operating Income": 241,
        "EBIT": 344,
        "Net Income": 133
    },
    "2014-03-31": {
        "Diluted EPS": 0.91,
        "Total Revenue": NaN,
        "Gross Profit": 785,
        "Operating Income": 382,
        "EBIT": 486,
        "Net Income": 208
    },
    "2013-12-31": {
        "Diluted EPS": 0.63,
        "Total Revenue": NaN,
        "Gross Profit": 684,
        "Operating Income": 272,
        "EBIT": 370,
        "Net Income": 144
    },
    "2013-09-30": {
        "Diluted EPS": 0.6,
        "Total Revenue": NaN,
        "Gross Profit": 653,
        "Operating Income": 258,
        "EBIT": 358,
        "Net Income": 138
    },
    "2013-06-30": {
        "Diluted EPS": 0.52,
        "Total Revenue": NaN,
        "Gross Profit": 621,
        "Operating Income": 230,
        "EBIT": 329,
        "Net Income": 119
    },
    "2013-03-31": {
        "Diluted EPS": 0.76,
        "Total Revenue": NaN,
        "Gross Profit": 734,
        "Operating Income": 321,
        "EBIT": 419,
        "Net Income": 177
    },
    "2012-12-31": {
        "Diluted EPS": 0.43,
        "Total Revenue": NaN,
        "Gross Profit": 644,
        "Operating Income": 201,
        "EBIT": 295,
        "Net Income": 99
    },
    "2012-09-30": {
        "Diluted EPS": 0.67,
        "Total Revenue": NaN,
        "Gross Profit": 647,
        "Operating Income": 281,
        "EBIT": 375,
        "Net Income": 156
    },
    "2012-06-30": {
        "Diluted EPS": 0.51,
        "Total Revenue": 945,
        "Gross Profit": 611,
        "Operating Income": 223,
        "EBIT": 316,
        "Net Income": 119
    },
    "2012-03-31": {
        "Diluted EPS": 0.74,
        "Total Revenue": NaN,
        "Gross Profit": 700,
        "Operating Income": 296,
        "EBIT": 386,
        "Net Income": 172
    },
    "2011-12-31": {
        "Diluted EPS": 0.51,
        "Total Revenue": NaN,
        "Gross Profit": 653,
        "Operating Income": 193,
        "EBIT": 281,
        "Net Income": 116
    },
    "2011-09-30": {
        "Diluted EPS": 0.55,
        "Total Revenue": NaN,
        "Gross Profit": 633,
        "Operating Income": 224,
        "EBIT": 304,
        "Net Income": 130
    },
    "2011-06-30": {
        "Diluted EPS": 0.46,
        "Total Revenue": 992,
        "Gross Profit": 584,
        "Operating Income": 174,
        "EBIT": 259,
        "Net Income": 110
    },
    "2011-03-31": {
        "Diluted EPS": 0.72,
        "Total Revenue": NaN,
        "Gross Profit": 719,
        "Operating Income": 296,
        "EBIT": 380,
        "Net Income": 171
    },
    "2010-12-31": {
        "Diluted EPS": 0.54,
        "Total Revenue": NaN,
        "Gross Profit": 629,
        "Operating Income": 216,
        "EBIT": 249,
        "Net Income": 126
    },
    "2010-09-30": {
        "Diluted EPS": 0.47,
        "Total Revenue": 973,
        "Gross Profit": 570,
        "Operating Income": 203,
        "EBIT": 228,
        "Net Income": 112
    },
    "2010-06-30": {
        "Diluted EPS": 0.37,
        "Total Revenue": 891,
        "Gross Profit": 537,
        "Operating Income": 163,
        "EBIT": 202,
        "Net Income": 89
    },
    "2010-03-31": {
        "Diluted EPS": 0.55,
        "Total Revenue": NaN,
        "Gross Profit": 615,
        "Operating Income": 228,
        "EBIT": 251,
        "Net Income": 130
    },
    "2009-12-31": {
        "Diluted EPS": 0.5,
        "Total Revenue": NaN,
        "Gross Profit": 561,
        "Operating Income": 195,
        "EBIT": 220,
        "Net Income": 119
    },
    "2009-09-30": {
        "Diluted EPS": 0.25,
        "Total Revenue": 816,
        "Gross Profit": 460,
        "Operating Income": 104,
        "EBIT": 137,
        "Net Income": 59
    },
    "2009-06-30": {
        "Diluted EPS": 0.27,
        "Total Revenue": 836,
        "Gross Profit": 481,
        "Operating Income": 118,
        "EBIT": 154,
        "Net Income": 64
    },
    "2009-03-31": {
        "Diluted EPS": 0.6,
        "Total Revenue": NaN,
        "Gross Profit": 627,
        "Operating Income": 243,
        "EBIT": 266,
        "Net Income": 142
    },
    "2023-09-30": {
        "Tax Effect Of Unusual Items": 0.0,
        "Tax Rate For Calcs": 0.160638,
        "Normalized EBITDA": 878800000.0,
        "Total Unusual Items": NaN,
        "Total Unusual Items Excluding Goodwill": NaN,
        "Net Income From Continuing Operation Net Minority Interest": 316300000.0,
        "Reconciled Depreciation": 320300000.0,
        "Reconciled Cost Of Revenue": 1104000000.0,
        "EBITDA": 878800000.0,
        "EBIT": 558500000.0,
        "Net Interest Income": -182500000.0,
        "Interest Expense": 182500000.0,
        "Normalized Income": 316300000.0,
        "Net Income From Continuing And Discontinued Operation": 316300000.0,
        "Total Expenses": 1485400000.0,
        "Total Operating Income As Reported": 472000000.0,
        "Diluted Average Shares": 315800000.0,
        "Basic Average Shares": 315400000.0,
        "Diluted EPS": 1.0,
        "Basic EPS": 1.0,
        "Diluted NI Availto Com Stockholders": 316000000.0,
        "Net Income Common Stockholders": 316000000.0,
        "Preferred Stock Dividends": 300000.0,
        "Net Income": 316300000.0,
        "Minority Interests": 700000.0,
        "Net Income Including Noncontrolling Interests": 315600000.0,
        "Net Income Continuous Operations": 315600000.0,
        "Tax Provision": 60400000.0,
        "Pretax Income": 376000000.0,
        "Other Income Expense": 86500000.0,
        "Other Non Operating Income Expenses": 41800000.0,
        "Special Income Charges": NaN,
        "Earnings From Equity Interest": 44700000.0,
        "Net Non Operating Interest Income Expense": -182500000.0,
        "Interest Expense Non Operating": 182500000.0,
        "Operating Income": 472000000.0,
        "Operating Expense": 381400000.0,
        "Other Taxes": 61100000.0,
        "Depreciation Amortization Depletion Income Statement": 320300000.0,
        "Depreciation And Amortization In Income Statement": 320300000.0,
        "Gross Profit": 853400000.0,
        "Cost Of Revenue": 1104000000.0,
        "Total Revenue": 1957400000.0,
        "Operating Revenue": 1957400000.0
    }
}