{
    "2023-03-31": {
        "Tax Effect Of Unusual Items": NaN,
        "Tax Rate For Calcs": NaN,
        "Total Unusual Items": NaN,
        "Total Unusual Items Excluding Goodwill": NaN,
        "Net Income From Continuing Operation Net Minority Interest": NaN,
        "Reconciled Depreciation": NaN,
        "Net Interest Income": NaN,
        "Interest Expense": NaN,
        "Interest Income": NaN,
        "Normalized Income": NaN,
        "Net Income From Continuing And Discontinued Operation": NaN,
        "Rent Expense Supplemental": NaN,
        "Diluted Average Shares": 242572186.0,
        "Basic Average Shares": 242572186.0,
        "Diluted EPS": 3642.0,
        "Basic EPS": 3642.0,
        "Diluted NI Availto Com Stockholders": NaN,
        "Net Income Common Stockholders": NaN,
        "Otherunder Preferred Stock Dividend": NaN,
        "Net Income": NaN,
        "Minority Interests": NaN,
        "Net Income Including Noncontrolling Interests": NaN,
        "Net Income Continuous Operations": NaN,
        "Tax Provision": NaN,
        "Pretax Income": NaN,
        "Other Non Operating Income Expenses": NaN,
        "Special Income Charges": NaN,
        "Gain On Sale Of Business": NaN,
        "Other Special Charges": NaN,
        "Impairment Of Capital Assets": NaN,
        "Gain On Sale Of Security": NaN,
        "Depreciation Amortization Depletion Income Statement": NaN,
        "Depreciation And Amortization In Income Statement": NaN,
        "Depreciation Income Statement": NaN,
        "Selling General And Administration": NaN,
        "Selling And Marketing Expense": NaN,
        "General And Administrative Expense": NaN,
        "Other Gand A": NaN,
        "Insurance And Claims": NaN,
        "Rent And Landing Fees": NaN,
        "Salaries And Wages": NaN,
        "Total Revenue": NaN,
        "Operating Revenue": NaN,
        "Other Non Interest Expense": NaN
    },
    "2022-12-31": {
        "Tax Effect Of Unusual Items": -3395345599.411713,
        "Tax Rate For Calcs": 0.271736,
        "Total Unusual Items": -12495000000.0,
        "Total Unusual Items Excluding Goodwill": -12495000000.0,
        "Net Income From Continuing Operation Net Minority Interest": 525027000000.0,
        "Reconciled Depreciation": 246968000000.0,
        "Net Interest Income": 2348931000000.0,
        "Interest Expense": 2267302000000.0,
        "Interest Income": 4616233000000.0,
        "Normalized Income": 534126654400.58826,
        "Net Income From Continuing And Discontinued Operation": 525027000000.0,
        "Rent Expense Supplemental": 11782000000.0,
        "Diluted Average Shares": NaN,
        "Basic Average Shares": NaN,
        "Diluted EPS": NaN,
        "Basic EPS": NaN,
        "Diluted NI Availto Com Stockholders": 496871000000.0,
        "Net Income Common Stockholders": 496871000000.0,
        "Otherunder Preferred Stock Dividend": 28156000000.0,
        "Net Income": 525027000000.0,
        "Minority Interests": -51358000000.0,
        "Net Income Including Noncontrolling Interests": 576385000000.0,
        "Net Income Continuous Operations": 576385000000.0,
        "Tax Provision": 215066000000.0,
        "Pretax Income": 791451000000.0,
        "Other Non Operating Income Expenses": 42283000000.0,
        "Special Income Charges": -12495000000.0,
        "Gain On Sale Of Business": -3574000000.0,
        "Other Special Charges": 9225000000.0,
        "Impairment Of Capital Assets": -304000000.0,
        "Gain On Sale Of Security": -542090000000.0,
        "Depreciation Amortization Depletion Income Statement": 135307000000.0,
        "Depreciation And Amortization In Income Statement": 135307000000.0,
        "Depreciation Income Statement": 135307000000.0,
        "Selling General And Administration": 1534273000000.0,
        "Selling And Marketing Expense": 90243000000.0,
        "General And Administrative Expense": 1444030000000.0,
        "Other Gand A": 205101000000.0,
        "Insurance And Claims": 121573000000.0,
        "Rent And Landing Fees": 11782000000.0,
        "Salaries And Wages": 1105574000000.0,
        "Total Revenue": 3049673000000.0,
        "Operating Revenue": 3049673000000.0
    },
    "2022-09-30": {
        "Tax Effect Of Unusual Items": NaN,
        "Tax Rate For Calcs": NaN,
        "Total Unusual Items": NaN,
        "Total Unusual Items Excluding Goodwill": NaN,
        "Net Income From Continuing Operation Net Minority Interest": NaN,
        "Reconciled Depreciation": NaN,
        "Net Interest Income": NaN,
        "Interest Expense": NaN,
        "Interest Income": NaN,
        "Normalized Income": NaN,
        "Net Income From Continuing And Discontinued Operation": NaN,
        "Rent Expense Supplemental": NaN,
        "Diluted Average Shares": 242666667.0,
        "Basic Average Shares": 242666667.0,
        "Diluted EPS": 3618.0,
        "Basic EPS": 3618.0,
        "Diluted NI Availto Com Stockholders": NaN,
        "Net Income Common Stockholders": NaN,
        "Otherunder Preferred Stock Dividend": NaN,
        "Net Income": NaN,
        "Minority Interests": NaN,
        "Net Income Including Noncontrolling Interests": NaN,
        "Net Income Continuous Operations": NaN,
        "Tax Provision": NaN,
        "Pretax Income": NaN,
        "Other Non Operating Income Expenses": NaN,
        "Special Income Charges": NaN,
        "Gain On Sale Of Business": NaN,
        "Other Special Charges": NaN,
        "Impairment Of Capital Assets": NaN,
        "Gain On Sale Of Security": NaN,
        "Depreciation Amortization Depletion Income Statement": NaN,
        "Depreciation And Amortization In Income Statement": NaN,
        "Depreciation Income Statement": NaN,
        "Selling General And Administration": NaN,
        "Selling And Marketing Expense": NaN,
        "General And Administrative Expense": NaN,
        "Other Gand A": NaN,
        "Insurance And Claims": NaN,
        "Rent And Landing Fees": NaN,
        "Salaries And Wages": NaN,
        "Total Revenue": NaN,
        "Operating Revenue": NaN
    },
    "2022-06-30": {
        "Tax Effect Of Unusual Items": 7426144262.430977,
        "Tax Rate For Calcs": 0.24255,
        "Total Unusual Items": 30617000000.0,
        "Total Unusual Items Excluding Goodwill": 30617000000.0,
        "Net Income From Continuing Operation Net Minority Interest": 922746000000.0,
        "Reconciled Depreciation": 231030000000.0,
        "Net Interest Income": 2115656000000.0,
        "Interest Expense": 1157001000000.0,
        "Interest Income": 3272657000000.0,
        "Normalized Income": 899555144262.431,
        "Net Income From Continuing And Discontinued Operation": 922746000000.0,
        "Rent Expense Supplemental": 20702000000.0,
        "Diluted Average Shares": 242666667.0,
        "Basic Average Shares": 242666667.0,
        "Diluted EPS": 3711.0,
        "Basic EPS": 3711.0,
        "Diluted NI Availto Com Stockholders": 900521000000.0,
        "Net Income Common Stockholders": 900521000000.0,
        "Otherunder Preferred Stock Dividend": 22225000000.0,
        "Net Income": 922746000000.0,
        "Minority Interests": -64086000000.0,
        "Net Income Including Noncontrolling Interests": 986832000000.0,
        "Net Income Continuous Operations": 986832000000.0,
        "Tax Provision": 316002000000.0,
        "Pretax Income": 1302834000000.0,
        "Other Non Operating Income Expenses": 42121000000.0,
        "Special Income Charges": 30617000000.0,
        "Gain On Sale Of Business": 2257000000.0,
        "Other Special Charges": -28469000000.0,
        "Impairment Of Capital Assets": 109000000.0,
        "Gain On Sale Of Security": 317060000000.0,
        "Depreciation Amortization Depletion Income Statement": 132507000000.0,
        "Depreciation And Amortization In Income Statement": 132507000000.0,
        "Depreciation Income Statement": 132507000000.0,
        "Selling General And Administration": 901963000000.0,
        "Selling And Marketing Expense": 34619000000.0,
        "General And Administrative Expense": 867344000000.0,
        "Other Gand A": 157561000000.0,
        "Insurance And Claims": 102986000000.0,
        "Rent And Landing Fees": 20702000000.0,
        "Salaries And Wages": 586095000000.0,
        "Total Revenue": 2881126000000.0,
        "Operating Revenue": 2881126000000.0
    },
    "2023-06-30": {
        "Tax Effect Of Unusual Items": 6128493017.631278,
        "Tax Rate For Calcs": 0.240286,
        "Total Unusual Items": 25505000000.0,
        "Total Unusual Items Excluding Goodwill": 25505000000.0,
        "Net Income From Continuing Operation Net Minority Interest": 625190000000.0,
        "Reconciled Depreciation": 243031000000.0,
        "Net Interest Income": 2194172000000.0,
        "Interest Expense": 2854567000000.0,
        "Interest Income": 5048739000000.0,
        "Normalized Income": 605813493017.6312,
        "Net Income From Continuing And Discontinued Operation": 625190000000.0,
        "Rent Expense Supplemental": 29682000000.0,
        "Diluted Average Shares": 242666667.0,
        "Basic Average Shares": 242666667.0,
        "Diluted EPS": 2442.0,
        "Basic EPS": 2442.0,
        "Diluted NI Availto Com Stockholders": 592452000000.0,
        "Net Income Common Stockholders": 592452000000.0,
        "Otherunder Preferred Stock Dividend": 32738000000.0,
        "Net Income": 625190000000.0,
        "Minority Interests": -42000000000.0,
        "Net Income Including Noncontrolling Interests": 667190000000.0,
        "Net Income Continuous Operations": 667190000000.0,
        "Tax Provision": 211022000000.0,
        "Pretax Income": 878212000000.0,
        "Other Non Operating Income Expenses": -101436000000.0,
        "Special Income Charges": 25505000000.0,
        "Gain On Sale Of Business": 22985000000.0,
        "Other Special Charges": -2400000000.0,
        "Impairment Of Capital Assets": -120000000.0,
        "Gain On Sale Of Security": 161876000000.0,
        "Depreciation Amortization Depletion Income Statement": 126358000000.0,
        "Depreciation And Amortization In Income Statement": 126358000000.0,
        "Depreciation Income Statement": 126358000000.0,
        "Selling General And Administration": 950591000000.0,
        "Selling And Marketing Expense": 41655000000.0,
        "General And Administrative Expense": 908936000000.0,
        "Other Gand A": 139460000000.0,
        "Insurance And Claims": 118386000000.0,
        "Rent And Landing Fees": 29682000000.0,
        "Salaries And Wages": 621408000000.0,
        "Total Revenue": 2890531000000.0,
        "Operating Revenue": 2890531000000.0,
        "Other Non Interest Expense": 384931000000.0
    },
    "2023-09-30": {
        "Tax Effect Of Unusual Items": -1177808002.861774,
        "Tax Rate For Calcs": 0.26361,
        "Total Unusual Items": -4468000000.0,
        "Total Unusual Items Excluding Goodwill": -4468000000.0,
        "Net Income From Continuing Operation Net Minority Interest": 899306000000.0,
        "Reconciled Depreciation": 117705000000.0,
        "Net Interest Income": 2186954000000.0,
        "Interest Expense": 3052318000000.0,
        "Interest Income": 5239272000000.0,
        "Normalized Income": 902596191997.1382,
        "Net Income From Continuing And Discontinued Operation": 899306000000.0,
        "Rent Expense Supplemental": 38848000000.0,
        "Diluted Average Shares": 246000000.0,
        "Basic Average Shares": 246000000.0,
        "Diluted EPS": 3522.0,
        "Basic EPS": 3522.0,
        "Diluted NI Availto Com Stockholders": 866567000000.0,
        "Net Income Common Stockholders": 866567000000.0,
        "Otherunder Preferred Stock Dividend": 32739000000.0,
        "Net Income": 899306000000.0,
        "Minority Interests": -18810000000.0,
        "Net Income Including Noncontrolling Interests": 918116000000.0,
        "Net Income Continuous Operations": 918116000000.0,
        "Tax Provision": 328663000000.0,
        "Pretax Income": 1246779000000.0,
        "Other Non Operating Income Expenses": -532000000.0,
        "Special Income Charges": -4468000000.0,
        "Gain On Sale Of Business": 9493000000.0,
        "Other Special Charges": 13899000000.0,
        "Impairment Of Capital Assets": 62000000.0,
        "Gain On Sale Of Security": 384351000000.0,
        "Depreciation Amortization Depletion Income Statement": 117705000000.0,
        "Depreciation And Amortization In Income Statement": 117705000000.0,
        "Depreciation Income Statement": 117705000000.0,
        "Selling General And Administration": 957426000000.0,
        "Selling And Marketing Expense": 50669000000.0,
        "General And Administrative Expense": 906757000000.0,
        "Other Gand A": 151702000000.0,
        "Insurance And Claims": 121034000000.0,
        "Rent And Landing Fees": 38848000000.0,
        "Salaries And Wages": 595173000000.0,
        "Total Revenue": 2924195000000.0,
        "Operating Revenue": 2924195000000.0,
        "Other Non Interest Expense": 366466000000.0
    },
    "2023-12-31": {
        "Tax Effect Of Unusual Items": -8404290533.072433,
        "Tax Rate For Calcs": 0.222489,
        "Total Unusual Items": -37774000000.0,
        "Total Unusual Items Excluding Goodwill": -37774000000.0,
        "Net Income From Continuing Operation Net Minority Interest": 68114000000.0,
        "Reconciled Depreciation": 131582000000.0,
        "Net Interest Income": 2142593000000.0,
        "Interest Expense": 3281812000000.0,
        "Interest Income": 5424405000000.0,
        "Normalized Income": 97483709466.92757,
        "Net Income From Continuing And Discontinued Operation": 68114000000.0,
        "Rent Expense Supplemental": 27031000000.0,
        "Diluted Average Shares": NaN,
        "Basic Average Shares": NaN,
        "Diluted EPS": NaN,
        "Basic EPS": NaN,
        "Diluted NI Availto Com Stockholders": 32858000000.0,
        "Net Income Common Stockholders": 32858000000.0,
        "Otherunder Preferred Stock Dividend": 35256000000.0,
        "Net Income": 68114000000.0,
        "Minority Interests": -26852000000.0,
        "Net Income Including Noncontrolling Interests": 94966000000.0,
        "Net Income Continuous Operations": 94966000000.0,
        "Tax Provision": 27175000000.0,
        "Pretax Income": 122141000000.0,
        "Other Non Operating Income Expenses": 9234000000.0,
        "Special Income Charges": -37774000000.0,
        "Gain On Sale Of Business": 57000000.0,
        "Other Special Charges": 37737000000.0,
        "Impairment Of Capital Assets": 94000000.0,
        "Gain On Sale Of Security": -242605000000.0,
        "Depreciation Amortization Depletion Income Statement": 131582000000.0,
        "Depreciation And Amortization In Income Statement": 131582000000.0,
        "Depreciation Income Statement": 131582000000.0,
        "Selling General And Administration": 1336884000000.0,
        "Selling And Marketing Expense": 95799000000.0,
        "General And Administrative Expense": 1241085000000.0,
        "Other Gand A": 184210000000.0,
        "Insurance And Claims": 123420000000.0,
        "Rent And Landing Fees": 27031000000.0,
        "Salaries And Wages": 906424000000.0,
        "Total Revenue": 3012881000000.0,
        "Operating Revenue": 3012881000000.0,
        "Other Non Interest Expense": 590209000000.0
    },
    "2024-03-31": {
        "Tax Effect Of Unusual Items": -398364000.0,
        "Tax Rate For Calcs": 0.267,
        "Total Unusual Items": -1492000000.0,
        "Total Unusual Items Excluding Goodwill": -1492000000.0,
        "Net Income From Continuing Operation Net Minority Interest": 824001000000.0,
        "Reconciled Depreciation": 275993000000.0,
        "Net Interest Income": 2198203000000.0,
        "Interest Expense": 3271298000000.0,
        "Interest Income": 5469501000000.0,
        "Normalized Income": 825094636000.0,
        "Net Income From Continuing And Discontinued Operation": 824001000000.0,
        "Rent Expense Supplemental": 31276000000.0,
        "Diluted Average Shares": 248891245.0,
        "Basic Average Shares": 248891245.0,
        "Diluted EPS": 3168.0,
        "Basic EPS": 3168.0,
        "Diluted NI Availto Com Stockholders": 788742000000.0,
        "Net Income Common Stockholders": 788742000000.0,
        "Otherunder Preferred Stock Dividend": 35259000000.0,
        "Net Income": 824001000000.0,
        "Minority Interests": -14910000000.0,
        "Net Income Including Noncontrolling Interests": 838911000000.0,
        "Net Income Continuous Operations": 838911000000.0,
        "Tax Provision": 305046000000.0,
        "Pretax Income": 1143957000000.0,
        "Other Non Operating Income Expenses": -9178000000.0,
        "Special Income Charges": -1492000000.0,
        "Gain On Sale Of Business": 303000000.0,
        "Other Special Charges": 544000000.0,
        "Impairment Of Capital Assets": 1251000000.0,
        "Gain On Sale Of Security": 617403000000.0,
        "Depreciation Amortization Depletion Income Statement": 133663000000.0,
        "Depreciation And Amortization In Income Statement": 133663000000.0,
        "Depreciation Income Statement": 133663000000.0,
        "Selling General And Administration": 968497000000.0,
        "Selling And Marketing Expense": 36306000000.0,
        "General And Administrative Expense": 932191000000.0,
        "Other Gand A": 139836000000.0,
        "Insurance And Claims": 124565000000.0,
        "Rent And Landing Fees": 31276000000.0,
        "Salaries And Wages": 636514000000.0,
        "Total Revenue": 3061025000000.0,
        "Operating Revenue": 3061025000000.0,
        "Other Non Interest Expense": 442448000000.0
    },
    "2024-06-30": {
        "Tax Effect Of Unusual Items": 385436715.956827,
        "Tax Rate For Calcs": 0.228882,
        "Total Unusual Items": 1684000000.0,
        "Total Unusual Items Excluding Goodwill": 1684000000.0,
        "Net Income From Continuing Operation Net Minority Interest": 931495000000.0,
        "Reconciled Depreciation": 288158000000.0,
        "Net Interest Income": 2196896000000.0,
        "Interest Expense": 3221479000000.0,
        "Interest Income": 5418375000000.0,
        "Normalized Income": 930196436715.9568,
        "Net Income From Continuing And Discontinued Operation": 931495000000.0,
        "Rent Expense Supplemental": 27430000000.0,
        "Diluted Average Shares": 246333333.0,
        "Basic Average Shares": 246333333.0,
        "Diluted EPS": 3618.0,
        "Basic EPS": 3618.0,
        "Diluted NI Availto Com Stockholders": 891747000000.0,
        "Net Income Common Stockholders": 891747000000.0,
        "Otherunder Preferred Stock Dividend": 39748000000.0,
        "Net Income": 931495000000.0,
        "Minority Interests": -30014000000.0,
        "Net Income Including Noncontrolling Interests": 961509000000.0,
        "Net Income Continuous Operations": 961509000000.0,
        "Tax Provision": 285393000000.0,
        "Pretax Income": 1246902000000.0,
        "Other Non Operating Income Expenses": -5119000000.0,
        "Special Income Charges": 1684000000.0,
        "Gain On Sale Of Business": -70000000.0,
        "Other Special Charges": -1842000000.0,
        "Impairment Of Capital Assets": 88000000.0,
        "Gain On Sale Of Security": 538598000000.0,
        "Depreciation Amortization Depletion Income Statement": 137993000000.0,
        "Depreciation And Amortization In Income Statement": 137993000000.0,
        "Depreciation Income Statement": 137993000000.0,
        "Selling General And Administration": 999470000000.0,
        "Selling And Marketing Expense": 53941000000.0,
        "General And Administrative Expense": 945529000000.0,
        "Other Gand A": 151338000000.0,
        "Insurance And Claims": 129520000000.0,
        "Rent And Landing Fees": 27430000000.0,
        "Salaries And Wages": 637241000000.0,
        "Total Revenue": 3286980000000.0,
        "Operating Revenue": 3286980000000.0,
        "Other Non Interest Expense": 527780000000.0
    }
}