{
    "2023-03-31": {
        "Tax Effect Of Unusual Items": 10080.0,
        "Tax Rate For Calcs": 0.21,
        "Normalized EBITDA": 336000.0,
        "Total Unusual Items": 48000.0,
        "Total Unusual Items Excluding Goodwill": 48000.0,
        "Net Income From Continuing Operation Net Minority Interest": 121000.0,
        "Reconciled Depreciation": 172000.0,
        "Reconciled Cost Of Revenue": 3124000.0,
        "EBITDA": 384000.0,
        "EBIT": 212000.0,
        "Net Interest Income": -1000.0,
        "Interest Expense": 1000.0,
        "Normalized Income": 83080.0,
        "Net Income From Continuing And Discontinued Operation": 121000.0,
        "Total Expenses": 5112000.0,
        "Total Operating Income As Reported": 155000.0,
        "Diluted Average Shares": 5799000.0,
        "Basic Average Shares": 5730000.0,
        "Diluted EPS": 0.02,
        "Basic EPS": 0.02,
        "Diluted NI Availto Com Stockholders": 121000.0,
        "Net Income Common Stockholders": 121000.0,
        "Net Income": 121000.0,
        "Net Income Including Noncontrolling Interests": 121000.0,
        "Net Income Continuous Operations": 121000.0,
        "Tax Provision": 90000.0,
        "Pretax Income": 211000.0,
        "Other Income Expense": 57000.0,
        "Other Non Operating Income Expenses": 9000.0,
        "Special Income Charges": NaN,
        "Gain On Sale Of Ppe": NaN,
        "Impairment Of Capital Assets": NaN,
        "Gain On Sale Of Security": 48000.0,
        "Net Non Operating Interest Income Expense": -1000.0,
        "Interest Expense Non Operating": 1000.0,
        "Operating Income": 155000.0,
        "Operating Expense": 1988000.0,
        "Selling General And Administration": 1988000.0,
        "Gross Profit": 2143000.0,
        "Cost Of Revenue": 3124000.0,
        "Total Revenue": 5267000.0,
        "Operating Revenue": 5267000.0
    },
    "2022-12-31": {
        "Tax Effect Of Unusual Items": NaN,
        "Tax Rate For Calcs": NaN,
        "Normalized EBITDA": NaN,
        "Total Unusual Items": NaN,
        "Total Unusual Items Excluding Goodwill": NaN,
        "Net Income From Continuing Operation Net Minority Interest": NaN,
        "Reconciled Depreciation": NaN,
        "Reconciled Cost Of Revenue": NaN,
        "EBITDA": NaN,
        "EBIT": NaN,
        "Net Interest Income": NaN,
        "Interest Expense": NaN,
        "Normalized Income": NaN,
        "Net Income From Continuing And Discontinued Operation": NaN,
        "Total Expenses": NaN,
        "Total Operating Income As Reported": NaN,
        "Diluted Average Shares": 5889000.0,
        "Basic Average Shares": 5814000.0,
        "Diluted EPS": 0.08,
        "Basic EPS": 0.08,
        "Diluted NI Availto Com Stockholders": NaN,
        "Net Income Common Stockholders": NaN,
        "Net Income": NaN,
        "Net Income Including Noncontrolling Interests": NaN,
        "Net Income Continuous Operations": NaN,
        "Tax Provision": NaN,
        "Pretax Income": NaN,
        "Other Income Expense": NaN,
        "Other Non Operating Income Expenses": NaN,
        "Special Income Charges": -8000.0,
        "Gain On Sale Of Ppe": 12000.0,
        "Impairment Of Capital Assets": NaN,
        "Gain On Sale Of Security": NaN,
        "Net Non Operating Interest Income Expense": NaN,
        "Interest Expense Non Operating": NaN,
        "Operating Income": NaN,
        "Operating Expense": NaN,
        "Selling General And Administration": NaN,
        "Gross Profit": NaN,
        "Cost Of Revenue": NaN,
        "Total Revenue": NaN,
        "Operating Revenue": NaN
    },
    "2022-09-30": {
        "Tax Effect Of Unusual Items": NaN,
        "Tax Rate For Calcs": NaN,
        "Normalized EBITDA": NaN,
        "Total Unusual Items": NaN,
        "Total Unusual Items Excluding Goodwill": NaN,
        "Net Income From Continuing Operation Net Minority Interest": NaN,
        "Reconciled Depreciation": NaN,
        "Reconciled Cost Of Revenue": NaN,
        "EBITDA": NaN,
        "EBIT": NaN,
        "Net Interest Income": NaN,
        "Interest Expense": NaN,
        "Normalized Income": NaN,
        "Net Income From Continuing And Discontinued Operation": NaN,
        "Total Expenses": NaN,
        "Total Operating Income As Reported": NaN,
        "Diluted Average Shares": NaN,
        "Basic Average Shares": NaN,
        "Diluted EPS": NaN,
        "Basic EPS": NaN,
        "Diluted NI Availto Com Stockholders": NaN,
        "Net Income Common Stockholders": NaN,
        "Net Income": NaN,
        "Net Income Including Noncontrolling Interests": NaN,
        "Net Income Continuous Operations": NaN,
        "Tax Provision": NaN,
        "Pretax Income": NaN,
        "Other Income Expense": NaN,
        "Other Non Operating Income Expenses": NaN,
        "Special Income Charges": -42000.0,
        "Gain On Sale Of Ppe": 0.0,
        "Impairment Of Capital Assets": 42000.0,
        "Gain On Sale Of Security": NaN,
        "Net Non Operating Interest Income Expense": NaN,
        "Interest Expense Non Operating": NaN,
        "Operating Income": NaN,
        "Operating Expense": NaN,
        "Selling General And Administration": NaN,
        "Gross Profit": NaN,
        "Cost Of Revenue": NaN,
        "Total Revenue": NaN,
        "Operating Revenue": NaN
    },
    "2022-06-30": {
        "Tax Effect Of Unusual Items": 9370.588235,
        "Tax Rate For Calcs": 0.347059,
        "Normalized EBITDA": 511000.0,
        "Total Unusual Items": 27000.0,
        "Total Unusual Items Excluding Goodwill": 27000.0,
        "Net Income From Continuing Operation Net Minority Interest": 222000.0,
        "Reconciled Depreciation": 197000.0,
        "Reconciled Cost Of Revenue": 3201000.0,
        "EBITDA": 538000.0,
        "EBIT": 341000.0,
        "Net Interest Income": -1000.0,
        "Interest Expense": 1000.0,
        "Normalized Income": 204370.588235,
        "Net Income From Continuing And Discontinued Operation": 222000.0,
        "Total Expenses": 5018000.0,
        "Total Operating Income As Reported": 313000.0,
        "Diluted Average Shares": 6096000.0,
        "Basic Average Shares": 6013000.0,
        "Diluted EPS": 0.04,
        "Basic EPS": 0.04,
        "Diluted NI Availto Com Stockholders": 222000.0,
        "Net Income Common Stockholders": 222000.0,
        "Net Income": 222000.0,
        "Net Income Including Noncontrolling Interests": 222000.0,
        "Net Income Continuous Operations": 222000.0,
        "Tax Provision": 118000.0,
        "Pretax Income": 340000.0,
        "Other Income Expense": 28000.0,
        "Other Non Operating Income Expenses": 1000.0,
        "Special Income Charges": NaN,
        "Gain On Sale Of Ppe": NaN,
        "Impairment Of Capital Assets": NaN,
        "Gain On Sale Of Security": 27000.0,
        "Net Non Operating Interest Income Expense": -1000.0,
        "Interest Expense Non Operating": 1000.0,
        "Operating Income": 313000.0,
        "Operating Expense": 1817000.0,
        "Selling General And Administration": 1817000.0,
        "Gross Profit": 2130000.0,
        "Cost Of Revenue": 3201000.0,
        "Total Revenue": 5331000.0,
        "Operating Revenue": 5331000.0
    },
    "2022-03-31": {
        "Diluted EPS": 0.08,
        "Total Revenue": 6,
        "Gross Profit": 2,
        "Operating Income": 1,
        "EBIT": 1,
        "Net Income": 0
    },
    "2021-12-31": {
        "Diluted EPS": 0.12,
        "Total Revenue": 6,
        "Gross Profit": 3,
        "Operating Income": 1,
        "EBIT": 1,
        "Net Income": 1
    },
    "2021-09-30": {
        "Diluted EPS": 0.14,
        "Total Revenue": 7,
        "Gross Profit": 3,
        "Operating Income": 1,
        "EBIT": 1,
        "Net Income": 1
    },
    "2021-06-30": {
        "Diluted EPS": 0.03,
        "Total Revenue": 5,
        "Gross Profit": 2,
        "Operating Income": 0,
        "EBIT": 0,
        "Net Income": 0
    },
    "2021-03-31": {
        "Diluted EPS": 0.19,
        "Total Revenue": 4,
        "Gross Profit": 2,
        "Operating Income": 0,
        "EBIT": 0,
        "Net Income": 1
    },
    "2020-12-31": {
        "Diluted EPS": 0.08,
        "Total Revenue": 6,
        "Gross Profit": 2,
        "Operating Income": 1,
        "EBIT": 1,
        "Net Income": 1
    },
    "2020-09-30": {
        "Diluted EPS": 0.12,
        "Total Revenue": 6,
        "Gross Profit": 3,
        "Operating Income": 1,
        "EBIT": 1,
        "Net Income": 1
    },
    "2020-06-30": {
        "Diluted EPS": 0.06,
        "Total Revenue": 4,
        "Gross Profit": 2,
        "Operating Income": 0,
        "EBIT": 1,
        "Net Income": 0
    },
    "2020-03-31": {
        "Diluted EPS": -0.04,
        "Total Revenue": 4,
        "Gross Profit": 2,
        "Operating Income": 0,
        "EBIT": 0,
        "Net Income": 0
    },
    "2019-12-31": {
        "Diluted EPS": 0.12,
        "Total Revenue": 6,
        "Gross Profit": 3,
        "Operating Income": 1,
        "EBIT": 1,
        "Net Income": 1
    },
    "2019-09-30": {
        "Diluted EPS": 0.08,
        "Total Revenue": 6,
        "Gross Profit": 3,
        "Operating Income": 1,
        "EBIT": 1,
        "Net Income": 1
    },
    "2019-06-30": {
        "Diluted EPS": 0.04,
        "Total Revenue": 5,
        "Gross Profit": 2,
        "Operating Income": 0,
        "EBIT": 1,
        "Net Income": 0
    },
    "2019-03-31": {
        "Diluted EPS": -0.02,
        "Total Revenue": 4,
        "Gross Profit": 2,
        "Operating Income": 0,
        "EBIT": 0,
        "Net Income": 0
    },
    "2018-12-31": {
        "Diluted EPS": -0.01,
        "Total Revenue": 5,
        "Gross Profit": 2,
        "Operating Income": 0,
        "EBIT": 0,
        "Net Income": 0
    },
    "2018-09-30": {
        "Diluted EPS": 0.08,
        "Total Revenue": 5,
        "Gross Profit": 2,
        "Operating Income": 0,
        "EBIT": 1,
        "Net Income": 0
    },
    "2018-06-30": {
        "Diluted EPS": 0.04,
        "Total Revenue": 4,
        "Gross Profit": 2,
        "Operating Income": 0,
        "EBIT": 0,
        "Net Income": 0
    },
    "2018-03-31": {
        "Diluted EPS": 0.01,
        "Total Revenue": 4,
        "Gross Profit": 2,
        "Operating Income": 0,
        "EBIT": 0,
        "Net Income": 0
    },
    "2017-12-31": {
        "Diluted EPS": -0.03,
        "Total Revenue": 4,
        "Gross Profit": 2,
        "Operating Income": 0,
        "EBIT": 0,
        "Net Income": 0
    },
    "2017-09-30": {
        "Diluted EPS": 0.04,
        "Total Revenue": 5,
        "Gross Profit": 2,
        "Operating Income": 0,
        "EBIT": 1,
        "Net Income": 0
    },
    "2017-06-30": {
        "Diluted EPS": 0.01,
        "Total Revenue": 4,
        "Gross Profit": 2,
        "Operating Income": 0,
        "EBIT": 0,
        "Net Income": 0
    },
    "2017-03-31": {
        "Diluted EPS": 0.02,
        "Total Revenue": 3,
        "Gross Profit": 1,
        "Operating Income": 0,
        "EBIT": 0,
        "Net Income": 0
    },
    "2016-12-31": {
        "Diluted EPS": -0.02,
        "Total Revenue": 3,
        "Gross Profit": 1,
        "Operating Income": 0,
        "EBIT": 0,
        "Net Income": 0
    },
    "2016-09-30": {
        "Diluted EPS": 0.04,
        "Total Revenue": 3,
        "Gross Profit": 2,
        "Operating Income": 0,
        "EBIT": 0,
        "Net Income": 0
    },
    "2016-06-30": {
        "Diluted EPS": 0.04,
        "Total Revenue": 3,
        "Gross Profit": 1,
        "Operating Income": 0,
        "EBIT": 0,
        "Net Income": 0
    },
    "2016-03-31": {
        "Diluted EPS": 0.02,
        "Total Revenue": 2,
        "Gross Profit": 1,
        "Operating Income": 0,
        "EBIT": 0,
        "Net Income": 0
    },
    "2015-12-31": {
        "Diluted EPS": -0.01,
        "Total Revenue": 3,
        "Gross Profit": 1,
        "Operating Income": 0,
        "EBIT": 0,
        "Net Income": 0
    },
    "2015-09-30": {
        "Diluted EPS": 0.04,
        "Total Revenue": 3,
        "Gross Profit": 1,
        "Operating Income": 0,
        "EBIT": 0,
        "Net Income": 0
    },
    "2015-06-30": {
        "Diluted EPS": 0.04,
        "Total Revenue": 2,
        "Gross Profit": 1,
        "Operating Income": 0,
        "EBIT": 0,
        "Net Income": 0
    },
    "2015-03-31": {
        "Diluted EPS": 0.01,
        "Total Revenue": 2,
        "Gross Profit": 1,
        "Operating Income": 0,
        "EBIT": 0,
        "Net Income": 0
    },
    "2014-12-31": {
        "Diluted EPS": 0.03,
        "Total Revenue": 3,
        "Gross Profit": 1,
        "Operating Income": 0,
        "EBIT": 0,
        "Net Income": 0
    },
    "2014-09-30": {
        "Diluted EPS": 0.04,
        "Total Revenue": 3,
        "Gross Profit": 1,
        "Operating Income": 0,
        "EBIT": 0,
        "Net Income": 0
    },
    "2014-06-30": {
        "Diluted EPS": 0.01,
        "Total Revenue": 2,
        "Gross Profit": 1,
        "Operating Income": 0,
        "EBIT": 0,
        "Net Income": 0
    },
    "2014-03-31": {
        "Diluted EPS": -0.04,
        "Total Revenue": 1,
        "Gross Profit": 1,
        "Operating Income": 0,
        "EBIT": 0,
        "Net Income": 0
    },
    "2013-12-31": {
        "Diluted EPS": 0.0,
        "Total Revenue": 2,
        "Gross Profit": 1,
        "Operating Income": 0,
        "EBIT": 0,
        "Net Income": 0
    },
    "2013-09-30": {
        "Diluted EPS": 0.0,
        "Total Revenue": 1,
        "Gross Profit": 1,
        "Operating Income": 0,
        "EBIT": 0,
        "Net Income": 0
    },
    "2013-06-30": {
        "Diluted EPS": 0.0,
        "Total Revenue": 1,
        "Gross Profit": 1,
        "Operating Income": 0,
        "EBIT": 0,
        "Net Income": 0
    },
    "2013-03-31": {
        "Diluted EPS": 0.0,
        "Total Revenue": 1,
        "Gross Profit": 1,
        "Operating Income": 0,
        "EBIT": 0,
        "Net Income": 0
    },
    "2012-12-31": {
        "Diluted EPS": 0.04,
        "Total Revenue": 1,
        "Gross Profit": 1,
        "Operating Income": 0,
        "EBIT": 0,
        "Net Income": 0
    },
    "2012-09-30": {
        "Diluted EPS": 0.0,
        "Total Revenue": 2,
        "Gross Profit": 1,
        "Operating Income": 0,
        "EBIT": 0,
        "Net Income": 0
    },
    "2012-06-30": {
        "Diluted EPS": 0.04,
        "Total Revenue": 1,
        "Gross Profit": 1,
        "Operating Income": 0,
        "EBIT": 0,
        "Net Income": 0
    },
    "2012-03-31": {
        "Diluted EPS": 0.08,
        "Total Revenue": 1,
        "Gross Profit": 1,
        "Operating Income": 0,
        "EBIT": 0,
        "Net Income": 0
    },
    "2011-12-31": {
        "Diluted EPS": 0.04,
        "Total Revenue": 1,
        "Gross Profit": 1,
        "Operating Income": 0,
        "EBIT": 0,
        "Net Income": 0
    },
    "2011-09-30": {
        "Diluted EPS": 0.04,
        "Total Revenue": 1,
        "Gross Profit": 1,
        "Operating Income": 0,
        "EBIT": 0,
        "Net Income": 0
    },
    "2011-06-30": {
        "Diluted EPS": 0.04,
        "Total Revenue": 1,
        "Gross Profit": 1,
        "Operating Income": 0,
        "EBIT": 0,
        "Net Income": 0
    },
    "2011-03-31": {
        "Diluted EPS": 0.02,
        "Total Revenue": 1,
        "Gross Profit": 0,
        "Operating Income": 0,
        "EBIT": 0,
        "Net Income": 0
    },
    "2010-12-31": {
        "Diluted EPS": 0.04,
        "Total Revenue": 1,
        "Gross Profit": 1,
        "Operating Income": 0,
        "EBIT": 0,
        "Net Income": 0
    },
    "2010-09-30": {
        "Diluted EPS": 0.0,
        "Total Revenue": 1,
        "Gross Profit": 0,
        "Operating Income": 0,
        "EBIT": 0,
        "Net Income": 0
    },
    "2010-06-30": {
        "Diluted EPS": 0.0,
        "Total Revenue": 1,
        "Gross Profit": 0,
        "Operating Income": 0,
        "EBIT": 0,
        "Net Income": 0
    },
    "2010-03-31": {
        "Diluted EPS": 0.0,
        "Total Revenue": 1,
        "Gross Profit": 0,
        "Operating Income": 0,
        "EBIT": 0,
        "Net Income": 0
    },
    "2009-12-31": {
        "Diluted EPS": -0.04,
        "Total Revenue": 1,
        "Gross Profit": 0,
        "Operating Income": 0,
        "EBIT": 0,
        "Net Income": 0
    },
    "2009-09-30": {
        "Diluted EPS": 0.0,
        "Total Revenue": 1,
        "Gross Profit": 0,
        "Operating Income": 0,
        "EBIT": 0,
        "Net Income": 0
    },
    "2009-06-30": {
        "Diluted EPS": 0.0,
        "Total Revenue": 1,
        "Gross Profit": 0,
        "Operating Income": 0,
        "EBIT": 0,
        "Net Income": 0
    },
    "2009-03-31": {
        "Diluted EPS": 0.0,
        "Total Revenue": 0,
        "Gross Profit": 0,
        "Operating Income": 0,
        "EBIT": 0,
        "Net Income": 0
    },
    "2023-06-30": {
        "Tax Effect Of Unusual Items": 14690.217391,
        "Tax Rate For Calcs": 0.277174,
        "Normalized EBITDA": 847000.0,
        "Total Unusual Items": 53000.0,
        "Total Unusual Items Excluding Goodwill": 53000.0,
        "Net Income From Continuing Operation Net Minority Interest": 532000.0,
        "Reconciled Depreciation": 163000.0,
        "Reconciled Cost Of Revenue": 3620000.0,
        "EBITDA": 900000.0,
        "EBIT": 737000.0,
        "Net Interest Income": -1000.0,
        "Interest Expense": 1000.0,
        "Normalized Income": 493690.217391,
        "Net Income From Continuing And Discontinued Operation": 532000.0,
        "Total Expenses": 5453000.0,
        "Total Operating Income As Reported": 673000.0,
        "Diluted Average Shares": 5735000.0,
        "Basic Average Shares": 5670000.0,
        "Diluted EPS": 0.09,
        "Basic EPS": 0.09,
        "Diluted NI Availto Com Stockholders": 532000.0,
        "Net Income Common Stockholders": 532000.0,
        "Net Income": 532000.0,
        "Net Income Including Noncontrolling Interests": 532000.0,
        "Net Income Continuous Operations": 532000.0,
        "Tax Provision": 204000.0,
        "Pretax Income": 736000.0,
        "Other Income Expense": 64000.0,
        "Other Non Operating Income Expenses": 11000.0,
        "Special Income Charges": 5000.0,
        "Gain On Sale Of Ppe": 5000.0,
        "Impairment Of Capital Assets": NaN,
        "Gain On Sale Of Security": 48000.0,
        "Net Non Operating Interest Income Expense": -1000.0,
        "Interest Expense Non Operating": 1000.0,
        "Operating Income": 673000.0,
        "Operating Expense": 1833000.0,
        "Selling General And Administration": 1833000.0,
        "Gross Profit": 2506000.0,
        "Cost Of Revenue": 3620000.0,
        "Total Revenue": 6126000.0,
        "Operating Revenue": 6126000.0
    },
    "2023-09-30": {
        "Tax Effect Of Unusual Items": 13605.55005,
        "Tax Rate For Calcs": 0.283449,
        "Normalized EBITDA": 1115000.0,
        "Total Unusual Items": 48000.0,
        "Total Unusual Items Excluding Goodwill": 48000.0,
        "Net Income From Continuing Operation Net Minority Interest": 723000.0,
        "Reconciled Depreciation": 153000.0,
        "Reconciled Cost Of Revenue": 4145000.0,
        "EBITDA": 1163000.0,
        "EBIT": 1010000.0,
        "Net Interest Income": -1000.0,
        "Interest Expense": 1000.0,
        "Normalized Income": 688605.55005,
        "Net Income From Continuing And Discontinued Operation": 723000.0,
        "Total Expenses": 6065000.0,
        "Total Operating Income As Reported": 946000.0,
        "Diluted Average Shares": 5658000.0,
        "Basic Average Shares": 5599000.0,
        "Diluted EPS": 0.13,
        "Basic EPS": 0.13,
        "Diluted NI Availto Com Stockholders": 723000.0,
        "Net Income Common Stockholders": 723000.0,
        "Net Income": 723000.0,
        "Net Income Including Noncontrolling Interests": 723000.0,
        "Net Income Continuous Operations": 723000.0,
        "Tax Provision": 286000.0,
        "Pretax Income": 1009000.0,
        "Other Income Expense": 64000.0,
        "Other Non Operating Income Expenses": 16000.0,
        "Special Income Charges": 0.0,
        "Gain On Sale Of Ppe": 0.0,
        "Impairment Of Capital Assets": 0.0,
        "Gain On Sale Of Security": 48000.0,
        "Net Non Operating Interest Income Expense": -1000.0,
        "Interest Expense Non Operating": 1000.0,
        "Operating Income": 946000.0,
        "Operating Expense": 1920000.0,
        "Selling General And Administration": 1920000.0,
        "Gross Profit": 2866000.0,
        "Cost Of Revenue": 4145000.0,
        "Total Revenue": 7011000.0,
        "Operating Revenue": 7011000.0
    },
    "2023-12-31": {
        "Tax Effect Of Unusual Items": 51346.25789,
        "Tax Rate For Calcs": 0.300271,
        "Normalized EBITDA": 1086000.0,
        "Total Unusual Items": 171000.0,
        "Total Unusual Items Excluding Goodwill": 171000.0,
        "Net Income From Continuing Operation Net Minority Interest": 776000.0,
        "Reconciled Depreciation": 146000.0,
        "Reconciled Cost Of Revenue": 3724000.0,
        "EBITDA": 1257000.0,
        "EBIT": 1111000.0,
        "Net Interest Income": -2000.0,
        "Interest Expense": 2000.0,
        "Normalized Income": 656346.25789,
        "Net Income From Continuing And Discontinued Operation": 776000.0,
        "Total Expenses": 5808000.0,
        "Total Operating Income As Reported": 923000.0,
        "Diluted Average Shares": NaN,
        "Basic Average Shares": NaN,
        "Diluted EPS": NaN,
        "Basic EPS": NaN,
        "Diluted NI Availto Com Stockholders": 776000.0,
        "Net Income Common Stockholders": 776000.0,
        "Net Income": 776000.0,
        "Net Income Including Noncontrolling Interests": 776000.0,
        "Net Income Continuous Operations": 776000.0,
        "Tax Provision": 333000.0,
        "Pretax Income": 1109000.0,
        "Other Income Expense": 188000.0,
        "Other Non Operating Income Expenses": 17000.0,
        "Special Income Charges": 2000.0,
        "Gain On Sale Of Ppe": 2000.0,
        "Impairment Of Capital Assets": NaN,
        "Gain On Sale Of Security": 169000.0,
        "Net Non Operating Interest Income Expense": -2000.0,
        "Interest Expense Non Operating": 2000.0,
        "Operating Income": 923000.0,
        "Operating Expense": 2084000.0,
        "Selling General And Administration": 2084000.0,
        "Gross Profit": 3007000.0,
        "Cost Of Revenue": 3724000.0,
        "Total Revenue": 6731000.0,
        "Operating Revenue": 6731000.0
    },
    "2024-03-31": {
        "Tax Effect Of Unusual Items": -656.603774,
        "Tax Rate For Calcs": 0.328302,
        "Normalized EBITDA": 423000.0,
        "Total Unusual Items": -2000.0,
        "Total Unusual Items Excluding Goodwill": -2000.0,
        "Net Income From Continuing Operation Net Minority Interest": 178000.0,
        "Reconciled Depreciation": 155000.0,
        "Reconciled Cost Of Revenue": 3253000.0,
        "EBITDA": 421000.0,
        "EBIT": 266000.0,
        "Net Interest Income": -1000.0,
        "Interest Expense": 1000.0,
        "Normalized Income": 179343.396226,
        "Net Income From Continuing And Discontinued Operation": 178000.0,
        "Total Expenses": 5321000.0,
        "Total Operating Income As Reported": 261000.0,
        "Diluted Average Shares": 5500000.0,
        "Basic Average Shares": 5480000.0,
        "Diluted EPS": 0.03,
        "Basic EPS": 0.03,
        "Diluted NI Availto Com Stockholders": 178000.0,
        "Net Income Common Stockholders": 178000.0,
        "Net Income": 178000.0,
        "Net Income Including Noncontrolling Interests": 178000.0,
        "Net Income Continuous Operations": 178000.0,
        "Tax Provision": 87000.0,
        "Pretax Income": 265000.0,
        "Other Income Expense": 5000.0,
        "Other Non Operating Income Expenses": 7000.0,
        "Special Income Charges": NaN,
        "Gain On Sale Of Ppe": NaN,
        "Impairment Of Capital Assets": NaN,
        "Gain On Sale Of Security": -2000.0,
        "Net Non Operating Interest Income Expense": -1000.0,
        "Interest Expense Non Operating": 1000.0,
        "Operating Income": 261000.0,
        "Operating Expense": 2068000.0,
        "Selling General And Administration": 2068000.0,
        "Gross Profit": 2329000.0,
        "Cost Of Revenue": 3253000.0,
        "Total Revenue": 5582000.0,
        "Operating Revenue": 5582000.0
    }
}