{
    "2023-06-30": {
        "Tax Effect Of Unusual Items": NaN,
        "Tax Rate For Calcs": NaN,
        "Normalized EBITDA": NaN,
        "Total Unusual Items": NaN,
        "Total Unusual Items Excluding Goodwill": NaN,
        "Net Income From Continuing Operation Net Minority Interest": NaN,
        "Reconciled Depreciation": NaN,
        "Reconciled Cost Of Revenue": NaN,
        "EBITDA": NaN,
        "EBIT": NaN,
        "Net Interest Income": NaN,
        "Interest Expense": NaN,
        "Interest Income": NaN,
        "Normalized Income": NaN,
        "Net Income From Continuing And Discontinued Operation": NaN,
        "Total Expenses": NaN,
        "Total Operating Income As Reported": NaN,
        "Diluted Average Shares": 83556000.0,
        "Basic Average Shares": 83556000.0,
        "Diluted EPS": -1.57,
        "Basic EPS": -1.57,
        "Diluted NI Availto Com Stockholders": NaN,
        "Average Dilution Earnings": NaN,
        "Net Income Common Stockholders": NaN,
        "Net Income": NaN,
        "Net Income Including Noncontrolling Interests": NaN,
        "Net Income Continuous Operations": NaN,
        "Tax Provision": NaN,
        "Pretax Income": NaN,
        "Other Income Expense": NaN,
        "Other Non Operating Income Expenses": NaN,
        "Special Income Charges": NaN,
        "Write Off": 129000000.0,
        "Impairment Of Capital Assets": 122000000.0,
        "Restructuring And Mergern Acquisition": NaN,
        "Gain On Sale Of Security": NaN,
        "Net Non Operating Interest Income Expense": NaN,
        "Total Other Finance Cost": -1000000.0,
        "Interest Expense Non Operating": NaN,
        "Interest Income Non Operating": NaN,
        "Operating Income": NaN,
        "Operating Expense": NaN,
        "Other Taxes": NaN,
        "Depreciation Amortization Depletion Income Statement": NaN,
        "Depreciation And Amortization In Income Statement": NaN,
        "Amortization": NaN,
        "Amortization Of Intangibles Income Statement": NaN,
        "Selling General And Administration": NaN,
        "Selling And Marketing Expense": NaN,
        "General And Administrative Expense": NaN,
        "Other Gand A": NaN,
        "Salaries And Wages": NaN,
        "Gross Profit": NaN,
        "Cost Of Revenue": NaN,
        "Total Revenue": NaN,
        "Operating Revenue": NaN
    },
    "2023-03-31": {
        "Tax Effect Of Unusual Items": NaN,
        "Tax Rate For Calcs": NaN,
        "Normalized EBITDA": NaN,
        "Total Unusual Items": NaN,
        "Total Unusual Items Excluding Goodwill": NaN,
        "Net Income From Continuing Operation Net Minority Interest": NaN,
        "Reconciled Depreciation": NaN,
        "Reconciled Cost Of Revenue": NaN,
        "EBITDA": NaN,
        "EBIT": NaN,
        "Net Interest Income": NaN,
        "Interest Expense": NaN,
        "Interest Income": NaN,
        "Normalized Income": NaN,
        "Net Income From Continuing And Discontinued Operation": NaN,
        "Total Expenses": NaN,
        "Total Operating Income As Reported": NaN,
        "Diluted Average Shares": 83874000.0,
        "Basic Average Shares": 83555000.0,
        "Diluted EPS": -0.52,
        "Basic EPS": -0.5,
        "Diluted NI Availto Com Stockholders": NaN,
        "Average Dilution Earnings": NaN,
        "Net Income Common Stockholders": NaN,
        "Net Income": NaN,
        "Net Income Including Noncontrolling Interests": NaN,
        "Net Income Continuous Operations": NaN,
        "Tax Provision": NaN,
        "Pretax Income": NaN,
        "Other Income Expense": NaN,
        "Other Non Operating Income Expenses": NaN,
        "Special Income Charges": NaN,
        "Write Off": NaN,
        "Impairment Of Capital Assets": 0.0,
        "Restructuring And Mergern Acquisition": NaN,
        "Gain On Sale Of Security": NaN,
        "Net Non Operating Interest Income Expense": NaN,
        "Total Other Finance Cost": NaN,
        "Interest Expense Non Operating": NaN,
        "Interest Income Non Operating": NaN,
        "Operating Income": NaN,
        "Operating Expense": NaN,
        "Other Taxes": NaN,
        "Depreciation Amortization Depletion Income Statement": NaN,
        "Depreciation And Amortization In Income Statement": NaN,
        "Amortization": NaN,
        "Amortization Of Intangibles Income Statement": NaN,
        "Selling General And Administration": NaN,
        "Selling And Marketing Expense": NaN,
        "General And Administrative Expense": NaN,
        "Other Gand A": NaN,
        "Salaries And Wages": NaN,
        "Gross Profit": NaN,
        "Cost Of Revenue": NaN,
        "Total Revenue": NaN,
        "Operating Revenue": NaN
    },
    "2022-12-31": {
        "Tax Effect Of Unusual Items": NaN,
        "Tax Rate For Calcs": NaN,
        "Normalized EBITDA": NaN,
        "Total Unusual Items": NaN,
        "Total Unusual Items Excluding Goodwill": NaN,
        "Net Income From Continuing Operation Net Minority Interest": NaN,
        "Reconciled Depreciation": NaN,
        "Reconciled Cost Of Revenue": NaN,
        "EBITDA": NaN,
        "EBIT": NaN,
        "Net Interest Income": NaN,
        "Interest Expense": NaN,
        "Interest Income": NaN,
        "Normalized Income": NaN,
        "Net Income From Continuing And Discontinued Operation": NaN,
        "Total Expenses": NaN,
        "Total Operating Income As Reported": NaN,
        "Diluted Average Shares": NaN,
        "Basic Average Shares": NaN,
        "Diluted EPS": NaN,
        "Basic EPS": NaN,
        "Diluted NI Availto Com Stockholders": NaN,
        "Average Dilution Earnings": NaN,
        "Net Income Common Stockholders": NaN,
        "Net Income": NaN,
        "Net Income Including Noncontrolling Interests": NaN,
        "Net Income Continuous Operations": NaN,
        "Tax Provision": NaN,
        "Pretax Income": NaN,
        "Other Income Expense": NaN,
        "Other Non Operating Income Expenses": NaN,
        "Special Income Charges": NaN,
        "Write Off": NaN,
        "Impairment Of Capital Assets": NaN,
        "Restructuring And Mergern Acquisition": NaN,
        "Gain On Sale Of Security": NaN,
        "Net Non Operating Interest Income Expense": NaN,
        "Total Other Finance Cost": 2000000.0,
        "Interest Expense Non Operating": NaN,
        "Interest Income Non Operating": NaN,
        "Operating Income": NaN,
        "Operating Expense": NaN,
        "Other Taxes": NaN,
        "Depreciation Amortization Depletion Income Statement": NaN,
        "Depreciation And Amortization In Income Statement": NaN,
        "Amortization": NaN,
        "Amortization Of Intangibles Income Statement": NaN,
        "Selling General And Administration": NaN,
        "Selling And Marketing Expense": NaN,
        "General And Administrative Expense": NaN,
        "Other Gand A": NaN,
        "Salaries And Wages": NaN,
        "Gross Profit": NaN,
        "Cost Of Revenue": NaN,
        "Total Revenue": NaN,
        "Operating Revenue": NaN
    },
    "2022-09-30": {
        "Tax Effect Of Unusual Items": NaN,
        "Tax Rate For Calcs": NaN,
        "Normalized EBITDA": NaN,
        "Total Unusual Items": NaN,
        "Total Unusual Items Excluding Goodwill": NaN,
        "Net Income From Continuing Operation Net Minority Interest": NaN,
        "Reconciled Depreciation": NaN,
        "Reconciled Cost Of Revenue": NaN,
        "EBITDA": NaN,
        "EBIT": NaN,
        "Net Interest Income": NaN,
        "Interest Expense": NaN,
        "Interest Income": NaN,
        "Normalized Income": NaN,
        "Net Income From Continuing And Discontinued Operation": NaN,
        "Total Expenses": NaN,
        "Total Operating Income As Reported": NaN,
        "Diluted Average Shares": 86317000.0,
        "Basic Average Shares": 86317000.0,
        "Diluted EPS": 2.5,
        "Basic EPS": 2.5,
        "Diluted NI Availto Com Stockholders": NaN,
        "Average Dilution Earnings": NaN,
        "Net Income Common Stockholders": NaN,
        "Net Income": NaN,
        "Net Income Including Noncontrolling Interests": NaN,
        "Net Income Continuous Operations": NaN,
        "Tax Provision": NaN,
        "Pretax Income": NaN,
        "Other Income Expense": NaN,
        "Other Non Operating Income Expenses": NaN,
        "Special Income Charges": NaN,
        "Write Off": 0.0,
        "Impairment Of Capital Assets": 0.0,
        "Restructuring And Mergern Acquisition": NaN,
        "Gain On Sale Of Security": NaN,
        "Net Non Operating Interest Income Expense": NaN,
        "Total Other Finance Cost": 2000000.0,
        "Interest Expense Non Operating": NaN,
        "Interest Income Non Operating": NaN,
        "Operating Income": NaN,
        "Operating Expense": NaN,
        "Other Taxes": NaN,
        "Depreciation Amortization Depletion Income Statement": NaN,
        "Depreciation And Amortization In Income Statement": NaN,
        "Amortization": NaN,
        "Amortization Of Intangibles Income Statement": NaN,
        "Selling General And Administration": NaN,
        "Selling And Marketing Expense": NaN,
        "General And Administrative Expense": NaN,
        "Other Gand A": NaN,
        "Salaries And Wages": NaN,
        "Gross Profit": NaN,
        "Cost Of Revenue": NaN,
        "Total Revenue": NaN,
        "Operating Revenue": NaN
    },
    "2022-06-30": {
        "Tax Effect Of Unusual Items": 5029940.11976,
        "Tax Rate For Calcs": 0.239521,
        "Normalized EBITDA": 1130000000.0,
        "Total Unusual Items": 21000000.0,
        "Total Unusual Items Excluding Goodwill": 21000000.0,
        "Net Income From Continuing Operation Net Minority Interest": 762000000.0,
        "Reconciled Depreciation": 144000000.0,
        "Reconciled Cost Of Revenue": 1385000000.0,
        "EBITDA": 1151000000.0,
        "EBIT": 1007000000.0,
        "Net Interest Income": -3000000.0,
        "Interest Expense": 5000000.0,
        "Interest Income": 3000000.0,
        "Normalized Income": 746029940.11976,
        "Net Income From Continuing And Discontinued Operation": 762000000.0,
        "Total Expenses": 1906000000.0,
        "Total Operating Income As Reported": 981000000.0,
        "Diluted Average Shares": 99930000.0,
        "Basic Average Shares": 99551000.0,
        "Diluted EPS": 7.59,
        "Basic EPS": 7.66,
        "Diluted NI Availto Com Stockholders": 758000000.0,
        "Average Dilution Earnings": -4000000.0,
        "Net Income Common Stockholders": 762000000.0,
        "Net Income": 762000000.0,
        "Net Income Including Noncontrolling Interests": 762000000.0,
        "Net Income Continuous Operations": 762000000.0,
        "Tax Provision": 240000000.0,
        "Pretax Income": 1002000000.0,
        "Other Income Expense": 24000000.0,
        "Other Non Operating Income Expenses": 3000000.0,
        "Special Income Charges": 0.0,
        "Write Off": NaN,
        "Impairment Of Capital Assets": 0.0,
        "Restructuring And Mergern Acquisition": NaN,
        "Gain On Sale Of Security": 21000000.0,
        "Net Non Operating Interest Income Expense": -3000000.0,
        "Total Other Finance Cost": 1000000.0,
        "Interest Expense Non Operating": 5000000.0,
        "Interest Income Non Operating": 3000000.0,
        "Operating Income": 981000000.0,
        "Operating Expense": 521000000.0,
        "Other Taxes": 16000000.0,
        "Depreciation Amortization Depletion Income Statement": 144000000.0,
        "Depreciation And Amortization In Income Statement": 144000000.0,
        "Amortization": 144000000.0,
        "Amortization Of Intangibles Income Statement": 144000000.0,
        "Selling General And Administration": 361000000.0,
        "Selling And Marketing Expense": 275000000.0,
        "General And Administrative Expense": 86000000.0,
        "Other Gand A": 87000000.0,
        "Salaries And Wages": -1000000.0,
        "Gross Profit": 1502000000.0,
        "Cost Of Revenue": 1385000000.0,
        "Total Revenue": 2887000000.0,
        "Operating Revenue": 2887000000.0
    },
    "2022-03-31": {
        "Diluted EPS": 10.25,
        "Total Revenue": NaN,
        "Gross Profit": NaN,
        "Operating Income": NaN,
        "EBIT": NaN,
        "Net Income": NaN
    },
    "2021-12-31": {
        "Diluted EPS": 3.55,
        "Total Revenue": NaN,
        "Gross Profit": 673,
        "Operating Income": 450,
        "EBIT": 603,
        "Net Income": 334
    },
    "2021-09-30": {
        "Diluted EPS": 4.2,
        "Total Revenue": NaN,
        "Gross Profit": 925,
        "Operating Income": 630,
        "EBIT": 777,
        "Net Income": 460
    },
    "2021-06-30": {
        "Diluted EPS": 12.32,
        "Total Revenue": NaN,
        "Gross Profit": NaN,
        "Operating Income": NaN,
        "EBIT": NaN,
        "Net Income": NaN
    },
    "2021-03-31": {
        "Diluted EPS": 6.96,
        "Total Revenue": NaN,
        "Gross Profit": NaN,
        "Operating Income": 879,
        "EBIT": NaN,
        "Net Income": 665
    },
    "2020-12-31": {
        "Diluted EPS": 4.1,
        "Total Revenue": NaN,
        "Gross Profit": 471,
        "Operating Income": 397,
        "EBIT": 451,
        "Net Income": 281
    },
    "2020-09-30": {
        "Diluted EPS": 3.82,
        "Total Revenue": NaN,
        "Gross Profit": 508,
        "Operating Income": 366,
        "EBIT": 416,
        "Net Income": 262
    },
    "2020-06-30": {
        "Diluted EPS": 0.51,
        "Total Revenue": 921,
        "Gross Profit": 173,
        "Operating Income": 61,
        "EBIT": 108,
        "Net Income": 35
    },
    "2020-03-31": {
        "Diluted EPS": -0.09,
        "Total Revenue": 890,
        "Gross Profit": 135,
        "Operating Income": 9,
        "EBIT": 61,
        "Net Income": 9
    },
    "2023-09-30": {
        "Tax Effect Of Unusual Items": -1823255.813953,
        "Tax Rate For Calcs": 0.260465,
        "Normalized EBITDA": 360000000.0,
        "Total Unusual Items": -7000000.0,
        "Total Unusual Items Excluding Goodwill": -7000000.0,
        "Net Income From Continuing Operation Net Minority Interest": 159000000.0,
        "Reconciled Depreciation": 132000000.0,
        "Reconciled Cost Of Revenue": 1128000000.0,
        "EBITDA": 353000000.0,
        "EBIT": 221000000.0,
        "Net Interest Income": 21000000.0,
        "Interest Expense": 6000000.0,
        "Interest Income": 27000000.0,
        "Normalized Income": 164176744.186047,
        "Net Income From Continuing And Discontinued Operation": 159000000.0,
        "Total Expenses": 1507000000.0,
        "Total Operating Income As Reported": 184000000.0,
        "Diluted Average Shares": 83799000.0,
        "Basic Average Shares": 83499000.0,
        "Diluted EPS": 1.81,
        "Basic EPS": 1.91,
        "Diluted NI Availto Com Stockholders": 152000000.0,
        "Average Dilution Earnings": -8000000.0,
        "Net Income Common Stockholders": 159000000.0,
        "Net Income": 159000000.0,
        "Net Income Including Noncontrolling Interests": 159000000.0,
        "Net Income Continuous Operations": 159000000.0,
        "Tax Provision": 56000000.0,
        "Pretax Income": 215000000.0,
        "Other Income Expense": -2000000.0,
        "Other Non Operating Income Expenses": 5000000.0,
        "Special Income Charges": -13000000.0,
        "Write Off": 0.0,
        "Impairment Of Capital Assets": 13000000.0,
        "Restructuring And Mergern Acquisition": 0.0,
        "Gain On Sale Of Security": 6000000.0,
        "Net Non Operating Interest Income Expense": 21000000.0,
        "Total Other Finance Cost": NaN,
        "Interest Expense Non Operating": 6000000.0,
        "Interest Income Non Operating": 27000000.0,
        "Operating Income": 198000000.0,
        "Operating Expense": 379000000.0,
        "Other Taxes": -39000000.0,
        "Depreciation Amortization Depletion Income Statement": 132000000.0,
        "Depreciation And Amortization In Income Statement": 132000000.0,
        "Amortization": 132000000.0,
        "Amortization Of Intangibles Income Statement": 132000000.0,
        "Selling General And Administration": 286000000.0,
        "Selling And Marketing Expense": 217000000.0,
        "General And Administrative Expense": 69000000.0,
        "Other Gand A": 73000000.0,
        "Salaries And Wages": -4000000.0,
        "Gross Profit": 577000000.0,
        "Cost Of Revenue": 1128000000.0,
        "Total Revenue": 1705000000.0,
        "Operating Revenue": 1705000000.0
    },
    "2023-12-31": {
        "Tax Effect Of Unusual Items": -38916256.157635,
        "Tax Rate For Calcs": 0.246305,
        "Normalized EBITDA": 97000000.0,
        "Total Unusual Items": -158000000.0,
        "Total Unusual Items Excluding Goodwill": -158000000.0,
        "Net Income From Continuing Operation Net Minority Interest": -153000000.0,
        "Reconciled Depreciation": 135000000.0,
        "Reconciled Cost Of Revenue": 1118000000.0,
        "EBITDA": -61000000.0,
        "EBIT": -197000000.0,
        "Net Interest Income": 14000000.0,
        "Interest Expense": 6000000.0,
        "Interest Income": 20000000.0,
        "Normalized Income": -33916256.157635,
        "Net Income From Continuing And Discontinued Operation": -153000000.0,
        "Total Expenses": 1567000000.0,
        "Total Operating Income As Reported": -187000000.0,
        "Diluted Average Shares": NaN,
        "Basic Average Shares": NaN,
        "Diluted EPS": NaN,
        "Basic EPS": NaN,
        "Diluted NI Availto Com Stockholders": -152000000.0,
        "Average Dilution Earnings": 2000000.0,
        "Net Income Common Stockholders": -153000000.0,
        "Net Income": -153000000.0,
        "Net Income Including Noncontrolling Interests": -153000000.0,
        "Net Income Continuous Operations": -153000000.0,
        "Tax Provision": -50000000.0,
        "Pretax Income": -203000000.0,
        "Other Income Expense": -164000000.0,
        "Other Non Operating Income Expenses": -6000000.0,
        "Special Income Charges": -134000000.0,
        "Write Off": 0.0,
        "Impairment Of Capital Assets": 70000000.0,
        "Restructuring And Mergern Acquisition": 64000000.0,
        "Gain On Sale Of Security": -24000000.0,
        "Net Non Operating Interest Income Expense": 14000000.0,
        "Total Other Finance Cost": 0.0,
        "Interest Expense Non Operating": 6000000.0,
        "Interest Income Non Operating": 20000000.0,
        "Operating Income": -53000000.0,
        "Operating Expense": 450000000.0,
        "Other Taxes": 8000000.0,
        "Depreciation Amortization Depletion Income Statement": 136000000.0,
        "Depreciation And Amortization In Income Statement": 136000000.0,
        "Amortization": 136000000.0,
        "Amortization Of Intangibles Income Statement": 136000000.0,
        "Selling General And Administration": 306000000.0,
        "Selling And Marketing Expense": 212000000.0,
        "General And Administrative Expense": 94000000.0,
        "Other Gand A": 80000000.0,
        "Salaries And Wages": 14000000.0,
        "Gross Profit": 397000000.0,
        "Cost Of Revenue": 1117000000.0,
        "Total Revenue": 1514000000.0,
        "Operating Revenue": 1514000000.0
    },
    "2024-03-31": {
        "Tax Effect Of Unusual Items": -4960000.0,
        "Tax Rate For Calcs": 0.31,
        "Normalized EBITDA": 211000000.0,
        "Total Unusual Items": -16000000.0,
        "Total Unusual Items Excluding Goodwill": -16000000.0,
        "Net Income From Continuing Operation Net Minority Interest": 35000000.0,
        "Reconciled Depreciation": 138000000.0,
        "Reconciled Cost Of Revenue": 1118000000.0,
        "EBITDA": 195000000.0,
        "EBIT": 57000000.0,
        "Net Interest Income": 9000000.0,
        "Interest Expense": 7000000.0,
        "Interest Income": 17000000.0,
        "Normalized Income": 46040000.0,
        "Net Income From Continuing And Discontinued Operation": 35000000.0,
        "Total Expenses": 1569000000.0,
        "Total Operating Income As Reported": 48000000.0,
        "Diluted Average Shares": 81679000.0,
        "Basic Average Shares": 81679000.0,
        "Diluted EPS": 0.42,
        "Basic EPS": 0.42,
        "Diluted NI Availto Com Stockholders": 35000000.0,
        "Average Dilution Earnings": 0.0,
        "Net Income Common Stockholders": 35000000.0,
        "Net Income": 35000000.0,
        "Net Income Including Noncontrolling Interests": 35000000.0,
        "Net Income Continuous Operations": 35000000.0,
        "Tax Provision": 15000000.0,
        "Pretax Income": 50000000.0,
        "Other Income Expense": -17000000.0,
        "Other Non Operating Income Expenses": -1000000.0,
        "Special Income Charges": -9000000.0,
        "Write Off": NaN,
        "Impairment Of Capital Assets": -2000000.0,
        "Restructuring And Mergern Acquisition": 11000000.0,
        "Gain On Sale Of Security": -7000000.0,
        "Net Non Operating Interest Income Expense": 9000000.0,
        "Total Other Finance Cost": 1000000.0,
        "Interest Expense Non Operating": 7000000.0,
        "Interest Income Non Operating": 17000000.0,
        "Operating Income": 58000000.0,
        "Operating Expense": 451000000.0,
        "Other Taxes": 14000000.0,
        "Depreciation Amortization Depletion Income Statement": 138000000.0,
        "Depreciation And Amortization In Income Statement": 138000000.0,
        "Amortization": 138000000.0,
        "Amortization Of Intangibles Income Statement": 138000000.0,
        "Selling General And Administration": 299000000.0,
        "Selling And Marketing Expense": 219000000.0,
        "General And Administrative Expense": 80000000.0,
        "Other Gand A": 76000000.0,
        "Salaries And Wages": 4000000.0,
        "Gross Profit": 509000000.0,
        "Cost Of Revenue": 1118000000.0,
        "Total Revenue": 1627000000.0,
        "Operating Revenue": 1627000000.0
    },
    "2024-06-30": {
        "Tax Effect Of Unusual Items": -500000.0,
        "Tax Rate For Calcs": 0.25,
        "Normalized EBITDA": 286000000.0,
        "Total Unusual Items": -2000000.0,
        "Total Unusual Items Excluding Goodwill": -2000000.0,
        "Net Income From Continuing Operation Net Minority Interest": 105000000.0,
        "Reconciled Depreciation": 138000000.0,
        "Reconciled Cost Of Revenue": 1133000000.0,
        "EBITDA": 284000000.0,
        "EBIT": 146000000.0,
        "Net Interest Income": 6000000.0,
        "Interest Expense": 7000000.0,
        "Interest Income": 16000000.0,
        "Normalized Income": 106500000.0,
        "Net Income From Continuing And Discontinued Operation": 105000000.0,
        "Total Expenses": 1567000000.0,
        "Total Operating Income As Reported": 132000000.0,
        "Diluted Average Shares": 81457000.0,
        "Basic Average Shares": 81209000.0,
        "Diluted EPS": 1.2,
        "Basic EPS": 1.29,
        "Diluted NI Availto Com Stockholders": 98000000.0,
        "Average Dilution Earnings": -7000000.0,
        "Net Income Common Stockholders": 105000000.0,
        "Net Income": 105000000.0,
        "Net Income Including Noncontrolling Interests": 105000000.0,
        "Net Income Continuous Operations": 105000000.0,
        "Tax Provision": 34000000.0,
        "Pretax Income": 139000000.0,
        "Other Income Expense": -4000000.0,
        "Other Non Operating Income Expenses": -2000000.0,
        "Special Income Charges": -5000000.0,
        "Write Off": NaN,
        "Impairment Of Capital Assets": NaN,
        "Restructuring And Mergern Acquisition": 5000000.0,
        "Gain On Sale Of Security": 3000000.0,
        "Net Non Operating Interest Income Expense": 6000000.0,
        "Total Other Finance Cost": 3000000.0,
        "Interest Expense Non Operating": 7000000.0,
        "Interest Income Non Operating": 16000000.0,
        "Operating Income": 138000000.0,
        "Operating Expense": 434000000.0,
        "Other Taxes": 15000000.0,
        "Depreciation Amortization Depletion Income Statement": 138000000.0,
        "Depreciation And Amortization In Income Statement": 138000000.0,
        "Amortization": 138000000.0,
        "Amortization Of Intangibles Income Statement": 138000000.0,
        "Selling General And Administration": 281000000.0,
        "Selling And Marketing Expense": 215000000.0,
        "General And Administrative Expense": 66000000.0,
        "Other Gand A": 70000000.0,
        "Salaries And Wages": -4000000.0,
        "Gross Profit": 572000000.0,
        "Cost Of Revenue": 1133000000.0,
        "Total Revenue": 1705000000.0,
        "Operating Revenue": 1705000000.0
    },
    "2024-09-30": {
        "Tax Effect Of Unusual Items": -7394495.412844,
        "Tax Rate For Calcs": 0.238532,
        "Normalized EBITDA": 65000000.0,
        "Total Unusual Items": -31000000.0,
        "Total Unusual Items Excluding Goodwill": -31000000.0,
        "Net Income From Continuing Operation Net Minority Interest": -83000000.0,
        "Reconciled Depreciation": 136000000.0,
        "Reconciled Cost Of Revenue": 1072000000.0,
        "EBITDA": 34000000.0,
        "EBIT": -102000000.0,
        "Net Interest Income": 7000000.0,
        "Interest Expense": 7000000.0,
        "Interest Income": 14000000.0,
        "Normalized Income": -59394495.412844,
        "Net Income From Continuing And Discontinued Operation": -83000000.0,
        "Total Expenses": 1525000000.0,
        "Total Operating Income As Reported": -108000000.0,
        "Diluted Average Shares": 80346000.0,
        "Basic Average Shares": 80346000.0,
        "Diluted EPS": -1.03,
        "Basic EPS": -1.03,
        "Diluted NI Availto Com Stockholders": -83000000.0,
        "Average Dilution Earnings": 0.0,
        "Net Income Common Stockholders": -83000000.0,
        "Net Income": -83000000.0,
        "Net Income Including Noncontrolling Interests": -83000000.0,
        "Net Income Continuous Operations": -83000000.0,
        "Tax Provision": -26000000.0,
        "Pretax Income": -109000000.0,
        "Other Income Expense": -27000000.0,
        "Other Non Operating Income Expenses": 4000000.0,
        "Special Income Charges": -19000000.0,
        "Write Off": 0.0,
        "Impairment Of Capital Assets": 18000000.0,
        "Restructuring And Mergern Acquisition": 1000000.0,
        "Gain On Sale Of Security": -12000000.0,
        "Net Non Operating Interest Income Expense": 7000000.0,
        "Total Other Finance Cost": NaN,
        "Interest Expense Non Operating": 7000000.0,
        "Interest Income Non Operating": 14000000.0,
        "Operating Income": -88000000.0,
        "Operating Expense": 453000000.0,
        "Other Taxes": 35000000.0,
        "Depreciation Amortization Depletion Income Statement": 136000000.0,
        "Depreciation And Amortization In Income Statement": 136000000.0,
        "Amortization": 136000000.0,
        "Amortization Of Intangibles Income Statement": 136000000.0,
        "Selling General And Administration": 282000000.0,
        "Selling And Marketing Expense": 200000000.0,
        "General And Administrative Expense": 82000000.0,
        "Other Gand A": 67000000.0,
        "Salaries And Wages": 15000000.0,
        "Gross Profit": 365000000.0,
        "Cost Of Revenue": 1072000000.0,
        "Total Revenue": 1437000000.0,
        "Operating Revenue": 1437000000.0
    }
}