{
    "2023-03-31": {
        "Tax Effect Of Unusual Items": NaN,
        "Tax Rate For Calcs": NaN,
        "Normalized EBITDA": NaN,
        "Total Unusual Items": NaN,
        "Total Unusual Items Excluding Goodwill": NaN,
        "Net Income From Continuing Operation Net Minority Interest": NaN,
        "Reconciled Depreciation": NaN,
        "EBITDA": NaN,
        "EBIT": NaN,
        "Net Interest Income": NaN,
        "Interest Expense": NaN,
        "Interest Income": NaN,
        "Normalized Income": NaN,
        "Net Income From Continuing And Discontinued Operation": NaN,
        "Total Expenses": NaN,
        "Total Operating Income As Reported": NaN,
        "Diluted Average Shares": 47999.0,
        "Basic Average Shares": 47999.0,
        "Diluted EPS": -85.649994,
        "Basic EPS": -85.649994,
        "Diluted NI Availto Com Stockholders": NaN,
        "Net Income Common Stockholders": NaN,
        "Net Income": NaN,
        "Net Income Including Noncontrolling Interests": NaN,
        "Net Income Continuous Operations": NaN,
        "Tax Provision": 0.0,
        "Pretax Income": NaN,
        "Other Income Expense": NaN,
        "Other Non Operating Income Expenses": NaN,
        "Special Income Charges": NaN,
        "Other Special Charges": NaN,
        "Impairment Of Capital Assets": NaN,
        "Gain On Sale Of Security": NaN,
        "Net Non Operating Interest Income Expense": NaN,
        "Interest Expense Non Operating": NaN,
        "Interest Income Non Operating": NaN,
        "Operating Income": NaN,
        "Operating Expense": NaN,
        "Research And Development": NaN,
        "Selling General And Administration": NaN,
        "General And Administrative Expense": NaN,
        "Other Gand A": NaN,
        "Total Revenue": NaN,
        "Operating Revenue": NaN
    },
    "2022-12-31": {
        "Tax Effect Of Unusual Items": NaN,
        "Tax Rate For Calcs": NaN,
        "Normalized EBITDA": NaN,
        "Total Unusual Items": NaN,
        "Total Unusual Items Excluding Goodwill": NaN,
        "Net Income From Continuing Operation Net Minority Interest": NaN,
        "Reconciled Depreciation": NaN,
        "EBITDA": NaN,
        "EBIT": NaN,
        "Net Interest Income": NaN,
        "Interest Expense": NaN,
        "Interest Income": NaN,
        "Normalized Income": NaN,
        "Net Income From Continuing And Discontinued Operation": NaN,
        "Total Expenses": NaN,
        "Total Operating Income As Reported": NaN,
        "Diluted Average Shares": NaN,
        "Basic Average Shares": NaN,
        "Diluted EPS": NaN,
        "Basic EPS": NaN,
        "Diluted NI Availto Com Stockholders": NaN,
        "Net Income Common Stockholders": NaN,
        "Net Income": NaN,
        "Net Income Including Noncontrolling Interests": NaN,
        "Net Income Continuous Operations": NaN,
        "Tax Provision": -1367000.0,
        "Pretax Income": NaN,
        "Other Income Expense": NaN,
        "Other Non Operating Income Expenses": NaN,
        "Special Income Charges": NaN,
        "Other Special Charges": NaN,
        "Impairment Of Capital Assets": NaN,
        "Gain On Sale Of Security": NaN,
        "Net Non Operating Interest Income Expense": NaN,
        "Interest Expense Non Operating": NaN,
        "Interest Income Non Operating": NaN,
        "Operating Income": NaN,
        "Operating Expense": NaN,
        "Research And Development": NaN,
        "Selling General And Administration": NaN,
        "General And Administrative Expense": NaN,
        "Other Gand A": NaN,
        "Total Revenue": NaN,
        "Operating Revenue": NaN
    },
    "2022-09-30": {
        "Tax Effect Of Unusual Items": NaN,
        "Tax Rate For Calcs": NaN,
        "Normalized EBITDA": NaN,
        "Total Unusual Items": NaN,
        "Total Unusual Items Excluding Goodwill": NaN,
        "Net Income From Continuing Operation Net Minority Interest": NaN,
        "Reconciled Depreciation": NaN,
        "EBITDA": NaN,
        "EBIT": NaN,
        "Net Interest Income": NaN,
        "Interest Expense": NaN,
        "Interest Income": NaN,
        "Normalized Income": NaN,
        "Net Income From Continuing And Discontinued Operation": NaN,
        "Total Expenses": NaN,
        "Total Operating Income As Reported": NaN,
        "Diluted Average Shares": NaN,
        "Basic Average Shares": NaN,
        "Diluted EPS": NaN,
        "Basic EPS": NaN,
        "Diluted NI Availto Com Stockholders": NaN,
        "Net Income Common Stockholders": NaN,
        "Net Income": NaN,
        "Net Income Including Noncontrolling Interests": NaN,
        "Net Income Continuous Operations": NaN,
        "Tax Provision": 0.0,
        "Pretax Income": NaN,
        "Other Income Expense": NaN,
        "Other Non Operating Income Expenses": NaN,
        "Special Income Charges": NaN,
        "Other Special Charges": NaN,
        "Impairment Of Capital Assets": NaN,
        "Gain On Sale Of Security": NaN,
        "Net Non Operating Interest Income Expense": NaN,
        "Interest Expense Non Operating": NaN,
        "Interest Income Non Operating": NaN,
        "Operating Income": NaN,
        "Operating Expense": NaN,
        "Research And Development": NaN,
        "Selling General And Administration": NaN,
        "General And Administrative Expense": NaN,
        "Other Gand A": NaN,
        "Total Revenue": NaN,
        "Operating Revenue": NaN
    },
    "2022-06-30": {
        "Tax Effect Of Unusual Items": 0.0,
        "Tax Rate For Calcs": 0.0,
        "Normalized EBITDA": -5662000.0,
        "Total Unusual Items": -11636000.0,
        "Total Unusual Items Excluding Goodwill": -11636000.0,
        "Net Income From Continuing Operation Net Minority Interest": -17333000.0,
        "Reconciled Depreciation": 22000.0,
        "EBITDA": -17298000.0,
        "EBIT": -17320000.0,
        "Net Interest Income": 4000.0,
        "Interest Expense": 13000.0,
        "Interest Income": 17000.0,
        "Normalized Income": -5697000.0,
        "Net Income From Continuing And Discontinued Operation": -17333000.0,
        "Total Expenses": 5902000.0,
        "Total Operating Income As Reported": -17538000.0,
        "Diluted Average Shares": 584000.0,
        "Basic Average Shares": 584000.0,
        "Diluted EPS": -29.68,
        "Basic EPS": -29.68,
        "Diluted NI Availto Com Stockholders": -17333000.0,
        "Net Income Common Stockholders": -17333000.0,
        "Net Income": -17333000.0,
        "Net Income Including Noncontrolling Interests": -17333000.0,
        "Net Income Continuous Operations": -17333000.0,
        "Tax Provision": 0.0,
        "Pretax Income": -17333000.0,
        "Other Income Expense": -11435000.0,
        "Other Non Operating Income Expenses": 201000.0,
        "Special Income Charges": -11636000.0,
        "Impairment Of Capital Assets": 11636000.0,
        "Gain On Sale Of Security": NaN,
        "Net Non Operating Interest Income Expense": 4000.0,
        "Interest Expense Non Operating": 13000.0,
        "Interest Income Non Operating": 17000.0,
        "Operating Income": -5902000.0,
        "Operating Expense": 5902000.0,
        "Research And Development": 2995000.0,
        "Selling General And Administration": 2907000.0,
        "General And Administrative Expense": 2907000.0,
        "Other Gand A": 2907000.0,
        "Total Revenue": 0.0,
        "Operating Revenue": 0.0
    },
    "2022-03-31": {
        "Diluted EPS": -14.36,
        "Total Revenue": NaN,
        "Gross Profit": NaN,
        "Operating Income": -8,
        "EBIT": -8,
        "Net Income": -8
    },
    "2021-12-31": {
        "Diluted EPS": -24.64,
        "Total Revenue": NaN,
        "Gross Profit": NaN,
        "Operating Income": -15,
        "EBIT": -7,
        "Net Income": -13
    },
    "2021-09-30": {
        "Diluted EPS": -15.5,
        "Total Revenue": NaN,
        "Gross Profit": NaN,
        "Operating Income": -8,
        "EBIT": -8,
        "Net Income": -8
    },
    "2021-06-30": {
        "Diluted EPS": -71.0,
        "Total Revenue": NaN,
        "Gross Profit": NaN,
        "Operating Income": -45,
        "EBIT": -8,
        "Net Income": -37
    },
    "2021-03-31": {
        "Diluted EPS": -25.5,
        "Total Revenue": NaN,
        "Gross Profit": NaN,
        "Operating Income": -9,
        "EBIT": -9,
        "Net Income": -9
    },
    "2020-12-31": {
        "Diluted EPS": -21.5,
        "Total Revenue": NaN,
        "Gross Profit": NaN,
        "Operating Income": -7,
        "EBIT": -7,
        "Net Income": -7
    },
    "2020-09-30": {
        "Diluted EPS": -27.0,
        "Total Revenue": NaN,
        "Gross Profit": NaN,
        "Operating Income": -9,
        "EBIT": -9,
        "Net Income": -9
    },
    "2020-06-30": {
        "Diluted EPS": -31.5,
        "Total Revenue": NaN,
        "Gross Profit": NaN,
        "Operating Income": -8,
        "EBIT": -8,
        "Net Income": -10
    },
    "2020-03-31": {
        "Diluted EPS": -24.0,
        "Total Revenue": NaN,
        "Gross Profit": NaN,
        "Operating Income": -7,
        "EBIT": -7,
        "Net Income": -7
    },
    "2019-12-31": {
        "Diluted EPS": -32.0,
        "Total Revenue": 0,
        "Gross Profit": 0,
        "Operating Income": -5,
        "EBIT": -5,
        "Net Income": -7
    },
    "2019-09-30": {
        "Diluted EPS": -33.0,
        "Total Revenue": NaN,
        "Gross Profit": NaN,
        "Operating Income": -7,
        "EBIT": -7,
        "Net Income": -7
    },
    "2019-06-30": {
        "Diluted EPS": -30.0,
        "Total Revenue": 0,
        "Gross Profit": 0,
        "Operating Income": -6,
        "EBIT": -6,
        "Net Income": -6
    },
    "2019-03-31": {
        "Diluted EPS": -30.5,
        "Total Revenue": 0,
        "Gross Profit": 0,
        "Operating Income": -7,
        "EBIT": -7,
        "Net Income": -7
    },
    "2018-12-31": {
        "Diluted EPS": -673.57,
        "Total Revenue": 0,
        "Gross Profit": 0,
        "Operating Income": -5,
        "EBIT": -4,
        "Net Income": -23
    },
    "2018-09-30": {
        "Diluted EPS": -156.02,
        "Total Revenue": 0,
        "Gross Profit": 0,
        "Operating Income": -3,
        "EBIT": -3,
        "Net Income": -4
    },
    "2018-06-30": {
        "Diluted EPS": -121.51,
        "Total Revenue": 1,
        "Gross Profit": 1,
        "Operating Income": -3,
        "EBIT": -3,
        "Net Income": -3
    },
    "2018-03-31": {
        "Diluted EPS": -210.02,
        "Total Revenue": 0,
        "Gross Profit": 0,
        "Operating Income": -5,
        "EBIT": -5,
        "Net Income": -5
    },
    "2017-12-31": {
        "Diluted EPS": NaN,
        "Total Revenue": 0,
        "Gross Profit": 0,
        "Operating Income": -3,
        "EBIT": -3,
        "Net Income": 2
    },
    "2017-09-30": {
        "Diluted EPS": NaN,
        "Total Revenue": 0,
        "Gross Profit": 0,
        "Operating Income": -5,
        "EBIT": -4,
        "Net Income": -8
    },
    "2017-06-30": {
        "Diluted EPS": NaN,
        "Total Revenue": 1,
        "Gross Profit": 1,
        "Operating Income": -6,
        "EBIT": -6,
        "Net Income": -7
    },
    "2017-03-31": {
        "Diluted EPS": NaN,
        "Total Revenue": 0,
        "Gross Profit": 0,
        "Operating Income": -8,
        "EBIT": -8,
        "Net Income": -12
    },
    "2016-12-31": {
        "Diluted EPS": NaN,
        "Total Revenue": 1,
        "Gross Profit": 1,
        "Operating Income": -6,
        "EBIT": -6,
        "Net Income": -7
    },
    "2016-09-30": {
        "Diluted EPS": NaN,
        "Total Revenue": 1,
        "Gross Profit": 1,
        "Operating Income": -8,
        "EBIT": -7,
        "Net Income": -8
    },
    "2016-06-30": {
        "Diluted EPS": NaN,
        "Total Revenue": 0,
        "Gross Profit": 0,
        "Operating Income": -10,
        "EBIT": -9,
        "Net Income": -11
    },
    "2016-03-31": {
        "Diluted EPS": NaN,
        "Total Revenue": 0,
        "Gross Profit": 0,
        "Operating Income": -14,
        "EBIT": -13,
        "Net Income": -14
    },
    "2015-12-31": {
        "Diluted EPS": NaN,
        "Total Revenue": 1,
        "Gross Profit": 1,
        "Operating Income": -10,
        "EBIT": -9,
        "Net Income": -10
    },
    "2015-09-30": {
        "Diluted EPS": NaN,
        "Total Revenue": 0,
        "Gross Profit": 0,
        "Operating Income": -8,
        "EBIT": -8,
        "Net Income": -22
    },
    "2015-06-30": {
        "Diluted EPS": NaN,
        "Total Revenue": 0,
        "Gross Profit": 0,
        "Operating Income": -10,
        "EBIT": -10,
        "Net Income": -11
    },
    "2015-03-31": {
        "Diluted EPS": NaN,
        "Total Revenue": 0,
        "Gross Profit": -1,
        "Operating Income": -11,
        "EBIT": -10,
        "Net Income": -12
    },
    "2014-12-31": {
        "Diluted EPS": NaN,
        "Total Revenue": 1,
        "Gross Profit": 0,
        "Operating Income": -11,
        "EBIT": -10,
        "Net Income": -11
    },
    "2014-09-30": {
        "Diluted EPS": NaN,
        "Total Revenue": 1,
        "Gross Profit": 0,
        "Operating Income": -10,
        "EBIT": -10,
        "Net Income": -11
    },
    "2014-06-30": {
        "Diluted EPS": NaN,
        "Total Revenue": 1,
        "Gross Profit": 0,
        "Operating Income": -11,
        "EBIT": -10,
        "Net Income": -11
    },
    "2014-03-31": {
        "Diluted EPS": NaN,
        "Total Revenue": 0,
        "Gross Profit": -1,
        "Operating Income": -11,
        "EBIT": -10,
        "Net Income": -11
    },
    "2013-12-31": {
        "Diluted EPS": NaN,
        "Total Revenue": 0,
        "Gross Profit": 0,
        "Operating Income": -10,
        "EBIT": -10,
        "Net Income": -12
    },
    "2013-09-30": {
        "Diluted EPS": NaN,
        "Total Revenue": 0,
        "Gross Profit": 0,
        "Operating Income": -11,
        "EBIT": -11,
        "Net Income": -12
    },
    "2013-06-30": {
        "Diluted EPS": NaN,
        "Total Revenue": 0,
        "Gross Profit": 0,
        "Operating Income": -11,
        "EBIT": -11,
        "Net Income": -9
    },
    "2013-03-31": {
        "Diluted EPS": NaN,
        "Total Revenue": 0,
        "Gross Profit": 0,
        "Operating Income": -13,
        "EBIT": -12,
        "Net Income": -13
    },
    "2012-12-31": {
        "Diluted EPS": NaN,
        "Total Revenue": NaN,
        "Gross Profit": NaN,
        "Operating Income": -13,
        "EBIT": -12,
        "Net Income": -7
    },
    "2012-09-30": {
        "Diluted EPS": NaN,
        "Total Revenue": NaN,
        "Gross Profit": NaN,
        "Operating Income": -10,
        "EBIT": -10,
        "Net Income": -13
    },
    "2012-06-30": {
        "Diluted EPS": NaN,
        "Total Revenue": NaN,
        "Gross Profit": NaN,
        "Operating Income": -9,
        "EBIT": -9,
        "Net Income": -7
    },
    "2012-03-31": {
        "Diluted EPS": NaN,
        "Total Revenue": NaN,
        "Gross Profit": NaN,
        "Operating Income": -7,
        "EBIT": -6,
        "Net Income": -10
    },
    "2011-12-31": {
        "Diluted EPS": NaN,
        "Total Revenue": NaN,
        "Gross Profit": NaN,
        "Operating Income": -6,
        "EBIT": -6,
        "Net Income": -4
    },
    "2011-09-30": {
        "Diluted EPS": NaN,
        "Total Revenue": NaN,
        "Gross Profit": NaN,
        "Operating Income": -6,
        "EBIT": -6,
        "Net Income": -5
    },
    "2011-06-30": {
        "Diluted EPS": NaN,
        "Total Revenue": 0,
        "Gross Profit": 0,
        "Operating Income": -6,
        "EBIT": -6,
        "Net Income": -8
    },
    "2011-03-31": {
        "Diluted EPS": NaN,
        "Total Revenue": 0,
        "Gross Profit": 0,
        "Operating Income": -6,
        "EBIT": -6,
        "Net Income": -4
    },
    "2010-12-31": {
        "Diluted EPS": NaN,
        "Total Revenue": NaN,
        "Gross Profit": NaN,
        "Operating Income": -12,
        "EBIT": -12,
        "Net Income": -6
    },
    "2010-09-30": {
        "Diluted EPS": NaN,
        "Total Revenue": NaN,
        "Gross Profit": NaN,
        "Operating Income": -7,
        "EBIT": -6,
        "Net Income": -7
    },
    "2010-06-30": {
        "Diluted EPS": NaN,
        "Total Revenue": NaN,
        "Gross Profit": NaN,
        "Operating Income": -1,
        "EBIT": 0,
        "Net Income": -1
    },
    "2010-03-31": {
        "Diluted EPS": NaN,
        "Total Revenue": NaN,
        "Gross Profit": NaN,
        "Operating Income": -6,
        "EBIT": -5,
        "Net Income": -6
    },
    "2009-12-31": {
        "Diluted EPS": NaN,
        "Total Revenue": NaN,
        "Gross Profit": NaN,
        "Operating Income": -3,
        "EBIT": -3,
        "Net Income": -4
    },
    "2009-09-30": {
        "Diluted EPS": -0.07,
        "Total Revenue": NaN,
        "Gross Profit": NaN,
        "Operating Income": -9,
        "EBIT": -8,
        "Net Income": -9
    },
    "2009-06-30": {
        "Diluted EPS": -0.07,
        "Total Revenue": NaN,
        "Gross Profit": NaN,
        "Operating Income": -8,
        "EBIT": -7,
        "Net Income": -8
    },
    "2009-03-31": {
        "Diluted EPS": -0.09,
        "Total Revenue": NaN,
        "Gross Profit": NaN,
        "Operating Income": -9,
        "EBIT": -8,
        "Net Income": -9
    },
    "2023-06-30": {
        "Tax Effect Of Unusual Items": NaN,
        "Tax Rate For Calcs": NaN,
        "Normalized EBITDA": NaN,
        "Total Unusual Items": NaN,
        "Total Unusual Items Excluding Goodwill": NaN,
        "Net Income From Continuing Operation Net Minority Interest": NaN,
        "Reconciled Depreciation": NaN,
        "EBITDA": NaN,
        "EBIT": NaN,
        "Net Interest Income": NaN,
        "Interest Expense": NaN,
        "Interest Income": NaN,
        "Normalized Income": NaN,
        "Net Income From Continuing And Discontinued Operation": NaN,
        "Total Expenses": NaN,
        "Total Operating Income As Reported": NaN,
        "Diluted Average Shares": 224000.0,
        "Basic Average Shares": 224000.0,
        "Diluted EPS": -29.47,
        "Basic EPS": -29.47,
        "Diluted NI Availto Com Stockholders": NaN,
        "Net Income Common Stockholders": NaN,
        "Otherunder Preferred Stock Dividend": NaN,
        "Preferred Stock Dividends": NaN,
        "Net Income": NaN,
        "Net Income Including Noncontrolling Interests": NaN,
        "Net Income Continuous Operations": NaN,
        "Tax Provision": 0.0,
        "Pretax Income": NaN,
        "Other Income Expense": NaN,
        "Other Non Operating Income Expenses": NaN,
        "Special Income Charges": NaN,
        "Other Special Charges": NaN,
        "Impairment Of Capital Assets": NaN,
        "Gain On Sale Of Security": 100000.0,
        "Net Non Operating Interest Income Expense": NaN,
        "Interest Expense Non Operating": NaN,
        "Interest Income Non Operating": NaN,
        "Operating Income": NaN,
        "Operating Expense": NaN,
        "Research And Development": NaN,
        "Selling General And Administration": NaN,
        "General And Administrative Expense": NaN,
        "Other Gand A": NaN,
        "Total Revenue": NaN,
        "Operating Revenue": NaN
    },
    "2023-09-30": {
        "Tax Effect Of Unusual Items": 0.0,
        "Tax Rate For Calcs": 0.0,
        "Normalized EBITDA": -4302000.0,
        "Total Unusual Items": 0.0,
        "Total Unusual Items Excluding Goodwill": 0.0,
        "Net Income From Continuing Operation Net Minority Interest": -4425000.0,
        "Reconciled Depreciation": 110000.0,
        "EBITDA": -4302000.0,
        "EBIT": -4412000.0,
        "Net Interest Income": 99000.0,
        "Interest Expense": 13000.0,
        "Interest Income": 112000.0,
        "Normalized Income": -4425000.0,
        "Net Income From Continuing And Discontinued Operation": -4425000.0,
        "Total Expenses": 4690000.0,
        "Total Operating Income As Reported": -4690000.0,
        "Diluted Average Shares": 286000.0,
        "Basic Average Shares": 286000.0,
        "Diluted EPS": -15.47,
        "Basic EPS": -15.47,
        "Diluted NI Availto Com Stockholders": -4425000.0,
        "Net Income Common Stockholders": -4425000.0,
        "Otherunder Preferred Stock Dividend": 0.0,
        "Preferred Stock Dividends": NaN,
        "Net Income": -4425000.0,
        "Net Income Including Noncontrolling Interests": -4425000.0,
        "Net Income Continuous Operations": -4425000.0,
        "Tax Provision": 0.0,
        "Pretax Income": -4425000.0,
        "Other Income Expense": 166000.0,
        "Other Non Operating Income Expenses": 166000.0,
        "Special Income Charges": 0.0,
        "Other Special Charges": NaN,
        "Impairment Of Capital Assets": 0.0,
        "Gain On Sale Of Security": NaN,
        "Net Non Operating Interest Income Expense": 99000.0,
        "Interest Expense Non Operating": 13000.0,
        "Interest Income Non Operating": 112000.0,
        "Operating Income": -4690000.0,
        "Operating Expense": 4690000.0,
        "Research And Development": 2110000.0,
        "Selling General And Administration": 2580000.0,
        "General And Administrative Expense": 2580000.0,
        "Other Gand A": 2580000.0,
        "Total Revenue": 0.0,
        "Operating Revenue": 0.0
    },
    "2023-12-31": {
        "Tax Effect Of Unusual Items": 0.0,
        "Tax Rate For Calcs": 0.0,
        "Normalized EBITDA": -5120000.0,
        "Total Unusual Items": 0.0,
        "Total Unusual Items Excluding Goodwill": 0.0,
        "Net Income From Continuing Operation Net Minority Interest": -5154000.0,
        "Reconciled Depreciation": 22000.0,
        "EBITDA": -5120000.0,
        "EBIT": -5142000.0,
        "Net Interest Income": 49000.0,
        "Interest Expense": 12000.0,
        "Interest Income": 61000.0,
        "Normalized Income": -5154000.0,
        "Net Income From Continuing And Discontinued Operation": -5154000.0,
        "Total Expenses": 4959000.0,
        "Total Operating Income As Reported": -4959000.0,
        "Diluted Average Shares": NaN,
        "Basic Average Shares": NaN,
        "Diluted EPS": NaN,
        "Basic EPS": NaN,
        "Diluted NI Availto Com Stockholders": -5154000.0,
        "Net Income Common Stockholders": -5154000.0,
        "Otherunder Preferred Stock Dividend": NaN,
        "Preferred Stock Dividends": NaN,
        "Net Income": -5154000.0,
        "Net Income Including Noncontrolling Interests": -5154000.0,
        "Net Income Continuous Operations": -5154000.0,
        "Tax Provision": NaN,
        "Pretax Income": -5154000.0,
        "Other Income Expense": -244000.0,
        "Other Non Operating Income Expenses": -244000.0,
        "Special Income Charges": 0.0,
        "Other Special Charges": NaN,
        "Impairment Of Capital Assets": 0.0,
        "Gain On Sale Of Security": NaN,
        "Net Non Operating Interest Income Expense": 49000.0,
        "Interest Expense Non Operating": 12000.0,
        "Interest Income Non Operating": 61000.0,
        "Operating Income": -4959000.0,
        "Operating Expense": 4959000.0,
        "Research And Development": 3053000.0,
        "Selling General And Administration": 1906000.0,
        "General And Administrative Expense": 1906000.0,
        "Other Gand A": 1906000.0,
        "Total Revenue": 0.0,
        "Operating Revenue": 0.0
    },
    "2024-03-31": {
        "Tax Effect Of Unusual Items": 160193.554631,
        "Tax Rate For Calcs": 0.011033,
        "Normalized EBITDA": -4153000.0,
        "Total Unusual Items": 14520000.0,
        "Total Unusual Items Excluding Goodwill": 14520000.0,
        "Net Income From Continuing Operation Net Minority Interest": 10219000.0,
        "Reconciled Depreciation": 21000.0,
        "EBITDA": 10367000.0,
        "EBIT": 10346000.0,
        "Net Interest Income": 17000.0,
        "Interest Expense": 13000.0,
        "Interest Income": 30000.0,
        "Normalized Income": -4140806.445369,
        "Net Income From Continuing And Discontinued Operation": 10219000.0,
        "Total Expenses": 4405000.0,
        "Total Operating Income As Reported": -4405000.0,
        "Diluted Average Shares": 464999.0,
        "Basic Average Shares": 464999.0,
        "Diluted EPS": 21.979998,
        "Basic EPS": 21.979998,
        "Diluted NI Availto Com Stockholders": 10219000.0,
        "Net Income Common Stockholders": 10219000.0,
        "Otherunder Preferred Stock Dividend": NaN,
        "Preferred Stock Dividends": NaN,
        "Net Income": 10219000.0,
        "Net Income Including Noncontrolling Interests": 10219000.0,
        "Net Income Continuous Operations": 10219000.0,
        "Tax Provision": 114000.0,
        "Pretax Income": 10333000.0,
        "Other Income Expense": 14721000.0,
        "Other Non Operating Income Expenses": 201000.0,
        "Special Income Charges": 14520000.0,
        "Other Special Charges": -14520000.0,
        "Impairment Of Capital Assets": 0.0,
        "Gain On Sale Of Security": NaN,
        "Net Non Operating Interest Income Expense": 17000.0,
        "Interest Expense Non Operating": 13000.0,
        "Interest Income Non Operating": 30000.0,
        "Operating Income": -4405000.0,
        "Operating Expense": 4405000.0,
        "Research And Development": 2253000.0,
        "Selling General And Administration": 2152000.0,
        "General And Administrative Expense": 2152000.0,
        "Other Gand A": 2152000.0,
        "Total Revenue": 0.0,
        "Operating Revenue": 0.0
    },
    "2024-06-30": {
        "Tax Effect Of Unusual Items": 0.0,
        "Tax Rate For Calcs": 0.21,
        "Normalized EBITDA": -11488000.0,
        "Total Unusual Items": 0.0,
        "Total Unusual Items Excluding Goodwill": 0.0,
        "Net Income From Continuing Operation Net Minority Interest": -12024000.0,
        "Reconciled Depreciation": 229000.0,
        "EBITDA": -11488000.0,
        "EBIT": -11717000.0,
        "Net Interest Income": -90000.0,
        "Interest Expense": 110000.0,
        "Interest Income": 20000.0,
        "Normalized Income": -12024000.0,
        "Net Income From Continuing And Discontinued Operation": -12024000.0,
        "Total Expenses": 11452000.0,
        "Total Operating Income As Reported": -11452000.0,
        "Diluted Average Shares": 575000.0,
        "Basic Average Shares": 575000.0,
        "Diluted EPS": -20.91,
        "Basic EPS": -20.91,
        "Diluted NI Availto Com Stockholders": -12024000.0,
        "Net Income Common Stockholders": -12024000.0,
        "Otherunder Preferred Stock Dividend": NaN,
        "Preferred Stock Dividends": NaN,
        "Net Income": -12024000.0,
        "Net Income Including Noncontrolling Interests": -12024000.0,
        "Net Income Continuous Operations": -12024000.0,
        "Tax Provision": 197000.0,
        "Pretax Income": -11827000.0,
        "Other Income Expense": -285000.0,
        "Other Non Operating Income Expenses": -285000.0,
        "Special Income Charges": 0.0,
        "Other Special Charges": NaN,
        "Impairment Of Capital Assets": 0.0,
        "Gain On Sale Of Security": NaN,
        "Net Non Operating Interest Income Expense": -90000.0,
        "Interest Expense Non Operating": 110000.0,
        "Interest Income Non Operating": 20000.0,
        "Operating Income": -11452000.0,
        "Operating Expense": 11452000.0,
        "Research And Development": 9863000.0,
        "Selling General And Administration": 1589000.0,
        "General And Administrative Expense": 1589000.0,
        "Other Gand A": 1589000.0,
        "Total Revenue": 0.0,
        "Operating Revenue": 0.0
    },
    "2024-09-30": {
        "Tax Effect Of Unusual Items": 179618.601539,
        "Tax Rate For Calcs": 0.080294,
        "Normalized EBITDA": -5048000.0,
        "Total Unusual Items": 2237000.0,
        "Total Unusual Items Excluding Goodwill": 2237000.0,
        "Net Income From Continuing Operation Net Minority Interest": -2749000.0,
        "Reconciled Depreciation": 127000.0,
        "EBITDA": -2811000.0,
        "EBIT": -2938000.0,
        "Net Interest Income": -39000.0,
        "Interest Expense": 51000.0,
        "Interest Income": 12000.0,
        "Normalized Income": -4806381.398461,
        "Net Income From Continuing And Discontinued Operation": -2749000.0,
        "Total Expenses": 4741000.0,
        "Total Operating Income As Reported": -4741000.0,
        "Diluted Average Shares": 887000.0,
        "Basic Average Shares": 887000.0,
        "Diluted EPS": -4.23,
        "Basic EPS": -4.23,
        "Diluted NI Availto Com Stockholders": -3750000.0,
        "Net Income Common Stockholders": -3750000.0,
        "Otherunder Preferred Stock Dividend": -572000.0,
        "Preferred Stock Dividends": 1573000.0,
        "Net Income": -2749000.0,
        "Net Income Including Noncontrolling Interests": -2749000.0,
        "Net Income Continuous Operations": -2749000.0,
        "Tax Provision": -240000.0,
        "Pretax Income": -2989000.0,
        "Other Income Expense": 1791000.0,
        "Other Non Operating Income Expenses": -446000.0,
        "Special Income Charges": 71000.0,
        "Other Special Charges": -71000.0,
        "Impairment Of Capital Assets": 0.0,
        "Gain On Sale Of Security": 2166000.0,
        "Net Non Operating Interest Income Expense": -39000.0,
        "Interest Expense Non Operating": 51000.0,
        "Interest Income Non Operating": 12000.0,
        "Operating Income": -4741000.0,
        "Operating Expense": 4741000.0,
        "Research And Development": 1968000.0,
        "Selling General And Administration": 2773000.0,
        "General And Administrative Expense": 2773000.0,
        "Other Gand A": 2773000.0,
        "Total Revenue": 0.0,
        "Operating Revenue": 0.0
    }
}