{
    "2023-03-31": {
        "Tax Effect Of Unusual Items": NaN,
        "Tax Rate For Calcs": NaN,
        "Normalized EBITDA": NaN,
        "Total Unusual Items": NaN,
        "Total Unusual Items Excluding Goodwill": NaN,
        "Net Income From Continuing Operation Net Minority Interest": NaN,
        "Reconciled Depreciation": NaN,
        "Reconciled Cost Of Revenue": NaN,
        "EBITDA": NaN,
        "EBIT": NaN,
        "Net Interest Income": NaN,
        "Interest Expense": NaN,
        "Normalized Income": NaN,
        "Net Income From Continuing And Discontinued Operation": NaN,
        "Total Expenses": NaN,
        "Total Operating Income As Reported": NaN,
        "Diluted Average Shares": 11535.0,
        "Basic Average Shares": 11535.0,
        "Diluted EPS": -79.84005,
        "Basic EPS": -79.84005,
        "Diluted NI Availto Com Stockholders": NaN,
        "Net Income Common Stockholders": NaN,
        "Preferred Stock Dividends": NaN,
        "Net Income": NaN,
        "Net Income Including Noncontrolling Interests": NaN,
        "Net Income Continuous Operations": NaN,
        "Tax Provision": NaN,
        "Pretax Income": NaN,
        "Other Income Expense": NaN,
        "Other Non Operating Income Expenses": NaN,
        "Special Income Charges": NaN,
        "Other Special Charges": NaN,
        "Gain On Sale Of Security": NaN,
        "Net Non Operating Interest Income Expense": NaN,
        "Interest Expense Non Operating": NaN,
        "Operating Income": NaN,
        "Operating Expense": NaN,
        "Research And Development": NaN,
        "Selling General And Administration": NaN,
        "Selling And Marketing Expense": NaN,
        "General And Administrative Expense": NaN,
        "Other Gand A": NaN,
        "Gross Profit": NaN,
        "Cost Of Revenue": NaN,
        "Total Revenue": NaN,
        "Operating Revenue": NaN
    },
    "2022-12-31": {
        "Tax Effect Of Unusual Items": NaN,
        "Tax Rate For Calcs": NaN,
        "Normalized EBITDA": NaN,
        "Total Unusual Items": NaN,
        "Total Unusual Items Excluding Goodwill": NaN,
        "Net Income From Continuing Operation Net Minority Interest": NaN,
        "Reconciled Depreciation": NaN,
        "Reconciled Cost Of Revenue": NaN,
        "EBITDA": NaN,
        "EBIT": NaN,
        "Net Interest Income": NaN,
        "Interest Expense": NaN,
        "Normalized Income": NaN,
        "Net Income From Continuing And Discontinued Operation": NaN,
        "Total Expenses": NaN,
        "Total Operating Income As Reported": NaN,
        "Diluted Average Shares": NaN,
        "Basic Average Shares": NaN,
        "Diluted EPS": NaN,
        "Basic EPS": NaN,
        "Diluted NI Availto Com Stockholders": NaN,
        "Net Income Common Stockholders": NaN,
        "Preferred Stock Dividends": NaN,
        "Net Income": NaN,
        "Net Income Including Noncontrolling Interests": NaN,
        "Net Income Continuous Operations": NaN,
        "Tax Provision": NaN,
        "Pretax Income": NaN,
        "Other Income Expense": NaN,
        "Other Non Operating Income Expenses": NaN,
        "Special Income Charges": 0.0,
        "Other Special Charges": NaN,
        "Gain On Sale Of Security": NaN,
        "Net Non Operating Interest Income Expense": NaN,
        "Interest Expense Non Operating": NaN,
        "Operating Income": NaN,
        "Operating Expense": NaN,
        "Research And Development": NaN,
        "Selling General And Administration": NaN,
        "Selling And Marketing Expense": NaN,
        "General And Administrative Expense": NaN,
        "Other Gand A": NaN,
        "Gross Profit": NaN,
        "Cost Of Revenue": NaN,
        "Total Revenue": NaN,
        "Operating Revenue": NaN
    },
    "2022-09-30": {
        "Tax Effect Of Unusual Items": NaN,
        "Tax Rate For Calcs": NaN,
        "Normalized EBITDA": NaN,
        "Total Unusual Items": NaN,
        "Total Unusual Items Excluding Goodwill": NaN,
        "Net Income From Continuing Operation Net Minority Interest": NaN,
        "Reconciled Depreciation": NaN,
        "Reconciled Cost Of Revenue": NaN,
        "EBITDA": NaN,
        "EBIT": NaN,
        "Net Interest Income": NaN,
        "Interest Expense": NaN,
        "Normalized Income": NaN,
        "Net Income From Continuing And Discontinued Operation": NaN,
        "Total Expenses": NaN,
        "Total Operating Income As Reported": NaN,
        "Diluted Average Shares": 1004.0,
        "Basic Average Shares": 1004.0,
        "Diluted EPS": -4627.499977,
        "Basic EPS": -4627.499977,
        "Diluted NI Availto Com Stockholders": NaN,
        "Net Income Common Stockholders": NaN,
        "Preferred Stock Dividends": NaN,
        "Net Income": NaN,
        "Net Income Including Noncontrolling Interests": NaN,
        "Net Income Continuous Operations": NaN,
        "Tax Provision": NaN,
        "Pretax Income": NaN,
        "Other Income Expense": NaN,
        "Other Non Operating Income Expenses": NaN,
        "Special Income Charges": 0.0,
        "Other Special Charges": NaN,
        "Gain On Sale Of Security": NaN,
        "Net Non Operating Interest Income Expense": NaN,
        "Interest Expense Non Operating": NaN,
        "Operating Income": NaN,
        "Operating Expense": NaN,
        "Research And Development": NaN,
        "Selling General And Administration": NaN,
        "Selling And Marketing Expense": NaN,
        "General And Administrative Expense": NaN,
        "Other Gand A": NaN,
        "Gross Profit": NaN,
        "Cost Of Revenue": NaN,
        "Total Revenue": NaN,
        "Operating Revenue": NaN
    },
    "2022-06-30": {
        "Tax Effect Of Unusual Items": 0.0,
        "Tax Rate For Calcs": 0.4,
        "Normalized EBITDA": -4075000.0,
        "Total Unusual Items": NaN,
        "Total Unusual Items Excluding Goodwill": NaN,
        "Net Income From Continuing Operation Net Minority Interest": -4108000.0,
        "Reconciled Depreciation": 31000.0,
        "Reconciled Cost Of Revenue": 758000.0,
        "EBITDA": -4075000.0,
        "EBIT": -4106000.0,
        "Net Interest Income": 0.0,
        "Interest Expense": 0.0,
        "Normalized Income": -4108000.0,
        "Net Income From Continuing And Discontinued Operation": -4108000.0,
        "Total Expenses": 5049000.0,
        "Total Operating Income As Reported": -4103000.0,
        "Diluted Average Shares": 150233.0,
        "Basic Average Shares": 150233.0,
        "Diluted EPS": -27.34,
        "Basic EPS": -27.34,
        "Diluted NI Availto Com Stockholders": -4108000.0,
        "Net Income Common Stockholders": -4108000.0,
        "Net Income": -4108000.0,
        "Net Income Including Noncontrolling Interests": -4108000.0,
        "Net Income Continuous Operations": -4108000.0,
        "Tax Provision": 2000.0,
        "Pretax Income": -4106000.0,
        "Other Income Expense": -3000.0,
        "Other Non Operating Income Expenses": -3000.0,
        "Special Income Charges": NaN,
        "Other Special Charges": NaN,
        "Gain On Sale Of Security": NaN,
        "Net Non Operating Interest Income Expense": 0.0,
        "Interest Expense Non Operating": 0.0,
        "Operating Income": -4103000.0,
        "Operating Expense": 4291000.0,
        "Research And Development": 1883000.0,
        "Selling General And Administration": 2408000.0,
        "Selling And Marketing Expense": 1326000.0,
        "General And Administrative Expense": 1082000.0,
        "Other Gand A": 1082000.0,
        "Gross Profit": 188000.0,
        "Cost Of Revenue": 758000.0,
        "Total Revenue": 946000.0,
        "Operating Revenue": 946000.0
    },
    "2022-03-31": {
        "Diluted EPS": -26.33,
        "Total Revenue": 1,
        "Gross Profit": 0,
        "Operating Income": -4,
        "EBIT": -4,
        "Net Income": -4
    },
    "2021-12-31": {
        "Diluted EPS": -15.2,
        "Total Revenue": 2,
        "Gross Profit": 1,
        "Operating Income": -3,
        "EBIT": -3,
        "Net Income": -3
    },
    "2021-09-30": {
        "Diluted EPS": -15.0,
        "Total Revenue": 2,
        "Gross Profit": 1,
        "Operating Income": -3,
        "EBIT": -3,
        "Net Income": -2
    },
    "2021-06-30": {
        "Diluted EPS": -42.0,
        "Total Revenue": 2,
        "Gross Profit": 0,
        "Operating Income": -3,
        "EBIT": -3,
        "Net Income": -5
    },
    "2021-03-31": {
        "Diluted EPS": -33.0,
        "Total Revenue": 1,
        "Gross Profit": 0,
        "Operating Income": -3,
        "EBIT": -3,
        "Net Income": -3
    },
    "2020-12-31": {
        "Diluted EPS": 101.0,
        "Total Revenue": 1,
        "Gross Profit": 0,
        "Operating Income": -4,
        "EBIT": -4,
        "Net Income": -4
    },
    "2020-09-30": {
        "Diluted EPS": -39.0,
        "Total Revenue": 1,
        "Gross Profit": 0,
        "Operating Income": -3,
        "EBIT": -3,
        "Net Income": -3
    },
    "2020-06-30": {
        "Diluted EPS": -90.0,
        "Total Revenue": 0,
        "Gross Profit": 0,
        "Operating Income": -2,
        "EBIT": -1,
        "Net Income": -4
    },
    "2020-03-31": {
        "Diluted EPS": -219.0,
        "Total Revenue": 0,
        "Gross Profit": 0,
        "Operating Income": -3,
        "EBIT": -3,
        "Net Income": -3
    },
    "2019-12-31": {
        "Diluted EPS": -337.0,
        "Total Revenue": 0,
        "Gross Profit": 0,
        "Operating Income": -3,
        "EBIT": -3,
        "Net Income": -4
    },
    "2019-09-30": {
        "Diluted EPS": -275.0,
        "Total Revenue": 0,
        "Gross Profit": 0,
        "Operating Income": -3,
        "EBIT": -3,
        "Net Income": -3
    },
    "2019-06-30": {
        "Diluted EPS": -330.0,
        "Total Revenue": 0,
        "Gross Profit": 0,
        "Operating Income": -3,
        "EBIT": -3,
        "Net Income": -3
    },
    "2019-03-31": {
        "Diluted EPS": -333.0,
        "Total Revenue": 0,
        "Gross Profit": 0,
        "Operating Income": -3,
        "EBIT": -3,
        "Net Income": -3
    },
    "2018-12-31": {
        "Diluted EPS": NaN,
        "Total Revenue": 0,
        "Gross Profit": 0,
        "Operating Income": -3,
        "EBIT": -1,
        "Net Income": -3
    },
    "2018-09-30": {
        "Diluted EPS": NaN,
        "Total Revenue": 0,
        "Gross Profit": 0,
        "Operating Income": -3,
        "EBIT": 8,
        "Net Income": -32
    },
    "2018-06-30": {
        "Diluted EPS": NaN,
        "Total Revenue": 0,
        "Gross Profit": 0,
        "Operating Income": -2,
        "EBIT": 5,
        "Net Income": -19
    },
    "2018-03-31": {
        "Diluted EPS": NaN,
        "Total Revenue": 0,
        "Gross Profit": 0,
        "Operating Income": -4,
        "EBIT": 3,
        "Net Income": -13
    },
    "2017-12-31": {
        "Diluted EPS": 0.0,
        "Total Revenue": NaN,
        "Gross Profit": NaN,
        "Operating Income": NaN,
        "EBIT": NaN,
        "Net Income": NaN
    },
    "2017-09-30": {
        "Diluted EPS": NaN,
        "Total Revenue": 0,
        "Gross Profit": 0,
        "Operating Income": -2,
        "EBIT": 2,
        "Net Income": -2
    },
    "2017-06-30": {
        "Diluted EPS": NaN,
        "Total Revenue": 0,
        "Gross Profit": 0,
        "Operating Income": -2,
        "EBIT": -2,
        "Net Income": -4
    },
    "2016-12-31": {
        "Diluted EPS": 0.0,
        "Total Revenue": NaN,
        "Gross Profit": NaN,
        "Operating Income": NaN,
        "EBIT": NaN,
        "Net Income": NaN
    },
    "2023-06-30": {
        "Tax Effect Of Unusual Items": NaN,
        "Tax Rate For Calcs": NaN,
        "Normalized EBITDA": NaN,
        "Total Unusual Items": NaN,
        "Total Unusual Items Excluding Goodwill": NaN,
        "Net Income From Continuing Operation Net Minority Interest": NaN,
        "Reconciled Depreciation": NaN,
        "Reconciled Cost Of Revenue": NaN,
        "EBITDA": NaN,
        "EBIT": NaN,
        "Net Interest Income": NaN,
        "Interest Expense": 37000.0,
        "Normalized Income": NaN,
        "Net Income From Continuing And Discontinued Operation": NaN,
        "Total Expenses": NaN,
        "Total Operating Income As Reported": NaN,
        "Diluted Average Shares": 2956.0,
        "Basic Average Shares": 2956.0,
        "Diluted EPS": -1801.8,
        "Basic EPS": -1801.8,
        "Diluted NI Availto Com Stockholders": NaN,
        "Net Income Common Stockholders": NaN,
        "Preferred Stock Dividends": NaN,
        "Net Income": NaN,
        "Net Income Including Noncontrolling Interests": NaN,
        "Net Income Continuous Operations": NaN,
        "Tax Provision": NaN,
        "Pretax Income": NaN,
        "Other Income Expense": NaN,
        "Other Non Operating Income Expenses": NaN,
        "Special Income Charges": -837000.0,
        "Other Special Charges": 837000.0,
        "Gain On Sale Of Security": NaN,
        "Net Non Operating Interest Income Expense": NaN,
        "Total Other Finance Cost": NaN,
        "Interest Expense Non Operating": 37000.0,
        "Operating Income": NaN,
        "Operating Expense": NaN,
        "Research And Development": NaN,
        "Selling General And Administration": NaN,
        "Selling And Marketing Expense": NaN,
        "General And Administrative Expense": NaN,
        "Other Gand A": NaN,
        "Gross Profit": NaN,
        "Cost Of Revenue": NaN,
        "Total Revenue": NaN,
        "Operating Revenue": NaN
    },
    "2023-09-30": {
        "Tax Effect Of Unusual Items": 0.0,
        "Tax Rate For Calcs": 0.0,
        "Normalized EBITDA": -6606000.0,
        "Total Unusual Items": 284000.0,
        "Total Unusual Items Excluding Goodwill": 284000.0,
        "Net Income From Continuing Operation Net Minority Interest": -6111000.0,
        "Reconciled Depreciation": 17000.0,
        "Reconciled Cost Of Revenue": 2438000.0,
        "EBITDA": -6322000.0,
        "EBIT": -6339000.0,
        "Net Interest Income": -52000.0,
        "Interest Expense": 52000.0,
        "Normalized Income": -6395000.0,
        "Net Income From Continuing And Discontinued Operation": -6111000.0,
        "Total Expenses": 7108000.0,
        "Total Operating Income As Reported": -6339000.0,
        "Diluted Average Shares": 4215.0,
        "Basic Average Shares": 4215.0,
        "Diluted EPS": -1449.8,
        "Basic EPS": -1449.8,
        "Diluted NI Availto Com Stockholders": -6111000.0,
        "Net Income Common Stockholders": -6111000.0,
        "Preferred Stock Dividends": NaN,
        "Net Income": -6111000.0,
        "Net Income Including Noncontrolling Interests": -6111000.0,
        "Net Income Continuous Operations": -6111000.0,
        "Tax Provision": 0.0,
        "Pretax Income": -6111000.0,
        "Other Income Expense": 280000.0,
        "Other Non Operating Income Expenses": -4000.0,
        "Special Income Charges": 0.0,
        "Other Special Charges": NaN,
        "Gain On Sale Of Security": 284000.0,
        "Net Non Operating Interest Income Expense": -52000.0,
        "Total Other Finance Cost": 52000.0,
        "Interest Expense Non Operating": 52000.0,
        "Operating Income": -6339000.0,
        "Operating Expense": 4670000.0,
        "Research And Development": 1838000.0,
        "Selling General And Administration": 2832000.0,
        "Selling And Marketing Expense": 1404000.0,
        "General And Administrative Expense": 1428000.0,
        "Other Gand A": 1428000.0,
        "Gross Profit": -1669000.0,
        "Cost Of Revenue": 2438000.0,
        "Total Revenue": 769000.0,
        "Operating Revenue": 769000.0
    },
    "2023-12-31": {
        "Tax Effect Of Unusual Items": -341040.0,
        "Tax Rate For Calcs": 0.21,
        "Normalized EBITDA": -2983000.0,
        "Total Unusual Items": -1624000.0,
        "Total Unusual Items Excluding Goodwill": -1624000.0,
        "Net Income From Continuing Operation Net Minority Interest": -6363000.0,
        "Reconciled Depreciation": 16000.0,
        "Reconciled Cost Of Revenue": 754000.0,
        "EBITDA": -4607000.0,
        "EBIT": -4623000.0,
        "Net Interest Income": -120000.0,
        "Interest Expense": 120000.0,
        "Normalized Income": -5080040.0,
        "Net Income From Continuing And Discontinued Operation": -6363000.0,
        "Total Expenses": 5043000.0,
        "Total Operating Income As Reported": -4623000.0,
        "Diluted Average Shares": NaN,
        "Basic Average Shares": NaN,
        "Diluted EPS": NaN,
        "Basic EPS": NaN,
        "Diluted NI Availto Com Stockholders": -12723000.0,
        "Net Income Common Stockholders": -12723000.0,
        "Preferred Stock Dividends": NaN,
        "Net Income": -6363000.0,
        "Net Income Including Noncontrolling Interests": -6363000.0,
        "Net Income Continuous Operations": -6363000.0,
        "Tax Provision": 2000.0,
        "Pretax Income": -6361000.0,
        "Other Income Expense": -1618000.0,
        "Other Non Operating Income Expenses": 6000.0,
        "Special Income Charges": 0.0,
        "Other Special Charges": 0.0,
        "Gain On Sale Of Security": -1624000.0,
        "Net Non Operating Interest Income Expense": -120000.0,
        "Total Other Finance Cost": 120000.0,
        "Interest Expense Non Operating": 120000.0,
        "Operating Income": -4623000.0,
        "Operating Expense": 4289000.0,
        "Research And Development": 1792000.0,
        "Selling General And Administration": 2497000.0,
        "Selling And Marketing Expense": 1390000.0,
        "General And Administrative Expense": 1107000.0,
        "Other Gand A": 1107000.0,
        "Gross Profit": -334000.0,
        "Cost Of Revenue": 754000.0,
        "Total Revenue": 420000.0,
        "Operating Revenue": 420000.0
    },
    "2024-03-31": {
        "Tax Effect Of Unusual Items": 0.0,
        "Tax Rate For Calcs": 0.0,
        "Normalized EBITDA": -12267000.0,
        "Total Unusual Items": 8129000.0,
        "Total Unusual Items Excluding Goodwill": 8129000.0,
        "Net Income From Continuing Operation Net Minority Interest": 2707000.0,
        "Reconciled Depreciation": 20000.0,
        "Reconciled Cost Of Revenue": 338000.0,
        "EBITDA": -4138000.0,
        "EBIT": -4158000.0,
        "Net Interest Income": -1265000.0,
        "Interest Expense": 1265000.0,
        "Normalized Income": -5422000.0,
        "Net Income From Continuing And Discontinued Operation": 2707000.0,
        "Total Expenses": 4413000.0,
        "Total Operating Income As Reported": -4158000.0,
        "Diluted Average Shares": 3903.0,
        "Basic Average Shares": 3903.0,
        "Diluted EPS": -802.499996,
        "Basic EPS": -802.499996,
        "Diluted NI Availto Com Stockholders": -3135000.0,
        "Net Income Common Stockholders": -3135000.0,
        "Preferred Stock Dividends": 5842000.0,
        "Net Income": 2707000.0,
        "Net Income Including Noncontrolling Interests": 2707000.0,
        "Net Income Continuous Operations": 2707000.0,
        "Tax Provision": 0.0,
        "Pretax Income": 2707000.0,
        "Other Income Expense": 8130000.0,
        "Other Non Operating Income Expenses": 1000.0,
        "Special Income Charges": NaN,
        "Other Special Charges": NaN,
        "Gain On Sale Of Security": 8129000.0,
        "Net Non Operating Interest Income Expense": -1265000.0,
        "Total Other Finance Cost": 1265000.0,
        "Interest Expense Non Operating": 1265000.0,
        "Operating Income": -4158000.0,
        "Operating Expense": 4075000.0,
        "Research And Development": 1715000.0,
        "Selling General And Administration": 2360000.0,
        "Selling And Marketing Expense": 929000.0,
        "General And Administrative Expense": 1431000.0,
        "Other Gand A": 1431000.0,
        "Gross Profit": -83000.0,
        "Cost Of Revenue": 338000.0,
        "Total Revenue": 255000.0,
        "Operating Revenue": 255000.0
    },
    "2024-06-30": {
        "Tax Effect Of Unusual Items": 0.0,
        "Tax Rate For Calcs": 0.0,
        "Normalized EBITDA": 31878000.0,
        "Total Unusual Items": -37255000.0,
        "Total Unusual Items Excluding Goodwill": -37255000.0,
        "Net Income From Continuing Operation Net Minority Interest": -42665000.0,
        "Reconciled Depreciation": 28000.0,
        "Reconciled Cost Of Revenue": 334000.0,
        "EBITDA": -5377000.0,
        "EBIT": -5405000.0,
        "Net Interest Income": -4000.0,
        "Interest Expense": 4000.0,
        "Normalized Income": -5410000.0,
        "Net Income From Continuing And Discontinued Operation": -42665000.0,
        "Total Expenses": 5750000.0,
        "Total Operating Income As Reported": -5405000.0,
        "Diluted Average Shares": 11571.0,
        "Basic Average Shares": 11571.0,
        "Diluted EPS": -3685.9,
        "Basic EPS": -3685.9,
        "Diluted NI Availto Com Stockholders": -42665000.0,
        "Net Income Common Stockholders": -42665000.0,
        "Preferred Stock Dividends": NaN,
        "Net Income": -42665000.0,
        "Net Income Including Noncontrolling Interests": -42665000.0,
        "Net Income Continuous Operations": -42665000.0,
        "Tax Provision": 0.0,
        "Pretax Income": -42665000.0,
        "Other Income Expense": -37256000.0,
        "Other Non Operating Income Expenses": -1000.0,
        "Special Income Charges": 0.0,
        "Other Special Charges": NaN,
        "Gain On Sale Of Security": -37255000.0,
        "Net Non Operating Interest Income Expense": -4000.0,
        "Total Other Finance Cost": 4000.0,
        "Interest Expense Non Operating": 4000.0,
        "Operating Income": -5405000.0,
        "Operating Expense": 5416000.0,
        "Research And Development": 1789000.0,
        "Selling General And Administration": 3627000.0,
        "Selling And Marketing Expense": 865000.0,
        "General And Administrative Expense": 2762000.0,
        "Other Gand A": 2762000.0,
        "Gross Profit": 11000.0,
        "Cost Of Revenue": 334000.0,
        "Total Revenue": 345000.0,
        "Operating Revenue": 345000.0
    },
    "2024-09-30": {
        "Tax Effect Of Unusual Items": 0.0,
        "Tax Rate For Calcs": 0.0,
        "Normalized EBITDA": -5238000.0,
        "Total Unusual Items": 6000.0,
        "Total Unusual Items Excluding Goodwill": 6000.0,
        "Net Income From Continuing Operation Net Minority Interest": -5092000.0,
        "Reconciled Depreciation": 11000.0,
        "Reconciled Cost Of Revenue": 946000.0,
        "EBITDA": -5232000.0,
        "EBIT": -5243000.0,
        "Net Interest Income": 9000.0,
        "Interest Expense": NaN,
        "Normalized Income": -5098000.0,
        "Net Income From Continuing And Discontinued Operation": -5092000.0,
        "Total Expenses": 6415000.0,
        "Total Operating Income As Reported": -5243000.0,
        "Diluted Average Shares": 17026.0,
        "Basic Average Shares": 17026.0,
        "Diluted EPS": -430.9,
        "Basic EPS": -430.9,
        "Diluted NI Availto Com Stockholders": -7345000.0,
        "Net Income Common Stockholders": -7345000.0,
        "Preferred Stock Dividends": 2253000.0,
        "Net Income": -5092000.0,
        "Net Income Including Noncontrolling Interests": -5092000.0,
        "Net Income Continuous Operations": -5092000.0,
        "Tax Provision": 0.0,
        "Pretax Income": -5092000.0,
        "Other Income Expense": 142000.0,
        "Other Non Operating Income Expenses": 136000.0,
        "Special Income Charges": 0.0,
        "Other Special Charges": NaN,
        "Gain On Sale Of Security": 6000.0,
        "Net Non Operating Interest Income Expense": 9000.0,
        "Total Other Finance Cost": -9000.0,
        "Interest Expense Non Operating": NaN,
        "Operating Income": -5243000.0,
        "Operating Expense": 5469000.0,
        "Research And Development": 2225000.0,
        "Selling General And Administration": 3244000.0,
        "Selling And Marketing Expense": 983000.0,
        "General And Administrative Expense": 2261000.0,
        "Other Gand A": 2261000.0,
        "Gross Profit": 226000.0,
        "Cost Of Revenue": 946000.0,
        "Total Revenue": 1172000.0,
        "Operating Revenue": 1172000.0
    }
}