{
    "2023-06-30": {
        "Tax Effect Of Unusual Items": NaN,
        "Tax Rate For Calcs": NaN,
        "Normalized EBITDA": NaN,
        "Total Unusual Items": NaN,
        "Total Unusual Items Excluding Goodwill": NaN,
        "Net Income From Continuing Operation Net Minority Interest": NaN,
        "Reconciled Depreciation": 7380000000.0,
        "Reconciled Cost Of Revenue": NaN,
        "EBITDA": NaN,
        "EBIT": NaN,
        "Net Interest Income": NaN,
        "Interest Expense": NaN,
        "Interest Income": NaN,
        "Normalized Income": NaN,
        "Net Income From Continuing And Discontinued Operation": NaN,
        "Total Expenses": NaN,
        "Total Operating Income As Reported": NaN,
        "Diluted Average Shares": NaN,
        "Basic Average Shares": NaN,
        "Diluted EPS": NaN,
        "Basic EPS": NaN,
        "Diluted NI Availto Com Stockholders": NaN,
        "Net Income Common Stockholders": NaN,
        "Net Income": NaN,
        "Minority Interests": NaN,
        "Net Income Including Noncontrolling Interests": NaN,
        "Net Income Continuous Operations": NaN,
        "Tax Provision": NaN,
        "Pretax Income": NaN,
        "Other Income Expense": NaN,
        "Earnings From Equity Interest": NaN,
        "Gain On Sale Of Security": NaN,
        "Net Non Operating Interest Income Expense": NaN,
        "Interest Expense Non Operating": NaN,
        "Interest Income Non Operating": NaN,
        "Operating Income": NaN,
        "Operating Expense": NaN,
        "Selling General And Administration": NaN,
        "Selling And Marketing Expense": NaN,
        "General And Administrative Expense": NaN,
        "Other Gand A": NaN,
        "Gross Profit": NaN,
        "Cost Of Revenue": NaN,
        "Total Revenue": NaN,
        "Operating Revenue": NaN
    },
    "2023-03-31": {
        "Tax Effect Of Unusual Items": 336963368.504878,
        "Tax Rate For Calcs": 0.230166,
        "Normalized EBITDA": 50046000000.0,
        "Total Unusual Items": 1464000000.0,
        "Total Unusual Items Excluding Goodwill": 1464000000.0,
        "Net Income From Continuing Operation Net Minority Interest": 30745000000.0,
        "Reconciled Depreciation": 8466000000.0,
        "Reconciled Cost Of Revenue": 162738000000.0,
        "EBITDA": 51510000000.0,
        "EBIT": 43044000000.0,
        "Net Interest Income": 2129000000.0,
        "Interest Expense": 2860000000.0,
        "Interest Income": 4989000000.0,
        "Normalized Income": 29617963368.50488,
        "Net Income From Continuing And Discontinued Operation": 30745000000.0,
        "Total Expenses": 195316000000.0,
        "Total Operating Income As Reported": 37577000000.0,
        "Diluted Average Shares": 5489878685.0,
        "Basic Average Shares": 5481366536.0,
        "Diluted EPS": 5.6,
        "Basic EPS": 5.61,
        "Diluted NI Availto Com Stockholders": 30745000000.0,
        "Net Income Common Stockholders": 30745000000.0,
        "Net Income": 30745000000.0,
        "Minority Interests": -190000000.0,
        "Net Income Including Noncontrolling Interests": 30935000000.0,
        "Net Income Continuous Operations": 30935000000.0,
        "Tax Provision": 9249000000.0,
        "Pretax Income": 40184000000.0,
        "Other Income Expense": 1468000000.0,
        "Earnings From Equity Interest": 4000000.0,
        "Gain On Sale Of Security": 1464000000.0,
        "Net Non Operating Interest Income Expense": 2129000000.0,
        "Interest Expense Non Operating": 2860000000.0,
        "Interest Income Non Operating": 4989000000.0,
        "Operating Income": 36587000000.0,
        "Operating Expense": 32578000000.0,
        "Selling General And Administration": 23085000000.0,
        "Selling And Marketing Expense": -40487000000.0,
        "General And Administrative Expense": 63572000000.0,
        "Other Gand A": -17313000000.0,
        "Gross Profit": 69165000000.0,
        "Cost Of Revenue": 162738000000.0,
        "Total Revenue": 231903000000.0,
        "Operating Revenue": 231903000000.0
    },
    "2022-12-31": {
        "Tax Effect Of Unusual Items": 415121905.81606,
        "Tax Rate For Calcs": 0.22897,
        "Normalized EBITDA": 50070000000.0,
        "Total Unusual Items": 1813000000.0,
        "Total Unusual Items Excluding Goodwill": 1813000000.0,
        "Net Income From Continuing Operation Net Minority Interest": 30529000000.0,
        "Reconciled Depreciation": 9229000000.0,
        "Reconciled Cost Of Revenue": 163273000000.0,
        "EBITDA": 51883000000.0,
        "EBIT": 42654000000.0,
        "Net Interest Income": 1668000000.0,
        "Interest Expense": 2902000000.0,
        "Interest Income": 4570000000.0,
        "Normalized Income": 29131121905.81606,
        "Net Income From Continuing And Discontinued Operation": 30529000000.0,
        "Total Expenses": 196045000000.0,
        "Total Operating Income As Reported": 37636000000.0,
        "Diluted Average Shares": 5486025875.0,
        "Basic Average Shares": 5480138169.0,
        "Diluted EPS": 5.56,
        "Basic EPS": 5.57,
        "Diluted NI Availto Com Stockholders": 30529000000.0,
        "Net Income Common Stockholders": 30529000000.0,
        "Net Income": 30529000000.0,
        "Minority Interests": -121000000.0,
        "Net Income Including Noncontrolling Interests": 30650000000.0,
        "Net Income Continuous Operations": 30650000000.0,
        "Tax Provision": 9102000000.0,
        "Pretax Income": 39752000000.0,
        "Other Income Expense": 1839000000.0,
        "Earnings From Equity Interest": 26000000.0,
        "Gain On Sale Of Security": 1813000000.0,
        "Net Non Operating Interest Income Expense": 1668000000.0,
        "Interest Expense Non Operating": 2902000000.0,
        "Interest Income Non Operating": 4570000000.0,
        "Operating Income": 36245000000.0,
        "Operating Expense": 32772000000.0,
        "Selling General And Administration": 32772000000.0,
        "Selling And Marketing Expense": 17752000000.0,
        "General And Administrative Expense": 15020000000.0,
        "Other Gand A": 15020000000.0,
        "Gross Profit": 69017000000.0,
        "Cost Of Revenue": 163273000000.0,
        "Total Revenue": 232290000000.0,
        "Operating Revenue": 232290000000.0
    },
    "2022-09-30": {
        "Tax Effect Of Unusual Items": 238281629.192129,
        "Tax Rate For Calcs": 0.225432,
        "Normalized EBITDA": 43383000000.0,
        "Total Unusual Items": 1057000000.0,
        "Total Unusual Items Excluding Goodwill": 1057000000.0,
        "Net Income From Continuing Operation Net Minority Interest": 26590000000.0,
        "Reconciled Depreciation": 7969000000.0,
        "Reconciled Cost Of Revenue": 163835000000.0,
        "EBITDA": 44440000000.0,
        "EBIT": 36471000000.0,
        "Net Interest Income": 1770000000.0,
        "Interest Expense": 2270000000.0,
        "Interest Income": 4040000000.0,
        "Normalized Income": 25771281629.192127,
        "Net Income From Continuing And Discontinued Operation": 26590000000.0,
        "Total Expenses": 193951000000.0,
        "Total Operating Income As Reported": 32503000000.0,
        "Diluted Average Shares": 5484785054.0,
        "Basic Average Shares": 5476167685.0,
        "Diluted EPS": 4.85,
        "Basic EPS": 4.86,
        "Diluted NI Availto Com Stockholders": 26590000000.0,
        "Net Income Common Stockholders": 26590000000.0,
        "Net Income": 26590000000.0,
        "Minority Interests": 99000000.0,
        "Net Income Including Noncontrolling Interests": 26491000000.0,
        "Net Income Continuous Operations": 26491000000.0,
        "Tax Provision": 7710000000.0,
        "Pretax Income": 34201000000.0,
        "Other Income Expense": 985000000.0,
        "Earnings From Equity Interest": -72000000.0,
        "Gain On Sale Of Security": 1057000000.0,
        "Net Non Operating Interest Income Expense": 1770000000.0,
        "Interest Expense Non Operating": 2270000000.0,
        "Interest Income Non Operating": 4040000000.0,
        "Operating Income": 31446000000.0,
        "Operating Expense": 30116000000.0,
        "Selling General And Administration": 30116000000.0,
        "Selling And Marketing Expense": 15140000000.0,
        "General And Administrative Expense": 14976000000.0,
        "Other Gand A": 14976000000.0,
        "Gross Profit": 61562000000.0,
        "Cost Of Revenue": 163835000000.0,
        "Total Revenue": 225397000000.0,
        "Operating Revenue": 225397000000.0
    },
    "2022-06-30": {
        "Tax Effect Of Unusual Items": 270912738.663484,
        "Tax Rate For Calcs": 0.236605,
        "Normalized EBITDA": 42158000000.0,
        "Total Unusual Items": 1145000000.0,
        "Total Unusual Items Excluding Goodwill": 1145000000.0,
        "Net Income From Continuing Operation Net Minority Interest": 25636000000.0,
        "Reconciled Depreciation": 7738000000.0,
        "Reconciled Cost Of Revenue": 155600000000.0,
        "EBITDA": 43303000000.0,
        "EBIT": 35565000000.0,
        "Net Interest Income": 1534000000.0,
        "Interest Expense": 2045000000.0,
        "Interest Income": 3579000000.0,
        "Normalized Income": 24761912738.663483,
        "Net Income From Continuing And Discontinued Operation": 25636000000.0,
        "Total Expenses": 184430000000.0,
        "Total Operating Income As Reported": 31890000000.0,
        "Diluted Average Shares": 5485057994.0,
        "Basic Average Shares": 5471449783.0,
        "Diluted EPS": 4.67,
        "Basic EPS": 4.69,
        "Diluted NI Availto Com Stockholders": 25636000000.0,
        "Net Income Common Stockholders": 25636000000.0,
        "Net Income": 25636000000.0,
        "Minority Interests": 47000000.0,
        "Net Income Including Noncontrolling Interests": 25589000000.0,
        "Net Income Continuous Operations": 25589000000.0,
        "Tax Provision": 7931000000.0,
        "Pretax Income": 33520000000.0,
        "Other Income Expense": 1130000000.0,
        "Earnings From Equity Interest": -15000000.0,
        "Gain On Sale Of Security": 1145000000.0,
        "Net Non Operating Interest Income Expense": 1534000000.0,
        "Interest Expense Non Operating": 2045000000.0,
        "Interest Income Non Operating": 3579000000.0,
        "Operating Income": 30856000000.0,
        "Operating Expense": 28830000000.0,
        "Selling General And Administration": 28830000000.0,
        "Selling And Marketing Expense": 15359000000.0,
        "General And Administrative Expense": 13471000000.0,
        "Other Gand A": 13471000000.0,
        "Gross Profit": 59686000000.0,
        "Cost Of Revenue": 155600000000.0,
        "Total Revenue": 215286000000.0,
        "Operating Revenue": 215286000000.0
    },
    "2022-03-31": {
        "Diluted EPS": 0.07,
        "Total Revenue": NaN,
        "Gross Profit": 749,
        "Operating Income": 434,
        "EBIT": 524,
        "Net Income": 382
    },
    "2021-12-31": {
        "Diluted EPS": 0.07,
        "Total Revenue": NaN,
        "Gross Profit": 812,
        "Operating Income": 477,
        "EBIT": 577,
        "Net Income": 399
    },
    "2021-09-30": {
        "Diluted EPS": 0.07,
        "Total Revenue": NaN,
        "Gross Profit": 797,
        "Operating Income": 470,
        "EBIT": 574,
        "Net Income": 394
    },
    "2021-06-30": {
        "Diluted EPS": 0.08,
        "Total Revenue": NaN,
        "Gross Profit": 740,
        "Operating Income": 468,
        "EBIT": 581,
        "Net Income": 435
    },
    "2021-03-31": {
        "Diluted EPS": 0.07,
        "Total Revenue": NaN,
        "Gross Profit": 743,
        "Operating Income": 482,
        "EBIT": 577,
        "Net Income": 420
    },
    "2020-12-31": {
        "Diluted EPS": 0.07,
        "Total Revenue": NaN,
        "Gross Profit": 717,
        "Operating Income": 463,
        "EBIT": 573,
        "Net Income": 406
    },
    "2020-09-30": {
        "Diluted EPS": 0.06,
        "Total Revenue": NaN,
        "Gross Profit": 622,
        "Operating Income": 382,
        "EBIT": 474,
        "Net Income": 335
    },
    "2020-06-30": {
        "Diluted EPS": 0.06,
        "Total Revenue": NaN,
        "Gross Profit": 601,
        "Operating Income": 356,
        "EBIT": 437,
        "Net Income": 315
    },
    "2020-03-31": {
        "Diluted EPS": 0.04,
        "Total Revenue": NaN,
        "Gross Profit": 445,
        "Operating Income": 274,
        "EBIT": 340,
        "Net Income": 236
    },
    "2019-12-31": {
        "Diluted EPS": 0.06,
        "Total Revenue": NaN,
        "Gross Profit": 631,
        "Operating Income": 382,
        "EBIT": 455,
        "Net Income": 344
    },
    "2019-09-30": {
        "Diluted EPS": 0.06,
        "Total Revenue": NaN,
        "Gross Profit": 612,
        "Operating Income": 379,
        "EBIT": 445,
        "Net Income": 362
    },
    "2019-06-30": {
        "Diluted EPS": 0.06,
        "Total Revenue": NaN,
        "Gross Profit": 622,
        "Operating Income": 367,
        "EBIT": 439,
        "Net Income": 346
    },
    "2019-03-31": {
        "Diluted EPS": 0.06,
        "Total Revenue": NaN,
        "Gross Profit": 651,
        "Operating Income": 407,
        "EBIT": 490,
        "Net Income": 369
    },
    "2018-12-31": {
        "Diluted EPS": 0.06,
        "Total Revenue": NaN,
        "Gross Profit": 670,
        "Operating Income": 412,
        "EBIT": 491,
        "Net Income": 361
    },
    "2018-09-30": {
        "Diluted EPS": 0.05,
        "Total Revenue": NaN,
        "Gross Profit": 602,
        "Operating Income": 285,
        "EBIT": 342,
        "Net Income": 260
    },
    "2018-06-30": {
        "Diluted EPS": 0.05,
        "Total Revenue": NaN,
        "Gross Profit": 576,
        "Operating Income": 340,
        "EBIT": 403,
        "Net Income": 310
    },
    "2018-03-31": {
        "Diluted EPS": 0.05,
        "Total Revenue": NaN,
        "Gross Profit": 597,
        "Operating Income": 291,
        "EBIT": 373,
        "Net Income": 271
    },
    "2017-12-31": {
        "Diluted EPS": 0.05,
        "Total Revenue": NaN,
        "Gross Profit": 637,
        "Operating Income": 309,
        "EBIT": 396,
        "Net Income": 302
    },
    "2017-09-30": {
        "Diluted EPS": 0.05,
        "Total Revenue": NaN,
        "Gross Profit": 606,
        "Operating Income": 353,
        "EBIT": 432,
        "Net Income": 336
    },
    "2017-06-30": {
        "Diluted EPS": 0.05,
        "Total Revenue": NaN,
        "Gross Profit": 606,
        "Operating Income": 342,
        "EBIT": 418,
        "Net Income": 321
    },
    "2017-03-31": {
        "Diluted EPS": 0.06,
        "Total Revenue": NaN,
        "Gross Profit": 672,
        "Operating Income": 424,
        "EBIT": 560,
        "Net Income": 387
    },
    "2016-12-31": {
        "Diluted EPS": 0.05,
        "Total Revenue": NaN,
        "Gross Profit": 593,
        "Operating Income": 341,
        "EBIT": 418,
        "Net Income": 309
    },
    "2016-09-30": {
        "Diluted EPS": 0.05,
        "Total Revenue": NaN,
        "Gross Profit": 598,
        "Operating Income": 345,
        "EBIT": 418,
        "Net Income": 310
    },
    "2016-06-30": {
        "Diluted EPS": 0.05,
        "Total Revenue": NaN,
        "Gross Profit": 586,
        "Operating Income": 338,
        "EBIT": 407,
        "Net Income": 303
    },
    "2016-03-31": {
        "Diluted EPS": 0.05,
        "Total Revenue": NaN,
        "Gross Profit": 581,
        "Operating Income": 355,
        "EBIT": 420,
        "Net Income": 320
    },
    "2015-12-31": {
        "Diluted EPS": 0.05,
        "Total Revenue": NaN,
        "Gross Profit": 579,
        "Operating Income": 361,
        "EBIT": 417,
        "Net Income": 338
    },
    "2015-09-30": {
        "Diluted EPS": 0.05,
        "Total Revenue": NaN,
        "Gross Profit": 600,
        "Operating Income": 370,
        "EBIT": 370,
        "Net Income": 341
    },
    "2015-06-30": {
        "Diluted EPS": 0.05,
        "Total Revenue": NaN,
        "Gross Profit": 590,
        "Operating Income": 377,
        "EBIT": 377,
        "Net Income": 344
    },
    "2015-03-31": {
        "Diluted EPS": 0.06,
        "Total Revenue": NaN,
        "Gross Profit": 662,
        "Operating Income": 479,
        "EBIT": 479,
        "Net Income": 366
    },
    "2014-12-31": {
        "Diluted EPS": 0.05,
        "Total Revenue": NaN,
        "Gross Profit": 587,
        "Operating Income": 381,
        "Net Income": 348
    },
    "2014-09-30": {
        "Diluted EPS": 0.05,
        "Total Revenue": NaN,
        "Gross Profit": 581,
        "Operating Income": 351,
        "EBIT": 447,
        "Net Income": 337
    },
    "2014-06-30": {
        "Diluted EPS": 0.05,
        "Total Revenue": NaN,
        "Gross Profit": 606,
        "Operating Income": 377,
        "EBIT": 377,
        "Net Income": 353
    },
    "2014-03-31": {
        "Diluted EPS": 0.06,
        "Total Revenue": NaN,
        "Gross Profit": 565,
        "Operating Income": 382,
        "EBIT": 434,
        "Net Income": 371
    },
    "2013-12-31": {
        "Diluted EPS": 0.05,
        "Total Revenue": NaN,
        "Gross Profit": 587,
        "Operating Income": 369,
        "EBIT": 420,
        "Net Income": 325
    },
    "2013-09-30": {
        "Diluted EPS": 0.05,
        "Total Revenue": NaN,
        "Gross Profit": 535,
        "Operating Income": 322,
        "EBIT": 362,
        "Net Income": 309
    },
    "2013-06-30": {
        "Diluted EPS": 0.04,
        "Total Revenue": NaN,
        "Gross Profit": 506,
        "Operating Income": 297,
        "EBIT": 339,
        "Net Income": 273
    },
    "2013-03-31": {
        "Diluted EPS": 0.05,
        "Total Revenue": NaN,
        "Gross Profit": NaN,
        "Operating Income": NaN,
        "EBIT": NaN,
        "Net Income": 317
    },
    "2012-12-31": {
        "Diluted EPS": 0.04,
        "Total Revenue": NaN,
        "Gross Profit": 619,
        "Operating Income": 341,
        "EBIT": 341,
        "Net Income": 313
    },
    "2012-09-30": {
        "Diluted EPS": 0.04,
        "Total Revenue": NaN,
        "Gross Profit": 628,
        "Operating Income": 348,
        "EBIT": 348,
        "Net Income": 304
    },
    "2012-06-30": {
        "Diluted EPS": 0.04,
        "Total Revenue": NaN,
        "Gross Profit": 575,
        "Operating Income": 306,
        "EBIT": 355,
        "Net Income": 286
    },
    "2012-03-31": {
        "Diluted EPS": 0.04,
        "Total Revenue": NaN,
        "Gross Profit": 744,
        "Operating Income": 510,
        "EBIT": 568,
        "Net Income": 291
    },
    "2011-12-31": {
        "Diluted EPS": 0.04,
        "Total Revenue": NaN,
        "Gross Profit": 549,
        "Operating Income": 303,
        "EBIT": 345,
        "Net Income": 275
    },
    "2011-09-30": {
        "Diluted EPS": 0.04,
        "Total Revenue": NaN,
        "Gross Profit": 511,
        "Operating Income": 285,
        "EBIT": 332,
        "Net Income": 265
    },
    "2011-06-30": {
        "Diluted EPS": 0.04,
        "Total Revenue": NaN,
        "Gross Profit": 559,
        "Operating Income": 320,
        "EBIT": 372,
        "Net Income": 299
    },
    "2011-03-31": {
        "Diluted EPS": 0.04,
        "Total Revenue": NaN,
        "Gross Profit": 517,
        "Operating Income": 262,
        "EBIT": 314,
        "Net Income": 309
    },
    "2010-12-31": {
        "Diluted EPS": 0.04,
        "Total Revenue": NaN,
        "Gross Profit": 551,
        "Operating Income": 319,
        "EBIT": 365,
        "Net Income": 294
    },
    "2010-09-30": {
        "Diluted EPS": 0.04,
        "Total Revenue": NaN,
        "Gross Profit": 549,
        "Operating Income": 325,
        "EBIT": 370,
        "Net Income": 292
    },
    "2010-06-30": {
        "Diluted EPS": 0.04,
        "Total Revenue": NaN,
        "Gross Profit": 501,
        "Operating Income": 302,
        "EBIT": 343,
        "Net Income": 286
    },
    "2010-03-31": {
        "Diluted EPS": 0.04,
        "Total Revenue": NaN,
        "Gross Profit": 319,
        "Operating Income": 108,
        "EBIT": 154,
        "Net Income": 270
    },
    "2009-12-31": {
        "Diluted EPS": 0.04,
        "Total Revenue": NaN,
        "Gross Profit": 466,
        "Operating Income": 283,
        "EBIT": 329,
        "Net Income": 260
    },
    "2009-09-30": {
        "Diluted EPS": 0.03,
        "Total Revenue": NaN,
        "Gross Profit": 446,
        "Operating Income": 270,
        "EBIT": 305,
        "Net Income": 245
    },
    "2009-06-30": {
        "Diluted EPS": 0.03,
        "Total Revenue": NaN,
        "Gross Profit": 442,
        "Operating Income": 268,
        "EBIT": 315,
        "Net Income": 213
    },
    "2009-03-31": {
        "Diluted EPS": 0.02,
        "Total Revenue": NaN,
        "Gross Profit": 668,
        "Operating Income": 556,
        "EBIT": 570,
        "Net Income": 178
    },
    "2023-09-30": {
        "Tax Effect Of Unusual Items": NaN,
        "Tax Rate For Calcs": NaN,
        "Normalized EBITDA": NaN,
        "Total Unusual Items": NaN,
        "Total Unusual Items Excluding Goodwill": NaN,
        "Net Income From Continuing Operation Net Minority Interest": NaN,
        "Reconciled Depreciation": 8970000000.0,
        "Reconciled Cost Of Revenue": NaN,
        "EBITDA": NaN,
        "EBIT": NaN,
        "Net Interest Income": NaN,
        "Interest Expense": NaN,
        "Interest Income": NaN,
        "Normalized Income": NaN,
        "Net Income From Continuing And Discontinued Operation": NaN,
        "Total Expenses": NaN,
        "Total Operating Income As Reported": NaN,
        "Diluted Average Shares": 10491282396.0,
        "Basic Average Shares": 10465734732.0,
        "Diluted EPS": 2.52,
        "Basic EPS": 2.53,
        "Diluted NI Availto Com Stockholders": NaN,
        "Net Income Common Stockholders": NaN,
        "Net Income": NaN,
        "Minority Interests": NaN,
        "Net Income Including Noncontrolling Interests": NaN,
        "Net Income Continuous Operations": NaN,
        "Tax Provision": NaN,
        "Pretax Income": NaN,
        "Other Income Expense": NaN,
        "Earnings From Equity Interest": NaN,
        "Gain On Sale Of Security": NaN,
        "Net Non Operating Interest Income Expense": NaN,
        "Interest Expense Non Operating": NaN,
        "Interest Income Non Operating": NaN,
        "Operating Income": NaN,
        "Operating Expense": NaN,
        "Selling General And Administration": NaN,
        "Selling And Marketing Expense": NaN,
        "General And Administrative Expense": NaN,
        "Other Gand A": NaN,
        "Gross Profit": NaN,
        "Cost Of Revenue": NaN,
        "Total Revenue": NaN,
        "Operating Revenue": NaN
    },
    "2024-06-30": {
        "Tax Effect Of Unusual Items": 403395414.760294,
        "Tax Rate For Calcs": 0.244927,
        "Normalized EBITDA": 49146000000.0,
        "Total Unusual Items": 1647000000.0,
        "Total Unusual Items Excluding Goodwill": 1647000000.0,
        "Net Income From Continuing Operation Net Minority Interest": 30032000000.0,
        "Reconciled Depreciation": 7289000000.0,
        "Reconciled Cost Of Revenue": 153306000000.0,
        "EBITDA": 50793000000.0,
        "EBIT": 43504000000.0,
        "Net Interest Income": 2339000000.0,
        "Interest Expense": 3288000000.0,
        "Interest Income": 5627000000.0,
        "Normalized Income": 28788395414.760296,
        "Net Income From Continuing And Discontinued Operation": 30032000000.0,
        "Total Expenses": 183363000000.0,
        "Total Operating Income As Reported": 36069000000.0,
        "Diluted Average Shares": 10473536226.0,
        "Basic Average Shares": 10451552512.0,
        "Diluted EPS": 2.865,
        "Basic EPS": 2.875,
        "Diluted NI Availto Com Stockholders": 30032000000.0,
        "Net Income Common Stockholders": 30032000000.0,
        "Net Income": 30032000000.0,
        "Minority Interests": -334000000.0,
        "Net Income Including Noncontrolling Interests": 30366000000.0,
        "Net Income Continuous Operations": 30366000000.0,
        "Tax Provision": 9850000000.0,
        "Pretax Income": 40216000000.0,
        "Other Income Expense": 1602000000.0,
        "Earnings From Equity Interest": -45000000.0,
        "Gain On Sale Of Security": 1647000000.0,
        "Net Non Operating Interest Income Expense": 2339000000.0,
        "Interest Expense Non Operating": 3288000000.0,
        "Interest Income Non Operating": 5627000000.0,
        "Operating Income": 36275000000.0,
        "Operating Expense": 30057000000.0,
        "Selling General And Administration": 30057000000.0,
        "Selling And Marketing Expense": 15844000000.0,
        "General And Administrative Expense": 14213000000.0,
        "Other Gand A": 14213000000.0,
        "Gross Profit": 66332000000.0,
        "Cost Of Revenue": 153306000000.0,
        "Total Revenue": 219638000000.0,
        "Operating Revenue": 219638000000.0
    },
    "2024-09-30": {
        "Tax Effect Of Unusual Items": 546266211.604096,
        "Tax Rate For Calcs": 0.245734,
        "Normalized EBITDA": 52432000000.0,
        "Total Unusual Items": 2223000000.0,
        "Total Unusual Items Excluding Goodwill": 2223000000.0,
        "Net Income From Continuing Operation Net Minority Interest": 32088000000.0,
        "Reconciled Depreciation": 8308000000.0,
        "Reconciled Cost Of Revenue": 155049000000.0,
        "EBITDA": 54655000000.0,
        "EBIT": 46347000000.0,
        "Net Interest Income": 3007000000.0,
        "Interest Expense": 3569000000.0,
        "Interest Income": 6576000000.0,
        "Normalized Income": 30411266211.604095,
        "Net Income From Continuing And Discontinued Operation": 32088000000.0,
        "Total Expenses": 185471000000.0,
        "Total Operating Income As Reported": 37149000000.0,
        "Diluted Average Shares": 10482157874.0,
        "Basic Average Shares": 10453511270.0,
        "Diluted EPS": 3.06,
        "Basic EPS": 3.07,
        "Diluted NI Availto Com Stockholders": 32088000000.0,
        "Net Income Common Stockholders": 32088000000.0,
        "Net Income": 32088000000.0,
        "Minority Interests": -178000000.0,
        "Net Income Including Noncontrolling Interests": 32266000000.0,
        "Net Income Continuous Operations": 32266000000.0,
        "Tax Provision": 10512000000.0,
        "Pretax Income": 42778000000.0,
        "Other Income Expense": 2226000000.0,
        "Earnings From Equity Interest": 3000000.0,
        "Gain On Sale Of Security": 2223000000.0,
        "Net Non Operating Interest Income Expense": 3007000000.0,
        "Interest Expense Non Operating": 3569000000.0,
        "Interest Income Non Operating": 6576000000.0,
        "Operating Income": 37545000000.0,
        "Operating Expense": 30422000000.0,
        "Selling General And Administration": 30422000000.0,
        "Selling And Marketing Expense": 17388000000.0,
        "General And Administrative Expense": 13034000000.0,
        "Other Gand A": 13034000000.0,
        "Gross Profit": 67967000000.0,
        "Cost Of Revenue": 155049000000.0,
        "Total Revenue": 223016000000.0,
        "Operating Revenue": 223016000000.0
    },
    "2024-12-31": {
        "Tax Effect Of Unusual Items": 644156917.342196,
        "Tax Rate For Calcs": 0.243999,
        "Normalized EBITDA": 46039000000.0,
        "Total Unusual Items": 2640000000.0,
        "Total Unusual Items Excluding Goodwill": 2640000000.0,
        "Net Income From Continuing Operation Net Minority Interest": 33538000000.0,
        "Reconciled Depreciation": NaN,
        "Reconciled Cost Of Revenue": 153922000000.0,
        "EBITDA": 48679000000.0,
        "EBIT": 48679000000.0,
        "Net Interest Income": 3332000000.0,
        "Interest Expense": 4146000000.0,
        "Interest Income": 7478000000.0,
        "Normalized Income": 31542156917.342197,
        "Net Income From Continuing And Discontinued Operation": 33538000000.0,
        "Total Expenses": 184632000000.0,
        "Total Operating Income As Reported": 38966000000.0,
        "Diluted Average Shares": 10482964010.0,
        "Basic Average Shares": 10457414881.0,
        "Diluted EPS": 3.2,
        "Basic EPS": 3.21,
        "Diluted NI Availto Com Stockholders": 33538000000.0,
        "Net Income Common Stockholders": 33538000000.0,
        "Net Income": 33538000000.0,
        "Minority Interests": -129000000.0,
        "Net Income Including Noncontrolling Interests": 33667000000.0,
        "Net Income Continuous Operations": 33667000000.0,
        "Tax Provision": 10866000000.0,
        "Pretax Income": 44533000000.0,
        "Other Income Expense": 2645000000.0,
        "Earnings From Equity Interest": 5000000.0,
        "Gain On Sale Of Security": 2640000000.0,
        "Net Non Operating Interest Income Expense": 3332000000.0,
        "Interest Expense Non Operating": 4146000000.0,
        "Interest Income Non Operating": 7478000000.0,
        "Operating Income": 38556000000.0,
        "Operating Expense": 30710000000.0,
        "Selling General And Administration": 30710000000.0,
        "Selling And Marketing Expense": 16081000000.0,
        "General And Administrative Expense": 14629000000.0,
        "Other Gand A": 14629000000.0,
        "Gross Profit": 69266000000.0,
        "Cost Of Revenue": 153922000000.0,
        "Total Revenue": 223188000000.0,
        "Operating Revenue": 223188000000.0
    },
    "2024-03-31": {
        "Tax Effect Of Unusual Items": 862792190.979235,
        "Tax Rate For Calcs": 0.259955,
        "Normalized EBITDA": 38611000000.0,
        "Total Unusual Items": 3319000000.0,
        "Total Unusual Items Excluding Goodwill": 3319000000.0,
        "Net Income From Continuing Operation Net Minority Interest": 28346000000.0,
        "Reconciled Depreciation": NaN,
        "Reconciled Cost Of Revenue": 157219000000.0,
        "EBITDA": 41930000000.0,
        "EBIT": 41930000000.0,
        "Net Interest Income": 2033000000.0,
        "Interest Expense": 3308000000.0,
        "Interest Income": 5341000000.0,
        "Normalized Income": 25889792190.979237,
        "Net Income From Continuing And Discontinued Operation": 28346000000.0,
        "Total Expenses": 188611000000.0,
        "Total Operating Income As Reported": 35373000000.0,
        "Diluted Average Shares": NaN,
        "Basic Average Shares": NaN,
        "Diluted EPS": NaN,
        "Basic EPS": NaN,
        "Diluted NI Availto Com Stockholders": 28346000000.0,
        "Net Income Common Stockholders": 28346000000.0,
        "Net Income": 28346000000.0,
        "Minority Interests": -236000000.0,
        "Net Income Including Noncontrolling Interests": 28582000000.0,
        "Net Income Continuous Operations": 28582000000.0,
        "Tax Provision": 10040000000.0,
        "Pretax Income": 38622000000.0,
        "Other Income Expense": 3117000000.0,
        "Earnings From Equity Interest": -202000000.0,
        "Gain On Sale Of Security": 1290000000.0,
        "Net Non Operating Interest Income Expense": 2033000000.0,
        "Interest Expense Non Operating": 3308000000.0,
        "Interest Income Non Operating": 5341000000.0,
        "Operating Income": 33472000000.0,
        "Operating Expense": 31392000000.0,
        "Selling General And Administration": 18771000000.0,
        "Selling And Marketing Expense": -48108000000.0,
        "General And Administrative Expense": 66879000000.0,
        "Other Gand A": -22956000000.0,
        "Gross Profit": 64864000000.0,
        "Cost Of Revenue": 157219000000.0,
        "Total Revenue": 222083000000.0,
        "Operating Revenue": 222083000000.0
    },
    "2023-12-31": {
        "Tax Effect Of Unusual Items": 314509163.593367,
        "Tax Rate For Calcs": 0.239717,
        "Normalized EBITDA": 37334000000.0,
        "Total Unusual Items": 1312000000.0,
        "Total Unusual Items Excluding Goodwill": 1312000000.0,
        "Net Income From Continuing Operation Net Minority Interest": 26942000000.0,
        "Reconciled Depreciation": NaN,
        "Reconciled Cost Of Revenue": 153826000000.0,
        "EBITDA": 38646000000.0,
        "EBIT": 38646000000.0,
        "Net Interest Income": 1610000000.0,
        "Interest Expense": 3125000000.0,
        "Interest Income": 4735000000.0,
        "Normalized Income": 25944509163.59337,
        "Net Income From Continuing And Discontinued Operation": 26942000000.0,
        "Total Expenses": 189448000000.0,
        "Total Operating Income As Reported": 32865000000.0,
        "Diluted Average Shares": 10461832626.0,
        "Basic Average Shares": 10436941772.0,
        "Diluted EPS": 2.58,
        "Basic EPS": 2.58,
        "Diluted NI Availto Com Stockholders": 26942000000.0,
        "Net Income Common Stockholders": 26942000000.0,
        "Net Income": 26942000000.0,
        "Minority Interests": -64000000.0,
        "Net Income Including Noncontrolling Interests": 27006000000.0,
        "Net Income Continuous Operations": 27006000000.0,
        "Tax Provision": 8515000000.0,
        "Pretax Income": 35521000000.0,
        "Other Income Expense": 1308000000.0,
        "Earnings From Equity Interest": -4000000.0,
        "Gain On Sale Of Security": 1312000000.0,
        "Net Non Operating Interest Income Expense": 1610000000.0,
        "Interest Expense Non Operating": 3125000000.0,
        "Interest Income Non Operating": 4735000000.0,
        "Operating Income": 32603000000.0,
        "Operating Expense": 35622000000.0,
        "Selling General And Administration": 35622000000.0,
        "Selling And Marketing Expense": 19178000000.0,
        "General And Administrative Expense": 16444000000.0,
        "Other Gand A": 16444000000.0,
        "Gross Profit": 68225000000.0,
        "Cost Of Revenue": 153826000000.0,
        "Total Revenue": 222051000000.0,
        "Operating Revenue": 222051000000.0
    }
}