{
    "2023-06-30": {
        "Tax Effect Of Unusual Items": -72900.0,
        "Tax Rate For Calcs": 0.243,
        "Normalized EBITDA": 101400000.0,
        "Total Unusual Items": -300000.0,
        "Total Unusual Items Excluding Goodwill": -300000.0,
        "Net Income From Continuing Operation Net Minority Interest": 29900000.0,
        "Reconciled Depreciation": 25900000.0,
        "Reconciled Cost Of Revenue": 10699000000.0,
        "EBITDA": 101100000.0,
        "EBIT": 75200000.0,
        "Net Interest Income": -32500000.0,
        "Interest Expense": 34900000.0,
        "Interest Income": 2400000.0,
        "Normalized Income": 30127100.0,
        "Net Income From Continuing And Discontinued Operation": 29900000.0,
        "Total Expenses": 10904900000.0,
        "Total Operating Income As Reported": 75500000.0,
        "Diluted Average Shares": 62500000.0,
        "Basic Average Shares": 62300000.0,
        "Diluted EPS": 0.48,
        "Basic EPS": 0.48,
        "Diluted NI Availto Com Stockholders": 29900000.0,
        "Net Income Common Stockholders": 29900000.0,
        "Net Income": 29900000.0,
        "Minority Interests": -500000.0,
        "Net Income Including Noncontrolling Interests": 30500000.0,
        "Net Income Continuous Operations": 30500000.0,
        "Tax Provision": 9800000.0,
        "Pretax Income": 40300000.0,
        "Other Income Expense": -3100000.0,
        "Other Non Operating Income Expenses": -2800000.0,
        "Special Income Charges": -300000.0,
        "Write Off": 300000.0,
        "Restructuring And Mergern Acquisition": NaN,
        "Net Non Operating Interest Income Expense": -32500000.0,
        "Interest Expense Non Operating": 34900000.0,
        "Interest Income Non Operating": 2400000.0,
        "Operating Income": 75800000.0,
        "Operating Expense": 205900000.0,
        "Selling General And Administration": 205900000.0,
        "General And Administrative Expense": 205900000.0,
        "Other Gand A": 80800000.0,
        "Salaries And Wages": 125100000.0,
        "Gross Profit": 281700000.0,
        "Cost Of Revenue": 10699000000.0,
        "Total Revenue": 10980700000.0,
        "Operating Revenue": 10980700000.0
    },
    "2023-03-31": {
        "Tax Effect Of Unusual Items": 0.0,
        "Tax Rate For Calcs": 0.156,
        "Normalized EBITDA": 88400000.0,
        "Total Unusual Items": 0.0,
        "Total Unusual Items Excluding Goodwill": 0.0,
        "Net Income From Continuing Operation Net Minority Interest": 22800000.0,
        "Reconciled Depreciation": 25800000.0,
        "Reconciled Cost Of Revenue": 12218900000.0,
        "EBITDA": 88400000.0,
        "EBIT": 62600000.0,
        "Net Interest Income": -34300000.0,
        "Interest Expense": 35900000.0,
        "Interest Income": 1600000.0,
        "Normalized Income": 22800000.0,
        "Net Income From Continuing And Discontinued Operation": 22800000.0,
        "Total Expenses": 12417100000.0,
        "Total Operating Income As Reported": 64600000.0,
        "Diluted Average Shares": 62800000.0,
        "Basic Average Shares": 62200000.0,
        "Diluted EPS": 0.36,
        "Basic EPS": 0.37,
        "Diluted NI Availto Com Stockholders": 22800000.0,
        "Net Income Common Stockholders": 22800000.0,
        "Net Income": 22800000.0,
        "Minority Interests": 200000.0,
        "Net Income Including Noncontrolling Interests": 22600000.0,
        "Net Income Continuous Operations": 22500000.0,
        "Tax Provision": 4200000.0,
        "Pretax Income": 26700000.0,
        "Other Income Expense": -3500000.0,
        "Other Non Operating Income Expenses": -3500000.0,
        "Special Income Charges": 0.0,
        "Write Off": NaN,
        "Restructuring And Mergern Acquisition": 0.0,
        "Net Non Operating Interest Income Expense": -34300000.0,
        "Interest Expense Non Operating": 35900000.0,
        "Interest Income Non Operating": 1600000.0,
        "Operating Income": 64500000.0,
        "Operating Expense": 198200000.0,
        "Selling General And Administration": 198200000.0,
        "General And Administrative Expense": 198200000.0,
        "Other Gand A": 79000000.0,
        "Salaries And Wages": 119200000.0,
        "Gross Profit": 262700000.0,
        "Cost Of Revenue": 12218900000.0,
        "Total Revenue": 12481600000.0,
        "Operating Revenue": 12481600000.0
    },
    "2022-12-31": {
        "Tax Effect Of Unusual Items": NaN,
        "Tax Rate For Calcs": NaN,
        "Normalized EBITDA": NaN,
        "Total Unusual Items": NaN,
        "Total Unusual Items Excluding Goodwill": NaN,
        "Net Income From Continuing Operation Net Minority Interest": NaN,
        "Reconciled Depreciation": NaN,
        "Reconciled Cost Of Revenue": NaN,
        "EBITDA": NaN,
        "EBIT": NaN,
        "Net Interest Income": NaN,
        "Interest Expense": NaN,
        "Interest Income": NaN,
        "Normalized Income": NaN,
        "Net Income From Continuing And Discontinued Operation": NaN,
        "Total Expenses": NaN,
        "Total Operating Income As Reported": NaN,
        "Diluted Average Shares": NaN,
        "Basic Average Shares": NaN,
        "Diluted EPS": NaN,
        "Basic EPS": NaN,
        "Diluted NI Availto Com Stockholders": NaN,
        "Net Income Common Stockholders": NaN,
        "Net Income": NaN,
        "Minority Interests": NaN,
        "Net Income Including Noncontrolling Interests": NaN,
        "Net Income Continuous Operations": NaN,
        "Tax Provision": NaN,
        "Pretax Income": NaN,
        "Other Income Expense": NaN,
        "Other Non Operating Income Expenses": NaN,
        "Special Income Charges": NaN,
        "Write Off": 600000.0,
        "Restructuring And Mergern Acquisition": 0.0,
        "Net Non Operating Interest Income Expense": NaN,
        "Interest Expense Non Operating": NaN,
        "Interest Income Non Operating": NaN,
        "Operating Income": NaN,
        "Operating Expense": NaN,
        "Selling General And Administration": NaN,
        "General And Administrative Expense": NaN,
        "Other Gand A": NaN,
        "Salaries And Wages": NaN,
        "Gross Profit": NaN,
        "Cost Of Revenue": NaN,
        "Total Revenue": NaN,
        "Operating Revenue": NaN
    },
    "2022-09-30": {
        "Tax Effect Of Unusual Items": NaN,
        "Tax Rate For Calcs": NaN,
        "Normalized EBITDA": NaN,
        "Total Unusual Items": NaN,
        "Total Unusual Items Excluding Goodwill": NaN,
        "Net Income From Continuing Operation Net Minority Interest": NaN,
        "Reconciled Depreciation": NaN,
        "Reconciled Cost Of Revenue": NaN,
        "EBITDA": NaN,
        "EBIT": NaN,
        "Net Interest Income": NaN,
        "Interest Expense": NaN,
        "Interest Income": NaN,
        "Normalized Income": NaN,
        "Net Income From Continuing And Discontinued Operation": NaN,
        "Total Expenses": NaN,
        "Total Operating Income As Reported": NaN,
        "Diluted Average Shares": NaN,
        "Basic Average Shares": NaN,
        "Diluted EPS": NaN,
        "Basic EPS": NaN,
        "Diluted NI Availto Com Stockholders": NaN,
        "Net Income Common Stockholders": NaN,
        "Net Income": NaN,
        "Minority Interests": NaN,
        "Net Income Including Noncontrolling Interests": NaN,
        "Net Income Continuous Operations": NaN,
        "Tax Provision": NaN,
        "Pretax Income": NaN,
        "Other Income Expense": NaN,
        "Other Non Operating Income Expenses": NaN,
        "Special Income Charges": NaN,
        "Write Off": 0.0,
        "Restructuring And Mergern Acquisition": NaN,
        "Net Non Operating Interest Income Expense": NaN,
        "Interest Expense Non Operating": NaN,
        "Interest Income Non Operating": NaN,
        "Operating Income": NaN,
        "Operating Expense": NaN,
        "Selling General And Administration": NaN,
        "General And Administrative Expense": NaN,
        "Other Gand A": NaN,
        "Salaries And Wages": NaN,
        "Gross Profit": NaN,
        "Cost Of Revenue": NaN,
        "Total Revenue": NaN,
        "Operating Revenue": NaN
    },
    "2022-06-30": {
        "Tax Effect Of Unusual Items": 0.0,
        "Tax Rate For Calcs": 0.4,
        "Normalized EBITDA": 75100000.0,
        "Total Unusual Items": 0.0,
        "Total Unusual Items Excluding Goodwill": 0.0,
        "Net Income From Continuing Operation Net Minority Interest": 24400000.0,
        "Reconciled Depreciation": 26300000.0,
        "Reconciled Cost Of Revenue": 16868700000.0,
        "EBITDA": 75100000.0,
        "EBIT": 48800000.0,
        "Net Interest Income": -26500000.0,
        "Interest Expense": 26500000.0,
        "Interest Income": 1300000.0,
        "Normalized Income": 24400000.0,
        "Net Income From Continuing And Discontinued Operation": 24400000.0,
        "Total Expenses": 17069300000.0,
        "Total Operating Income As Reported": 52800000.0,
        "Diluted Average Shares": 62400000.0,
        "Basic Average Shares": 62200000.0,
        "Diluted EPS": 0.39,
        "Basic EPS": 0.39,
        "Diluted NI Availto Com Stockholders": 24400000.0,
        "Net Income Common Stockholders": 24400000.0,
        "Net Income": 24400000.0,
        "Minority Interests": -400000.0,
        "Net Income Including Noncontrolling Interests": 24800000.0,
        "Net Income Continuous Operations": 24800000.0,
        "Tax Provision": -2500000.0,
        "Pretax Income": 22300000.0,
        "Other Income Expense": -4000000.0,
        "Other Non Operating Income Expenses": -4000000.0,
        "Special Income Charges": 0.0,
        "Write Off": 0.0,
        "Restructuring And Mergern Acquisition": 0.0,
        "Net Non Operating Interest Income Expense": -26500000.0,
        "Interest Expense Non Operating": 26500000.0,
        "Interest Income Non Operating": 1300000.0,
        "Operating Income": 52800000.0,
        "Operating Expense": 200600000.0,
        "Selling General And Administration": 200600000.0,
        "General And Administrative Expense": 200600000.0,
        "Other Gand A": 82300000.0,
        "Salaries And Wages": 118300000.0,
        "Gross Profit": 253400000.0,
        "Cost Of Revenue": 16868700000.0,
        "Total Revenue": 17122100000.0,
        "Operating Revenue": 17122100000.0
    },
    "2022-03-31": {
        "Diluted EPS": 0.41,
        "Total Revenue": NaN,
        "Gross Profit": 231,
        "Operating Income": 41,
        "EBIT": 69,
        "Net Income": 26
    },
    "2021-12-31": {
        "Diluted EPS": 0.24,
        "Total Revenue": NaN,
        "Gross Profit": 215,
        "Operating Income": 32,
        "EBIT": 53,
        "Net Income": 16
    },
    "2021-09-30": {
        "Diluted EPS": 0.34,
        "Total Revenue": NaN,
        "Gross Profit": 198,
        "Operating Income": 42,
        "EBIT": 61,
        "Net Income": 22
    },
    "2021-06-30": {
        "Diluted EPS": 0.28,
        "Total Revenue": NaN,
        "Gross Profit": 184,
        "Operating Income": 31,
        "EBIT": 52,
        "Net Income": 18
    },
    "2021-03-31": {
        "Diluted EPS": 0.3,
        "Total Revenue": NaN,
        "Gross Profit": 192,
        "Operating Income": 38,
        "EBIT": 57,
        "Net Income": 19
    },
    "2020-12-31": {
        "Diluted EPS": -0.05,
        "Total Revenue": NaN,
        "Gross Profit": 165,
        "Operating Income": 16,
        "EBIT": 36,
        "Net Income": -4
    },
    "2020-09-30": {
        "Diluted EPS": 1.29,
        "Total Revenue": NaN,
        "Gross Profit": 214,
        "Operating Income": 39,
        "EBIT": 61,
        "Net Income": 82
    },
    "2020-06-30": {
        "Diluted EPS": -0.16,
        "Total Revenue": NaN,
        "Gross Profit": 214,
        "Operating Income": 12,
        "EBIT": 34,
        "Net Income": -10
    },
    "2020-03-31": {
        "Diluted EPS": 0.63,
        "Total Revenue": NaN,
        "Gross Profit": 259,
        "Operating Income": 71,
        "EBIT": 93,
        "Net Income": 41
    },
    "2019-12-31": {
        "Diluted EPS": 0.86,
        "Total Revenue": NaN,
        "Gross Profit": 287,
        "Operating Income": 61,
        "EBIT": 84,
        "Net Income": 57
    },
    "2019-09-30": {
        "Diluted EPS": 0.73,
        "Total Revenue": NaN,
        "Gross Profit": 306,
        "Operating Income": 94,
        "EBIT": 115,
        "Net Income": 48
    },
    "2019-06-30": {
        "Diluted EPS": 0.55,
        "Total Revenue": NaN,
        "Gross Profit": 269,
        "Operating Income": 75,
        "EBIT": 96,
        "Net Income": 37
    },
    "2019-03-31": {
        "Diluted EPS": 0.55,
        "Total Revenue": NaN,
        "Gross Profit": 251,
        "Operating Income": 70,
        "EBIT": 93,
        "Net Income": 37
    },
    "2018-12-31": {
        "Diluted EPS": 0.45,
        "Total Revenue": NaN,
        "Gross Profit": 262,
        "Operating Income": 63,
        "EBIT": 86,
        "Net Income": 30
    },
    "2018-09-30": {
        "Diluted EPS": 0.56,
        "Total Revenue": NaN,
        "Gross Profit": 267,
        "Operating Income": 78,
        "EBIT": 99,
        "Net Income": 38
    },
    "2018-06-30": {
        "Diluted EPS": 0.42,
        "Total Revenue": NaN,
        "Gross Profit": 246,
        "Operating Income": 61,
        "EBIT": 81,
        "Net Income": 29
    },
    "2018-03-31": {
        "Diluted EPS": 0.46,
        "Total Revenue": NaN,
        "Gross Profit": 243,
        "Operating Income": 57,
        "EBIT": 76,
        "Net Income": 31
    },
    "2017-12-31": {
        "Diluted EPS": -2.82,
        "Total Revenue": NaN,
        "Gross Profit": 230,
        "Operating Income": -117,
        "EBIT": -4,
        "Net Income": -193
    },
    "2017-09-30": {
        "Diluted EPS": -0.57,
        "Total Revenue": NaN,
        "Gross Profit": 240,
        "Operating Income": 61,
        "EBIT": 82,
        "Net Income": -39
    },
    "2017-06-30": {
        "Diluted EPS": 0.44,
        "Total Revenue": NaN,
        "Gross Profit": 231,
        "Operating Income": 51,
        "EBIT": 72,
        "Net Income": 30
    },
    "2017-03-31": {
        "Diluted EPS": 0.45,
        "Total Revenue": NaN,
        "Gross Profit": 231,
        "Operating Income": 50,
        "EBIT": 73,
        "Net Income": 31
    },
    "2016-12-31": {
        "Diluted EPS": 0.03,
        "Total Revenue": NaN,
        "Gross Profit": 222,
        "Operating Income": 24,
        "EBIT": 48,
        "Net Income": 2
    },
    "2016-09-30": {
        "Diluted EPS": 0.61,
        "Total Revenue": NaN,
        "Gross Profit": 237,
        "Operating Income": 58,
        "EBIT": 80,
        "Net Income": 43
    },
    "2016-06-30": {
        "Diluted EPS": 0.43,
        "Total Revenue": NaN,
        "Gross Profit": 219,
        "Operating Income": 46,
        "EBIT": 64,
        "Net Income": 30
    },
    "2016-03-31": {
        "Diluted EPS": 0.74,
        "Total Revenue": NaN,
        "Gross Profit": 222,
        "Operating Income": 61,
        "EBIT": 79,
        "Net Income": 52
    },
    "2015-12-31": {
        "Diluted EPS": 0.64,
        "Total Revenue": NaN,
        "Gross Profit": 228,
        "Operating Income": 66,
        "EBIT": 85,
        "Net Income": 45
    },
    "2015-09-30": {
        "Diluted EPS": 0.62,
        "Total Revenue": NaN,
        "Gross Profit": 227,
        "Operating Income": 66,
        "EBIT": 83,
        "Net Income": 44
    },
    "2015-06-30": {
        "Diluted EPS": 0.43,
        "Total Revenue": NaN,
        "Gross Profit": 190,
        "Operating Income": 42,
        "EBIT": 59,
        "Net Income": 31
    },
    "2015-03-31": {
        "Diluted EPS": 0.78,
        "Total Revenue": NaN,
        "Gross Profit": 215,
        "Operating Income": 72,
        "EBIT": 85,
        "Net Income": 56
    },
    "2014-12-31": {
        "Diluted EPS": 0.98,
        "Total Revenue": NaN,
        "Gross Profit": 225,
        "Operating Income": 79,
        "EBIT": 94,
        "Net Income": 70
    },
    "2014-09-30": {
        "Diluted EPS": 0.78,
        "Total Revenue": NaN,
        "Gross Profit": 215,
        "Operating Income": 74,
        "EBIT": 89,
        "Net Income": 56
    },
    "2014-06-30": {
        "Diluted EPS": 0.68,
        "Total Revenue": NaN,
        "Gross Profit": 192,
        "Operating Income": 60,
        "EBIT": 75,
        "Net Income": 48
    },
    "2014-03-31": {
        "Diluted EPS": 0.71,
        "Total Revenue": NaN,
        "Gross Profit": 188,
        "Operating Income": 64,
        "EBIT": 77,
        "Net Income": 51
    },
    "2013-12-31": {
        "Diluted EPS": 0.72,
        "Total Revenue": NaN,
        "Gross Profit": 196,
        "Operating Income": 65,
        "EBIT": 77,
        "Net Income": 52
    },
    "2013-09-30": {
        "Diluted EPS": 0.72,
        "Total Revenue": NaN,
        "Gross Profit": 186,
        "Operating Income": 64,
        "EBIT": 75,
        "Net Income": 51
    },
    "2013-06-30": {
        "Diluted EPS": 0.71,
        "Total Revenue": NaN,
        "Gross Profit": 188,
        "Operating Income": 69,
        "EBIT": 80,
        "Net Income": 51
    },
    "2013-03-31": {
        "Diluted EPS": 0.68,
        "Total Revenue": NaN,
        "Gross Profit": 182,
        "Operating Income": 67,
        "EBIT": 78,
        "Net Income": 49
    },
    "2012-12-31": {
        "Diluted EPS": 0.59,
        "Total Revenue": NaN,
        "Gross Profit": 163,
        "Operating Income": 54,
        "EBIT": 64,
        "Net Income": 43
    },
    "2012-09-30": {
        "Diluted EPS": 0.72,
        "Total Revenue": NaN,
        "Gross Profit": 181,
        "Operating Income": 71,
        "EBIT": 80,
        "Net Income": 51
    },
    "2012-06-30": {
        "Diluted EPS": 0.68,
        "Total Revenue": NaN,
        "Gross Profit": 172,
        "Operating Income": 72,
        "EBIT": 80,
        "Net Income": 49
    },
    "2012-03-31": {
        "Diluted EPS": 0.65,
        "Total Revenue": NaN,
        "Gross Profit": 157,
        "Operating Income": 59,
        "EBIT": 69,
        "Net Income": 46
    },
    "2011-12-31": {
        "Diluted EPS": 0.69,
        "Total Revenue": NaN,
        "Gross Profit": 162,
        "Operating Income": 64,
        "EBIT": 76,
        "Net Income": 50
    },
    "2011-09-30": {
        "Diluted EPS": 0.74,
        "Total Revenue": NaN,
        "Gross Profit": 171,
        "Operating Income": 71,
        "EBIT": 81,
        "Net Income": 53
    },
    "2011-06-30": {
        "Diluted EPS": 0.7,
        "Total Revenue": NaN,
        "Gross Profit": 165,
        "Operating Income": 66,
        "EBIT": 77,
        "Net Income": 50
    },
    "2011-03-31": {
        "Diluted EPS": 0.58,
        "Total Revenue": NaN,
        "Gross Profit": 137,
        "Operating Income": 56,
        "EBIT": 64,
        "Net Income": 41
    },
    "2010-12-31": {
        "Diluted EPS": 0.54,
        "Total Revenue": NaN,
        "Gross Profit": 124,
        "Operating Income": 49,
        "EBIT": 55,
        "Net Income": 39
    },
    "2010-09-30": {
        "Diluted EPS": 0.6,
        "Total Revenue": NaN,
        "Gross Profit": 112,
        "Operating Income": 45,
        "EBIT": 50,
        "Net Income": 37
    },
    "2010-06-30": {
        "Diluted EPS": 0.61,
        "Total Revenue": NaN,
        "Gross Profit": 108,
        "Operating Income": 45,
        "EBIT": 49,
        "Net Income": 37
    },
    "2010-03-31": {
        "Diluted EPS": 0.56,
        "Total Revenue": NaN,
        "Gross Profit": 99,
        "Operating Income": 42,
        "EBIT": 47,
        "Net Income": 34
    },
    "2009-12-31": {
        "Diluted EPS": 0.58,
        "Total Revenue": NaN,
        "Gross Profit": 102,
        "Operating Income": 44,
        "EBIT": 48,
        "Net Income": 34
    },
    "2009-09-30": {
        "Diluted EPS": 0.48,
        "Total Revenue": NaN,
        "Gross Profit": 95,
        "Operating Income": 41,
        "EBIT": 46,
        "Net Income": 29
    },
    "2009-06-30": {
        "Diluted EPS": 0.46,
        "Total Revenue": NaN,
        "Gross Profit": 92,
        "Operating Income": 36,
        "EBIT": 40,
        "Net Income": 28
    },
    "2009-03-31": {
        "Diluted EPS": 0.44,
        "Total Revenue": NaN,
        "Gross Profit": 87,
        "Operating Income": 33,
        "EBIT": 37,
        "Net Income": 26
    },
    "2023-09-30": {
        "Tax Effect Of Unusual Items": 0.0,
        "Tax Rate For Calcs": 0.234,
        "Normalized EBITDA": 104000000.0,
        "Total Unusual Items": 0.0,
        "Total Unusual Items Excluding Goodwill": 0.0,
        "Net Income From Continuing Operation Net Minority Interest": 34900000.0,
        "Reconciled Depreciation": 26100000.0,
        "Reconciled Cost Of Revenue": 11963900000.0,
        "EBITDA": 104000000.0,
        "EBIT": 77900000.0,
        "Net Interest Income": -28600000.0,
        "Interest Expense": 31600000.0,
        "Interest Income": 3000000.0,
        "Normalized Income": 34900000.0,
        "Net Income From Continuing And Discontinued Operation": 34900000.0,
        "Total Expenses": 12172000000.0,
        "Total Operating Income As Reported": 73300000.0,
        "Diluted Average Shares": 60400000.0,
        "Basic Average Shares": 60300000.0,
        "Diluted EPS": 0.58,
        "Basic EPS": 0.58,
        "Diluted NI Availto Com Stockholders": 34900000.0,
        "Net Income Common Stockholders": 34900000.0,
        "Net Income": 34900000.0,
        "Minority Interests": -600000.0,
        "Net Income Including Noncontrolling Interests": 35500000.0,
        "Net Income Continuous Operations": 35500000.0,
        "Tax Provision": 10800000.0,
        "Pretax Income": 46300000.0,
        "Other Income Expense": 1600000.0,
        "Other Non Operating Income Expenses": 1600000.0,
        "Special Income Charges": 0.0,
        "Write Off": 0.0,
        "Restructuring And Mergern Acquisition": 0.0,
        "Net Non Operating Interest Income Expense": -28600000.0,
        "Interest Expense Non Operating": 31600000.0,
        "Interest Income Non Operating": 3000000.0,
        "Operating Income": 73300000.0,
        "Operating Expense": 208100000.0,
        "Selling General And Administration": 208100000.0,
        "General And Administrative Expense": 208100000.0,
        "Other Gand A": 76100000.0,
        "Salaries And Wages": 132000000.0,
        "Gross Profit": 281400000.0,
        "Cost Of Revenue": 11963900000.0,
        "Total Revenue": 12245300000.0,
        "Operating Revenue": 12245300000.0
    },
    "2023-12-31": {
        "Tax Effect Of Unusual Items": -10052789.699571,
        "Tax Rate For Calcs": 0.253219,
        "Normalized EBITDA": 53000000.0,
        "Total Unusual Items": -39700000.0,
        "Total Unusual Items Excluding Goodwill": -39700000.0,
        "Net Income From Continuing Operation Net Minority Interest": -34800000.0,
        "Reconciled Depreciation": 26700000.0,
        "Reconciled Cost Of Revenue": 11770600000.0,
        "EBITDA": 13300000.0,
        "EBIT": -13400000.0,
        "Net Interest Income": -32400000.0,
        "Interest Expense": 33200000.0,
        "Interest Income": 800000.0,
        "Normalized Income": -5152789.699571,
        "Net Income From Continuing And Discontinued Operation": -34800000.0,
        "Total Expenses": 11978700000.0,
        "Total Operating Income As Reported": -15300000.0,
        "Diluted Average Shares": 60100000.0,
        "Basic Average Shares": 60100000.0,
        "Diluted EPS": -0.58,
        "Basic EPS": -0.58,
        "Diluted NI Availto Com Stockholders": -34800000.0,
        "Net Income Common Stockholders": -34800000.0,
        "Net Income": -34800000.0,
        "Minority Interests": 100000.0,
        "Net Income Including Noncontrolling Interests": -34800000.0,
        "Net Income Continuous Operations": -34800000.0,
        "Tax Provision": -11800000.0,
        "Pretax Income": -46600000.0,
        "Other Income Expense": -38600000.0,
        "Other Non Operating Income Expenses": 1100000.0,
        "Special Income Charges": -39700000.0,
        "Write Off": 32500000.0,
        "Restructuring And Mergern Acquisition": 7200000.0,
        "Net Non Operating Interest Income Expense": -32400000.0,
        "Interest Expense Non Operating": 33200000.0,
        "Interest Income Non Operating": 800000.0,
        "Operating Income": 24300000.0,
        "Operating Expense": 208100000.0,
        "Selling General And Administration": 208100000.0,
        "General And Administrative Expense": 208100000.0,
        "Other Gand A": 72100000.0,
        "Salaries And Wages": 136000000.0,
        "Gross Profit": 232400000.0,
        "Cost Of Revenue": 11770600000.0,
        "Total Revenue": 12003000000.0,
        "Operating Revenue": 12003000000.0
    },
    "2024-03-31": {
        "Tax Effect Of Unusual Items": -22000.0,
        "Tax Rate For Calcs": 0.11,
        "Normalized EBITDA": 86900000.0,
        "Total Unusual Items": -200000.0,
        "Total Unusual Items Excluding Goodwill": -200000.0,
        "Net Income From Continuing Operation Net Minority Interest": 27400000.0,
        "Reconciled Depreciation": 25300000.0,
        "Reconciled Cost Of Revenue": 10697300000.0,
        "EBITDA": 86700000.0,
        "EBIT": 61400000.0,
        "Net Interest Income": -28900000.0,
        "Interest Expense": 30900000.0,
        "Interest Income": 2000000.0,
        "Normalized Income": 27578000.0,
        "Net Income From Continuing And Discontinued Operation": 27400000.0,
        "Total Expenses": 10887900000.0,
        "Total Operating Income As Reported": 63300000.0,
        "Diluted Average Shares": 60300000.0,
        "Basic Average Shares": 59900000.0,
        "Diluted EPS": 0.45,
        "Basic EPS": 0.46,
        "Diluted NI Availto Com Stockholders": 27400000.0,
        "Net Income Common Stockholders": 27400000.0,
        "Net Income": 27400000.0,
        "Minority Interests": 200000.0,
        "Net Income Including Noncontrolling Interests": 27200000.0,
        "Net Income Continuous Operations": 27200000.0,
        "Tax Provision": 3300000.0,
        "Pretax Income": 30500000.0,
        "Other Income Expense": -4100000.0,
        "Other Non Operating Income Expenses": -3900000.0,
        "Special Income Charges": -200000.0,
        "Write Off": NaN,
        "Restructuring And Mergern Acquisition": 200000.0,
        "Net Non Operating Interest Income Expense": -28900000.0,
        "Interest Expense Non Operating": 30900000.0,
        "Interest Income Non Operating": 2000000.0,
        "Operating Income": 63500000.0,
        "Operating Expense": 190600000.0,
        "Selling General And Administration": 190600000.0,
        "General And Administrative Expense": 190600000.0,
        "Other Gand A": 75100000.0,
        "Salaries And Wages": 115500000.0,
        "Gross Profit": 254100000.0,
        "Cost Of Revenue": 10697300000.0,
        "Total Revenue": 10951400000.0,
        "Operating Revenue": 10951400000.0
    }
}