{
    "2023-03-31": {
        "Tax Effect Of Unusual Items": 0.0,
        "Tax Rate For Calcs": 0.0,
        "Normalized EBITDA": -24909034.0,
        "Net Income From Continuing Operation Net Minority Interest": -24999037.0,
        "Reconciled Depreciation": 640362.0,
        "Reconciled Cost Of Revenue": 5328119.0,
        "EBITDA": -24909034.0,
        "EBIT": -25549396.0,
        "Net Interest Income": 550359.0,
        "Normalized Income": -24999037.0,
        "Net Income From Continuing And Discontinued Operation": -24999037.0,
        "Total Expenses": 27242811.0,
        "Total Operating Income As Reported": -25549396.0,
        "Diluted Average Shares": 167144351.0,
        "Basic Average Shares": 167144351.0,
        "Diluted EPS": -0.15,
        "Basic EPS": -0.15,
        "Diluted NI Availto Com Stockholders": -24999037.0,
        "Net Income Common Stockholders": -24999037.0,
        "Net Income": -24999037.0,
        "Net Income Including Noncontrolling Interests": -24999037.0,
        "Net Income Continuous Operations": -24999037.0,
        "Tax Provision": 0.0,
        "Pretax Income": -24999037.0,
        "Other Income Expense": NaN,
        "Other Non Operating Income Expenses": NaN,
        "Net Non Operating Interest Income Expense": 550359.0,
        "Total Other Finance Cost": -550359.0,
        "Operating Income": -25549396.0,
        "Operating Expense": 21914692.0,
        "Research And Development": 7224849.0,
        "Selling General And Administration": 14689843.0,
        "Gross Profit": -3634704.0,
        "Cost Of Revenue": 5328119.0,
        "Total Revenue": 1693415.0,
        "Operating Revenue": 1354500.0
    },
    "2022-12-31": {
        "Tax Effect Of Unusual Items": 0.0,
        "Tax Rate For Calcs": 0.0,
        "Normalized EBITDA": -38275492.0,
        "Total Unusual Items": 0.0,
        "Total Unusual Items Excluding Goodwill": 0.0,
        "Net Income From Continuing Operation Net Minority Interest": -38653910.0,
        "Reconciled Depreciation": 566847.0,
        "Reconciled Cost Of Revenue": 21213206.0,
        "EBITDA": -38275492.0,
        "EBIT": -38842339.0,
        "Net Interest Income": 188429.0,
        "Interest Expense": -188429.0,
        "Normalized Income": -38653910.0,
        "Net Income From Continuing And Discontinued Operation": -38653910.0,
        "Total Expenses": 42787469.0,
        "Total Operating Income As Reported": -39340049.0,
        "Diluted Average Shares": NaN,
        "Basic Average Shares": NaN,
        "Diluted EPS": NaN,
        "Basic EPS": NaN,
        "Diluted NI Availto Com Stockholders": -38653910.0,
        "Net Income Common Stockholders": -38653910.0,
        "Net Income": -38653910.0,
        "Net Income Including Noncontrolling Interests": -38653910.0,
        "Net Income Continuous Operations": -38653910.0,
        "Tax Provision": 0.0,
        "Pretax Income": -38653910.0,
        "Other Income Expense": 497710.0,
        "Other Non Operating Income Expenses": 497710.0,
        "Special Income Charges": 0.0,
        "Net Non Operating Interest Income Expense": 188429.0,
        "Total Other Finance Cost": NaN,
        "Interest Expense Non Operating": -188429.0,
        "Operating Income": -39340049.0,
        "Operating Expense": 21574263.0,
        "Research And Development": 8047594.0,
        "Selling General And Administration": 13526669.0,
        "Gross Profit": -17765786.0,
        "Cost Of Revenue": 21213206.0,
        "Total Revenue": 3447420.0,
        "Operating Revenue": 3686280.0
    },
    "2022-09-30": {
        "Tax Effect Of Unusual Items": 0.0,
        "Tax Rate For Calcs": 0.0,
        "Normalized EBITDA": -34737484.0,
        "Total Unusual Items": 0.0,
        "Total Unusual Items Excluding Goodwill": 0.0,
        "Net Income From Continuing Operation Net Minority Interest": -35405501.0,
        "Reconciled Depreciation": 668017.0,
        "Reconciled Cost Of Revenue": 9515547.0,
        "EBITDA": -34737484.0,
        "EBIT": -35405501.0,
        "Net Interest Income": 27716.0,
        "Interest Expense": 0.0,
        "Interest Income": 27716.0,
        "Normalized Income": -35405501.0,
        "Net Income From Continuing And Discontinued Operation": -35405501.0,
        "Total Expenses": 50395515.0,
        "Total Operating Income As Reported": -48846717.0,
        "Diluted Average Shares": 160213944.0,
        "Basic Average Shares": 160213944.0,
        "Diluted EPS": -0.22,
        "Basic EPS": -0.22,
        "Diluted NI Availto Com Stockholders": -35405501.0,
        "Net Income Common Stockholders": -35405501.0,
        "Net Income": -35405501.0,
        "Net Income Including Noncontrolling Interests": -35405501.0,
        "Net Income Continuous Operations": -35405501.0,
        "Tax Provision": 0.0,
        "Pretax Income": -35405501.0,
        "Other Income Expense": 13413500.0,
        "Other Non Operating Income Expenses": 13413500.0,
        "Special Income Charges": 0.0,
        "Net Non Operating Interest Income Expense": 27716.0,
        "Total Other Finance Cost": NaN,
        "Interest Expense Non Operating": 0.0,
        "Interest Income Non Operating": 27716.0,
        "Operating Income": -48846717.0,
        "Operating Expense": 40879968.0,
        "Research And Development": 6126951.0,
        "Selling General And Administration": 34753017.0,
        "Gross Profit": -7966749.0,
        "Cost Of Revenue": 9515547.0,
        "Total Revenue": 1548798.0,
        "Operating Revenue": 1336695.0
    },
    "2022-06-30": {
        "Tax Effect Of Unusual Items": 0.0,
        "Tax Rate For Calcs": 0.0,
        "Normalized EBITDA": -20674489.0,
        "Total Unusual Items": 0.0,
        "Total Unusual Items Excluding Goodwill": 0.0,
        "Net Income From Continuing Operation Net Minority Interest": -21160272.0,
        "Reconciled Depreciation": 390364.0,
        "Reconciled Cost Of Revenue": 3020204.0,
        "EBITDA": -20674489.0,
        "EBIT": -21064853.0,
        "Net Interest Income": -95419.0,
        "Interest Expense": 95419.0,
        "Interest Income": NaN,
        "Normalized Income": -21160272.0,
        "Net Income From Continuing And Discontinued Operation": -21160272.0,
        "Total Expenses": 21077408.0,
        "Total Operating Income As Reported": -21064853.0,
        "Diluted Average Shares": 159107776.0,
        "Basic Average Shares": 159107776.0,
        "Diluted EPS": -0.13,
        "Basic EPS": -0.13,
        "Diluted NI Availto Com Stockholders": -21160272.0,
        "Net Income Common Stockholders": -21160272.0,
        "Net Income": -21160272.0,
        "Net Income Including Noncontrolling Interests": -21160272.0,
        "Net Income Continuous Operations": -21160272.0,
        "Tax Provision": 0.0,
        "Pretax Income": -21160272.0,
        "Other Income Expense": NaN,
        "Other Non Operating Income Expenses": NaN,
        "Special Income Charges": 0.0,
        "Net Non Operating Interest Income Expense": -95419.0,
        "Total Other Finance Cost": NaN,
        "Interest Expense Non Operating": 95419.0,
        "Interest Income Non Operating": NaN,
        "Operating Income": -21064853.0,
        "Operating Expense": 18057204.0,
        "Research And Development": 5027061.0,
        "Selling General And Administration": 13030143.0,
        "Gross Profit": -3007649.0,
        "Cost Of Revenue": 3020204.0,
        "Total Revenue": 12555.0,
        "Operating Revenue": 12555.0
    },
    "2022-03-31": {
        "Diluted EPS": -0.15,
        "Total Revenue": 0,
        "Gross Profit": -4,
        "Operating Income": -20,
        "EBIT": -20,
        "Net Income": -22
    },
    "2021-12-31": {
        "Diluted EPS": -1.1,
        "Total Revenue": -2,
        "Gross Profit": -102,
        "Operating Income": -120,
        "EBIT": -120,
        "Net Income": -156
    },
    "2021-09-30": {
        "Diluted EPS": -0.63,
        "Total Revenue": -1,
        "Gross Profit": -12,
        "Operating Income": -26,
        "EBIT": -25,
        "Net Income": -81
    },
    "2021-06-30": {
        "Diluted EPS": -0.35,
        "Total Revenue": 1,
        "Gross Profit": -14,
        "Operating Income": -23,
        "EBIT": -22,
        "Net Income": -44
    },
    "2021-03-31": {
        "Diluted EPS": -1.04,
        "Total Revenue": 1,
        "Gross Profit": -6,
        "Operating Income": -16,
        "EBIT": -16,
        "Net Income": -121
    },
    "2020-12-31": {
        "Diluted EPS": 3.18,
        "Total Revenue": 1,
        "Gross Profit": -6,
        "Operating Income": -16,
        "EBIT": -9,
        "Net Income": 280
    },
    "2020-09-30": {
        "Diluted EPS": -0.78,
        "Total Revenue": 1,
        "Gross Profit": -2,
        "Operating Income": -10,
        "EBIT": -5,
        "Net Income": -84
    },
    "2020-06-30": {
        "Diluted EPS": -1.76,
        "Total Revenue": 0,
        "Gross Profit": -1,
        "Operating Income": -7,
        "EBIT": -6,
        "Net Income": -131
    },
    "2020-03-31": {
        "Diluted EPS": 0.06,
        "Total Revenue": 0,
        "Gross Profit": -2,
        "Operating Income": -8,
        "EBIT": -8,
        "Net Income": 5
    },
    "2019-12-31": {
        "Diluted EPS": 0.03,
        "Total Revenue": 0,
        "Gross Profit": -2,
        "Operating Income": -10,
        "EBIT": -6,
        "Net Income": 1
    },
    "2019-09-30": {
        "Diluted EPS": -0.17,
        "Total Revenue": 0,
        "Gross Profit": -1,
        "Operating Income": -6,
        "EBIT": -5,
        "Net Income": -11
    },
    "2019-06-30": {
        "Diluted EPS": -0.33,
        "Total Revenue": 0,
        "Gross Profit": -1,
        "Operating Income": -4,
        "EBIT": -4,
        "Net Income": -20
    },
    "2019-03-31": {
        "Diluted EPS": -0.11,
        "Total Revenue": 0,
        "Gross Profit": -1,
        "Operating Income": -4,
        "EBIT": -4,
        "Net Income": -6
    },
    "2018-12-31": {
        "Diluted EPS": -0.28,
        "Total Revenue": 0,
        "Gross Profit": -11,
        "Operating Income": -16,
        "EBIT": -12,
        "Net Income": -17
    },
    "2018-09-30": {
        "Diluted EPS": -0.12,
        "Total Revenue": 0,
        "Gross Profit": -1,
        "Operating Income": -6,
        "EBIT": -6,
        "Net Income": -5
    },
    "2018-06-30": {
        "Diluted EPS": -0.18,
        "Total Revenue": 0,
        "Gross Profit": -1,
        "Operating Income": -6,
        "EBIT": -6,
        "Net Income": -8
    },
    "2018-03-31": {
        "Diluted EPS": -0.16,
        "Total Revenue": 1,
        "Gross Profit": -1,
        "Operating Income": -6,
        "EBIT": -5,
        "Net Income": -6
    },
    "2017-12-31": {
        "Diluted EPS": -0.21,
        "Total Revenue": 5,
        "Gross Profit": -7,
        "Operating Income": -12,
        "EBIT": -11,
        "Net Income": -12
    },
    "2017-09-30": {
        "Diluted EPS": -0.35,
        "Total Revenue": 3,
        "Gross Profit": -4,
        "Operating Income": -12,
        "EBIT": -12,
        "Net Income": -12
    },
    "2017-06-30": {
        "Diluted EPS": -0.26,
        "Total Revenue": 0,
        "Gross Profit": -1,
        "Operating Income": -9,
        "EBIT": -9,
        "Net Income": -9
    },
    "2017-03-31": {
        "Diluted EPS": -0.24,
        "Total Revenue": 2,
        "Gross Profit": -3,
        "Operating Income": -8,
        "EBIT": -8,
        "Net Income": -8
    },
    "2016-12-31": {
        "Diluted EPS": -0.16,
        "Total Revenue": 3,
        "Gross Profit": -4,
        "Operating Income": -7,
        "EBIT": -7,
        "Net Income": -7
    },
    "2016-09-30": {
        "Diluted EPS": -0.25,
        "Total Revenue": 2,
        "Gross Profit": -2,
        "Operating Income": -5,
        "EBIT": -5,
        "Net Income": -5
    },
    "2016-06-30": {
        "Diluted EPS": -0.14,
        "Total Revenue": 1,
        "Gross Profit": -1,
        "Operating Income": -3,
        "EBIT": -3,
        "Net Income": -3
    },
    "2016-03-31": {
        "Diluted EPS": -0.23,
        "Total Revenue": 0,
        "Gross Profit": 0,
        "Operating Income": -4,
        "EBIT": -4,
        "Net Income": -4
    },
    "2015-12-31": {
        "Diluted EPS": -0.06,
        "Total Revenue": 0,
        "Gross Profit": 0,
        "Operating Income": -1,
        "EBIT": -1,
        "Net Income": -2
    },
    "2015-09-30": {
        "Diluted EPS": -0.24,
        "Total Revenue": 0,
        "Gross Profit": 0,
        "Operating Income": -3,
        "EBIT": -3,
        "Net Income": -4
    },
    "2015-06-30": {
        "Diluted EPS": -0.12,
        "Total Revenue": 0,
        "Gross Profit": 0,
        "Operating Income": -2,
        "EBIT": -2,
        "Net Income": -2
    },
    "2015-03-31": {
        "Diluted EPS": -0.13,
        "Total Revenue": NaN,
        "Gross Profit": NaN,
        "Operating Income": -2,
        "EBIT": -2,
        "Net Income": -2
    },
    "2014-12-31": {
        "Diluted EPS": -0.19,
        "Total Revenue": 0,
        "Gross Profit": 0,
        "Operating Income": -2,
        "EBIT": -1,
        "Net Income": -2
    },
    "2014-09-30": {
        "Diluted EPS": -0.1,
        "Total Revenue": NaN,
        "Gross Profit": NaN,
        "Operating Income": -2,
        "EBIT": -2,
        "Net Income": -2
    },
    "2014-06-30": {
        "Diluted EPS": -0.1,
        "Total Revenue": 0,
        "Gross Profit": 0,
        "Operating Income": -2,
        "EBIT": -2,
        "Net Income": -2
    },
    "2014-03-31": {
        "Diluted EPS": -0.1,
        "Total Revenue": NaN,
        "Gross Profit": NaN,
        "Operating Income": -1,
        "EBIT": -1,
        "Net Income": -1
    },
    "2013-12-31": {
        "Diluted EPS": -0.2,
        "Total Revenue": NaN,
        "Gross Profit": NaN,
        "Operating Income": -1,
        "EBIT": -1,
        "Net Income": -1
    },
    "2013-09-30": {
        "Diluted EPS": -0.1,
        "Total Revenue": 0,
        "Gross Profit": 0,
        "Operating Income": -1,
        "EBIT": -1,
        "Net Income": -1
    },
    "2013-06-30": {
        "Diluted EPS": -0.3,
        "Total Revenue": NaN,
        "Gross Profit": NaN,
        "Operating Income": -2,
        "EBIT": -2,
        "Net Income": -2
    },
    "2013-03-31": {
        "Diluted EPS": -0.2,
        "Total Revenue": NaN,
        "Gross Profit": NaN,
        "Operating Income": -2,
        "EBIT": -2,
        "Net Income": -2
    },
    "2012-12-31": {
        "Diluted EPS": -0.2,
        "Total Revenue": 0,
        "Gross Profit": 0,
        "Operating Income": -1,
        "EBIT": -1,
        "Net Income": -1
    },
    "2012-09-30": {
        "Diluted EPS": -0.3,
        "Total Revenue": NaN,
        "Gross Profit": NaN,
        "Operating Income": -1,
        "EBIT": -1,
        "Net Income": -1
    },
    "2012-06-30": {
        "Diluted EPS": -0.2,
        "Total Revenue": 0,
        "Gross Profit": 0,
        "Operating Income": 0,
        "EBIT": 0,
        "Net Income": -1
    },
    "2012-03-31": {
        "Diluted EPS": -0.3,
        "Total Revenue": NaN,
        "Gross Profit": NaN,
        "Operating Income": -1,
        "EBIT": -1,
        "Net Income": -1
    },
    "2011-12-31": {
        "Diluted EPS": -0.6,
        "Total Revenue": NaN,
        "Gross Profit": NaN,
        "Operating Income": -2,
        "EBIT": -2,
        "Net Income": -2
    },
    "2011-09-30": {
        "Diluted EPS": -0.6,
        "Total Revenue": NaN,
        "Gross Profit": NaN,
        "Operating Income": -2,
        "EBIT": -2,
        "Net Income": -2
    },
    "2011-06-30": {
        "Diluted EPS": -0.7,
        "Total Revenue": 0,
        "Gross Profit": 0,
        "Operating Income": -2,
        "EBIT": -2,
        "Net Income": -2
    },
    "2011-03-31": {
        "Diluted EPS": -0.7,
        "Total Revenue": 0,
        "Gross Profit": 0,
        "Operating Income": -1,
        "EBIT": -1,
        "Net Income": -2
    },
    "2010-12-31": {
        "Diluted EPS": -0.7,
        "Total Revenue": NaN,
        "Gross Profit": NaN,
        "Operating Income": -2,
        "EBIT": -2,
        "Net Income": -2
    },
    "2010-09-30": {
        "Diluted EPS": -0.5,
        "Total Revenue": NaN,
        "Gross Profit": NaN,
        "Operating Income": -1,
        "EBIT": -1,
        "Net Income": -1
    },
    "2010-06-30": {
        "Diluted EPS": -0.6,
        "Total Revenue": NaN,
        "Gross Profit": NaN,
        "Operating Income": -1,
        "EBIT": -1,
        "Net Income": -1
    },
    "2010-03-31": {
        "Diluted EPS": -0.5,
        "Total Revenue": NaN,
        "Gross Profit": NaN,
        "Operating Income": -1,
        "EBIT": -1,
        "Net Income": -1
    },
    "2009-12-31": {
        "Diluted EPS": 468.4,
        "Total Revenue": NaN,
        "Gross Profit": NaN,
        "Operating Income": 0,
        "EBIT": 0,
        "Net Income": -1
    },
    "2009-09-30": {
        "Diluted EPS": -37.2,
        "Total Revenue": NaN,
        "Gross Profit": NaN,
        "Operating Income": 0,
        "EBIT": 0,
        "Net Income": 0
    },
    "2009-06-30": {
        "Diluted EPS": -22.3,
        "Total Revenue": NaN,
        "Gross Profit": NaN,
        "Operating Income": 0,
        "EBIT": 0,
        "Net Income": 0
    },
    "2009-03-31": {
        "Diluted EPS": -470.9,
        "Total Revenue": NaN,
        "Gross Profit": NaN,
        "Operating Income": 0,
        "EBIT": 0,
        "Net Income": 0
    },
    "2023-06-30": {
        "Tax Effect Of Unusual Items": 0.0,
        "Tax Rate For Calcs": 0.0,
        "Normalized EBITDA": -22776917.0,
        "Net Income From Continuing Operation Net Minority Interest": -23017676.0,
        "Reconciled Depreciation": 746259.0,
        "Reconciled Cost Of Revenue": 8427377.0,
        "EBITDA": -22776917.0,
        "EBIT": -23523176.0,
        "Net Interest Income": 505500.0,
        "Normalized Income": -23017676.0,
        "Net Income From Continuing And Discontinued Operation": -23017676.0,
        "Total Expenses": 27489639.0,
        "Total Operating Income As Reported": -23523176.0,
        "Diluted Average Shares": 185660305.0,
        "Basic Average Shares": 185660305.0,
        "Diluted EPS": -0.12,
        "Basic EPS": -0.12,
        "Diluted NI Availto Com Stockholders": -23017676.0,
        "Net Income Common Stockholders": -23017676.0,
        "Net Income": -23017676.0,
        "Net Income Including Noncontrolling Interests": -23017676.0,
        "Net Income Continuous Operations": -23017676.0,
        "Tax Provision": 0.0,
        "Pretax Income": -23017676.0,
        "Other Income Expense": NaN,
        "Other Non Operating Income Expenses": NaN,
        "Net Non Operating Interest Income Expense": 505500.0,
        "Total Other Finance Cost": -505500.0,
        "Operating Income": -23523176.0,
        "Operating Expense": 19062262.0,
        "Research And Development": 5059745.0,
        "Selling General And Administration": 14002517.0,
        "Gross Profit": -4460914.0,
        "Cost Of Revenue": 8427377.0,
        "Total Revenue": 3966463.0,
        "Operating Revenue": 3367666.0
    },
    "2023-09-30": {
        "Tax Effect Of Unusual Items": 0.0,
        "Tax Rate For Calcs": 0.0,
        "Normalized EBITDA": -19974481.0,
        "Net Income From Continuing Operation Net Minority Interest": -30645712.0,
        "Reconciled Depreciation": 1082211.0,
        "Reconciled Cost Of Revenue": 6557358.0,
        "EBITDA": -19974481.0,
        "EBIT": -21056692.0,
        "Net Interest Income": 410980.0,
        "Normalized Income": -30645712.0,
        "Net Income From Continuing And Discontinued Operation": -30645712.0,
        "Total Expenses": 24085237.0,
        "Total Operating Income As Reported": -21056692.0,
        "Diluted Average Shares": 215878517.0,
        "Basic Average Shares": 215878517.0,
        "Diluted EPS": -0.14,
        "Basic EPS": -0.14,
        "Diluted NI Availto Com Stockholders": -30645712.0,
        "Net Income Common Stockholders": -30645712.0,
        "Net Income": -30645712.0,
        "Net Income Including Noncontrolling Interests": -30645712.0,
        "Net Income Continuous Operations": -30645712.0,
        "Tax Provision": 0.0,
        "Pretax Income": -30645712.0,
        "Other Income Expense": -10000000.0,
        "Other Non Operating Income Expenses": -10000000.0,
        "Net Non Operating Interest Income Expense": 410980.0,
        "Total Other Finance Cost": -410980.0,
        "Operating Income": -21056692.0,
        "Operating Expense": 17527879.0,
        "Research And Development": 5771588.0,
        "Selling General And Administration": 11756291.0,
        "Gross Profit": -3528813.0,
        "Cost Of Revenue": 6557358.0,
        "Total Revenue": 3028545.0,
        "Operating Revenue": 2570250.0
    },
    "2023-12-31": {
        "Tax Effect Of Unusual Items": 0.0,
        "Tax Rate For Calcs": 0.002436,
        "Normalized EBITDA": -43574859.0,
        "Net Income From Continuing Operation Net Minority Interest": -45256764.0,
        "Reconciled Depreciation": 1594343.0,
        "Reconciled Cost Of Revenue": 18037691.0,
        "EBITDA": -43574859.0,
        "EBIT": -45169202.0,
        "Net Interest Income": -10198086.0,
        "Normalized Income": -45256764.0,
        "Net Income From Continuing And Discontinued Operation": -45256764.0,
        "Total Expenses": 39575531.0,
        "Total Operating Income As Reported": -35169202.0,
        "Diluted Average Shares": NaN,
        "Basic Average Shares": NaN,
        "Diluted EPS": NaN,
        "Basic EPS": NaN,
        "Diluted NI Availto Com Stockholders": -45256764.0,
        "Net Income Common Stockholders": -45256764.0,
        "Net Income": -45256764.0,
        "Net Income Including Noncontrolling Interests": -45256764.0,
        "Net Income Continuous Operations": -45256764.0,
        "Tax Provision": -110524.0,
        "Pretax Income": -45367288.0,
        "Other Income Expense": 0.0,
        "Other Non Operating Income Expenses": 0.0,
        "Net Non Operating Interest Income Expense": -10198086.0,
        "Total Other Finance Cost": NaN,
        "Operating Income": -35169202.0,
        "Operating Expense": 21537840.0,
        "Research And Development": 6411751.0,
        "Selling General And Administration": 15126089.0,
        "Gross Profit": -13631362.0,
        "Cost Of Revenue": 18037691.0,
        "Total Revenue": 4406329.0,
        "Operating Revenue": 5802335.0
    }
}