{
    "2023-03-31": {
        "Tax Effect Of Unusual Items": NaN,
        "Tax Rate For Calcs": NaN,
        "Normalized EBITDA": NaN,
        "Total Unusual Items": NaN,
        "Total Unusual Items Excluding Goodwill": NaN,
        "Net Income From Continuing Operation Net Minority Interest": NaN,
        "Reconciled Depreciation": NaN,
        "Reconciled Cost Of Revenue": NaN,
        "EBITDA": NaN,
        "EBIT": NaN,
        "Net Interest Income": NaN,
        "Interest Expense": NaN,
        "Interest Income": NaN,
        "Normalized Income": NaN,
        "Net Income From Continuing And Discontinued Operation": NaN,
        "Total Expenses": NaN,
        "Total Operating Income As Reported": NaN,
        "Diluted Average Shares": NaN,
        "Basic Average Shares": NaN,
        "Diluted EPS": NaN,
        "Basic EPS": NaN,
        "Diluted NI Availto Com Stockholders": NaN,
        "Net Income Common Stockholders": NaN,
        "Net Income": NaN,
        "Net Income Including Noncontrolling Interests": NaN,
        "Net Income Continuous Operations": NaN,
        "Pretax Income": NaN,
        "Other Income Expense": NaN,
        "Other Non Operating Income Expenses": NaN,
        "Special Income Charges": NaN,
        "Other Special Charges": -7493.0,
        "Gain On Sale Of Security": NaN,
        "Net Non Operating Interest Income Expense": NaN,
        "Interest Expense Non Operating": NaN,
        "Interest Income Non Operating": NaN,
        "Operating Income": NaN,
        "Operating Expense": NaN,
        "Selling General And Administration": NaN,
        "Selling And Marketing Expense": NaN,
        "General And Administrative Expense": NaN,
        "Other Gand A": NaN,
        "Gross Profit": NaN,
        "Cost Of Revenue": NaN,
        "Total Revenue": NaN,
        "Operating Revenue": NaN
    },
    "2022-12-31": {
        "Tax Effect Of Unusual Items": 0.0,
        "Tax Rate For Calcs": 0.0,
        "Normalized EBITDA": -3590575.0,
        "Total Unusual Items": 295002.0,
        "Total Unusual Items Excluding Goodwill": 295002.0,
        "Net Income From Continuing Operation Net Minority Interest": -3466826.0,
        "Reconciled Depreciation": -46512.0,
        "Reconciled Cost Of Revenue": -1599.0,
        "EBITDA": -3295573.0,
        "EBIT": -3295573.0,
        "Net Interest Income": -52855.0,
        "Interest Expense": 171253.0,
        "Interest Income": 118398.0,
        "Normalized Income": -3761828.0,
        "Net Income From Continuing And Discontinued Operation": -3466826.0,
        "Total Expenses": 3756649.0,
        "Total Operating Income As Reported": -3724916.0,
        "Diluted Average Shares": NaN,
        "Basic Average Shares": NaN,
        "Diluted EPS": NaN,
        "Basic EPS": NaN,
        "Diluted NI Availto Com Stockholders": -3466826.0,
        "Net Income Common Stockholders": -3466826.0,
        "Net Income": -3466826.0,
        "Net Income Including Noncontrolling Interests": -3466826.0,
        "Net Income Continuous Operations": -3466826.0,
        "Pretax Income": -3466826.0,
        "Other Income Expense": 303615.0,
        "Other Non Operating Income Expenses": 8613.0,
        "Special Income Charges": 302332.0,
        "Other Special Charges": NaN,
        "Gain On Sale Of Security": -7330.0,
        "Net Non Operating Interest Income Expense": -52855.0,
        "Interest Expense Non Operating": 171253.0,
        "Interest Income Non Operating": 118398.0,
        "Operating Income": -3717586.0,
        "Operating Expense": 3758248.0,
        "Selling General And Administration": 3758248.0,
        "Selling And Marketing Expense": 493023.0,
        "General And Administrative Expense": 3265225.0,
        "Other Gand A": 3265225.0,
        "Gross Profit": 40662.0,
        "Cost Of Revenue": -1599.0,
        "Total Revenue": 39063.0,
        "Operating Revenue": 39063.0
    },
    "2022-09-30": {
        "Tax Effect Of Unusual Items": NaN,
        "Tax Rate For Calcs": NaN,
        "Normalized EBITDA": NaN,
        "Total Unusual Items": NaN,
        "Total Unusual Items Excluding Goodwill": NaN,
        "Net Income From Continuing Operation Net Minority Interest": NaN,
        "Reconciled Depreciation": NaN,
        "Reconciled Cost Of Revenue": NaN,
        "EBITDA": NaN,
        "EBIT": NaN,
        "Net Interest Income": NaN,
        "Interest Expense": NaN,
        "Interest Income": NaN,
        "Normalized Income": NaN,
        "Net Income From Continuing And Discontinued Operation": NaN,
        "Total Expenses": NaN,
        "Total Operating Income As Reported": NaN,
        "Diluted Average Shares": 17164505.0,
        "Basic Average Shares": 17164505.0,
        "Diluted EPS": -0.17,
        "Basic EPS": -0.17,
        "Diluted NI Availto Com Stockholders": NaN,
        "Net Income Common Stockholders": NaN,
        "Net Income": NaN,
        "Net Income Including Noncontrolling Interests": NaN,
        "Net Income Continuous Operations": NaN,
        "Pretax Income": NaN,
        "Other Income Expense": NaN,
        "Other Non Operating Income Expenses": NaN,
        "Special Income Charges": NaN,
        "Other Special Charges": NaN,
        "Gain On Sale Of Security": NaN,
        "Net Non Operating Interest Income Expense": NaN,
        "Interest Expense Non Operating": NaN,
        "Interest Income Non Operating": NaN,
        "Operating Income": NaN,
        "Operating Expense": NaN,
        "Selling General And Administration": NaN,
        "Selling And Marketing Expense": NaN,
        "General And Administrative Expense": NaN,
        "Other Gand A": NaN,
        "Gross Profit": NaN,
        "Cost Of Revenue": NaN,
        "Total Revenue": NaN,
        "Operating Revenue": NaN
    },
    "2022-06-30": {
        "Tax Effect Of Unusual Items": 0.0,
        "Tax Rate For Calcs": 0.0,
        "Normalized EBITDA": -3016817.0,
        "Total Unusual Items": -352.0,
        "Total Unusual Items Excluding Goodwill": -352.0,
        "Net Income From Continuing Operation Net Minority Interest": -3372319.0,
        "Reconciled Depreciation": 175135.0,
        "Reconciled Cost Of Revenue": 7987.0,
        "EBITDA": -3017169.0,
        "EBIT": -3192304.0,
        "Net Interest Income": -160346.0,
        "Interest Expense": 180015.0,
        "Interest Income": 19669.0,
        "Normalized Income": -3371967.0,
        "Net Income From Continuing And Discontinued Operation": -3372319.0,
        "Total Expenses": 3319144.0,
        "Total Operating Income As Reported": -3308191.0,
        "Diluted Average Shares": 17022587.0,
        "Basic Average Shares": 17022587.0,
        "Diluted EPS": -0.2,
        "Basic EPS": -0.2,
        "Diluted NI Availto Com Stockholders": -3372319.0,
        "Net Income Common Stockholders": -3372319.0,
        "Net Income": -3372319.0,
        "Net Income Including Noncontrolling Interests": -3372319.0,
        "Net Income Continuous Operations": -3372319.0,
        "Pretax Income": -3372319.0,
        "Other Income Expense": 95866.0,
        "Other Non Operating Income Expenses": 96218.0,
        "Special Income Charges": 0.0,
        "Other Special Charges": NaN,
        "Gain On Sale Of Security": -352.0,
        "Net Non Operating Interest Income Expense": -160346.0,
        "Interest Expense Non Operating": 180015.0,
        "Interest Income Non Operating": 19669.0,
        "Operating Income": -3307839.0,
        "Operating Expense": 3311157.0,
        "Selling General And Administration": 3311157.0,
        "Selling And Marketing Expense": 646367.0,
        "General And Administrative Expense": 2664790.0,
        "Other Gand A": 2664790.0,
        "Gross Profit": 3318.0,
        "Cost Of Revenue": 7987.0,
        "Total Revenue": 11305.0,
        "Operating Revenue": 11305.0
    },
    "2022-03-31": {
        "Diluted EPS": -0.17,
        "Total Revenue": 0,
        "Gross Profit": 0,
        "Operating Income": -3,
        "EBIT": -3,
        "Net Income": -3
    },
    "2021-12-31": {
        "Diluted EPS": -0.22,
        "Total Revenue": 0,
        "Gross Profit": 0,
        "Operating Income": -4,
        "EBIT": -4,
        "Net Income": -4
    },
    "2021-09-30": {
        "Diluted EPS": -0.15,
        "Total Revenue": 0,
        "Gross Profit": 0,
        "Operating Income": -2,
        "EBIT": -2,
        "Net Income": -2
    },
    "2021-06-30": {
        "Diluted EPS": -0.08,
        "Total Revenue": 0,
        "Gross Profit": 0,
        "Operating Income": -1,
        "EBIT": -1,
        "Net Income": -1
    },
    "2021-03-31": {
        "Diluted EPS": -0.24,
        "Total Revenue": 0,
        "Gross Profit": 0,
        "Operating Income": -1,
        "EBIT": -1,
        "Net Income": -1
    },
    "2020-12-31": {
        "Diluted EPS": -0.14,
        "Total Revenue": 0,
        "Gross Profit": 0,
        "Operating Income": 0,
        "EBIT": 0,
        "Net Income": 0
    },
    "2020-09-30": {
        "Diluted EPS": -0.21,
        "Total Revenue": 0,
        "Gross Profit": 0,
        "Operating Income": 0,
        "EBIT": 0,
        "Net Income": -1
    },
    "2020-06-30": {
        "Diluted EPS": -0.08,
        "Total Revenue": 0,
        "Gross Profit": 0,
        "Operating Income": 0,
        "EBIT": 0,
        "Net Income": 0
    },
    "2020-03-31": {
        "Diluted EPS": 0.0,
        "Total Revenue": 0,
        "Gross Profit": 0,
        "Operating Income": 0,
        "EBIT": 0,
        "Net Income": 0
    },
    "2019-12-31": {
        "Diluted EPS": -0.1,
        "Total Revenue": 0,
        "Gross Profit": 0,
        "Operating Income": 0,
        "EBIT": 0,
        "Net Income": -1
    },
    "2019-09-30": {
        "Diluted EPS": 0.0,
        "Total Revenue": 1,
        "Gross Profit": 0,
        "Operating Income": 0,
        "EBIT": 0,
        "Net Income": 0
    },
    "2019-06-30": {
        "Diluted EPS": -0.0,
        "Total Revenue": 1,
        "Gross Profit": 0,
        "Operating Income": 0,
        "EBIT": 0,
        "Net Income": 0
    },
    "2019-03-31": {
        "Diluted EPS": -0.1,
        "Total Revenue": 1,
        "Gross Profit": 0,
        "Operating Income": 0,
        "EBIT": 0,
        "Net Income": 0
    },
    "2018-12-31": {
        "Diluted EPS": -1.2,
        "Total Revenue": 0,
        "Gross Profit": 0,
        "Operating Income": 0,
        "EBIT": 0,
        "Net Income": 0
    },
    "2018-09-30": {
        "Diluted EPS": -0.2,
        "Total Revenue": 0,
        "Gross Profit": 0,
        "Operating Income": 0,
        "EBIT": 0,
        "Net Income": 0
    },
    "2018-06-30": {
        "Diluted EPS": 0.0,
        "Total Revenue": 0,
        "Gross Profit": 0,
        "Operating Income": 0,
        "EBIT": 0,
        "Net Income": 0
    },
    "2018-03-31": {
        "Diluted EPS": -0.2,
        "Total Revenue": 0,
        "Gross Profit": 0,
        "Operating Income": 0,
        "EBIT": 0,
        "Net Income": -1
    },
    "2017-12-31": {
        "Diluted EPS": -1.0,
        "Total Revenue": 0,
        "Gross Profit": 0,
        "Operating Income": 0,
        "EBIT": 0,
        "Net Income": 0
    },
    "2017-09-30": {
        "Diluted EPS": 0.0,
        "Total Revenue": 0,
        "Gross Profit": 0,
        "Operating Income": 0,
        "EBIT": 0,
        "Net Income": 0
    },
    "2017-06-30": {
        "Diluted EPS": -1.2,
        "Total Revenue": 0,
        "Gross Profit": 0,
        "Operating Income": 0,
        "EBIT": 0,
        "Net Income": -1
    },
    "2017-03-31": {
        "Diluted EPS": -1.2,
        "Total Revenue": 0,
        "Gross Profit": 0,
        "Operating Income": -1,
        "EBIT": -1,
        "Net Income": -2
    },
    "2016-12-31": {
        "Diluted EPS": 0.0,
        "Total Revenue": 0,
        "Gross Profit": 0,
        "Operating Income": 0,
        "EBIT": 0,
        "Net Income": -1
    },
    "2016-09-30": {
        "Diluted EPS": 0.0,
        "Total Revenue": 0,
        "Gross Profit": 0,
        "Operating Income": 0,
        "EBIT": 0,
        "Net Income": 0
    },
    "2016-06-30": {
        "Diluted EPS": 0.0,
        "Total Revenue": 0,
        "Gross Profit": 0,
        "Operating Income": 0,
        "EBIT": 0,
        "Net Income": 0
    },
    "2016-03-31": {
        "Diluted EPS": 0.0,
        "Total Revenue": 0,
        "Gross Profit": 0,
        "Operating Income": 0,
        "EBIT": 0,
        "Net Income": 0
    },
    "2015-12-31": {
        "Diluted EPS": -2.4,
        "Total Revenue": 1,
        "Gross Profit": 0,
        "Operating Income": -1,
        "EBIT": -1,
        "Net Income": -1
    },
    "2015-09-30": {
        "Diluted EPS": -2.4,
        "Total Revenue": 0,
        "Gross Profit": 0,
        "Operating Income": -1,
        "EBIT": -1,
        "Net Income": -1
    },
    "2015-06-30": {
        "Diluted EPS": -4.8,
        "Total Revenue": 0,
        "Gross Profit": 0,
        "Operating Income": -1,
        "EBIT": -1,
        "Net Income": -1
    },
    "2015-03-31": {
        "Diluted EPS": 0.0,
        "Total Revenue": 0,
        "Gross Profit": 0,
        "Operating Income": 0,
        "EBIT": 0,
        "Net Income": 0
    },
    "2014-12-31": {
        "Diluted EPS": 0.0,
        "Total Revenue": NaN,
        "Gross Profit": NaN,
        "Operating Income": NaN,
        "EBIT": NaN,
        "Net Income": NaN
    },
    "2023-06-30": {
        "Tax Effect Of Unusual Items": NaN,
        "Tax Rate For Calcs": NaN,
        "Normalized EBITDA": NaN,
        "Total Unusual Items": NaN,
        "Total Unusual Items Excluding Goodwill": NaN,
        "Net Income From Continuing Operation Net Minority Interest": NaN,
        "Reconciled Depreciation": NaN,
        "Reconciled Cost Of Revenue": NaN,
        "EBITDA": NaN,
        "EBIT": NaN,
        "Net Interest Income": NaN,
        "Interest Expense": NaN,
        "Interest Income": NaN,
        "Normalized Income": NaN,
        "Net Income From Continuing And Discontinued Operation": NaN,
        "Total Expenses": NaN,
        "Total Operating Income As Reported": NaN,
        "Diluted Average Shares": 17165533.0,
        "Basic Average Shares": 17165533.0,
        "Diluted EPS": -0.22,
        "Basic EPS": -0.22,
        "Diluted NI Availto Com Stockholders": NaN,
        "Net Income Common Stockholders": NaN,
        "Net Income": NaN,
        "Net Income Including Noncontrolling Interests": NaN,
        "Net Income Continuous Operations": NaN,
        "Pretax Income": NaN,
        "Other Income Expense": NaN,
        "Other Non Operating Income Expenses": 50379.0,
        "Special Income Charges": NaN,
        "Gain On Sale Of Security": NaN,
        "Net Non Operating Interest Income Expense": NaN,
        "Interest Expense Non Operating": NaN,
        "Interest Income Non Operating": NaN,
        "Operating Income": NaN,
        "Operating Expense": NaN,
        "Selling General And Administration": NaN,
        "Selling And Marketing Expense": NaN,
        "General And Administrative Expense": NaN,
        "Other Gand A": NaN,
        "Gross Profit": NaN,
        "Cost Of Revenue": NaN,
        "Total Revenue": NaN,
        "Operating Revenue": NaN
    },
    "2023-09-30": {
        "Tax Effect Of Unusual Items": 0.0,
        "Tax Rate For Calcs": 0.0,
        "Normalized EBITDA": -3279373.0,
        "Total Unusual Items": 2265.0,
        "Total Unusual Items Excluding Goodwill": 2265.0,
        "Net Income From Continuing Operation Net Minority Interest": -3949298.0,
        "Reconciled Depreciation": 558352.0,
        "Reconciled Cost Of Revenue": 368796.0,
        "EBITDA": -3277108.0,
        "EBIT": -3835460.0,
        "Net Interest Income": -74846.0,
        "Interest Expense": 113838.0,
        "Interest Income": 38992.0,
        "Normalized Income": -3951563.0,
        "Net Income From Continuing And Discontinued Operation": -3949298.0,
        "Total Expenses": 4380257.0,
        "Total Operating Income As Reported": -3919509.0,
        "Diluted Average Shares": 17429685.0,
        "Basic Average Shares": 17429685.0,
        "Diluted EPS": -0.23,
        "Basic EPS": -0.23,
        "Diluted NI Availto Com Stockholders": -3949298.0,
        "Net Income Common Stockholders": -3949298.0,
        "Net Income": -3949298.0,
        "Net Income Including Noncontrolling Interests": -3949298.0,
        "Net Income Continuous Operations": -3949298.0,
        "Pretax Income": -3949298.0,
        "Other Income Expense": 47322.0,
        "Other Non Operating Income Expenses": 45057.0,
        "Special Income Charges": 0.0,
        "Gain On Sale Of Security": 2265.0,
        "Net Non Operating Interest Income Expense": -74846.0,
        "Interest Expense Non Operating": 113838.0,
        "Interest Income Non Operating": 38992.0,
        "Operating Income": -3921774.0,
        "Operating Expense": 4011461.0,
        "Selling General And Administration": 4011461.0,
        "Selling And Marketing Expense": 380847.0,
        "General And Administrative Expense": 3630614.0,
        "Other Gand A": 3630614.0,
        "Gross Profit": 89687.0,
        "Cost Of Revenue": 368796.0,
        "Total Revenue": 458483.0,
        "Operating Revenue": 458483.0
    },
    "2023-12-31": {
        "Tax Effect Of Unusual Items": 0.0,
        "Tax Rate For Calcs": 0.0,
        "Normalized EBITDA": -3412158.0,
        "Total Unusual Items": -7207.0,
        "Total Unusual Items Excluding Goodwill": -7207.0,
        "Net Income From Continuing Operation Net Minority Interest": -3658935.0,
        "Reconciled Depreciation": 90186.0,
        "Reconciled Cost Of Revenue": 747277.0,
        "EBITDA": -3419365.0,
        "EBIT": -3509551.0,
        "Net Interest Income": -147629.0,
        "Interest Expense": 149384.0,
        "Interest Income": 1755.0,
        "Normalized Income": -3651728.0,
        "Net Income From Continuing And Discontinued Operation": -3658935.0,
        "Total Expenses": 4388144.0,
        "Total Operating Income As Reported": -3548485.0,
        "Diluted Average Shares": NaN,
        "Basic Average Shares": NaN,
        "Diluted EPS": NaN,
        "Basic EPS": NaN,
        "Diluted NI Availto Com Stockholders": -3658935.0,
        "Net Income Common Stockholders": -3658935.0,
        "Net Income": -3658935.0,
        "Net Income Including Noncontrolling Interests": -3658935.0,
        "Net Income Continuous Operations": -3658935.0,
        "Pretax Income": -3658935.0,
        "Other Income Expense": 37465.0,
        "Other Non Operating Income Expenses": 44672.0,
        "Special Income Charges": -7493.0,
        "Gain On Sale Of Security": 286.0,
        "Net Non Operating Interest Income Expense": -147629.0,
        "Interest Expense Non Operating": 149384.0,
        "Interest Income Non Operating": 1755.0,
        "Operating Income": -3548771.0,
        "Operating Expense": 3640867.0,
        "Selling General And Administration": 3640867.0,
        "Selling And Marketing Expense": 9144.0,
        "General And Administrative Expense": 3631723.0,
        "Other Gand A": 3631723.0,
        "Gross Profit": 92096.0,
        "Cost Of Revenue": 747277.0,
        "Total Revenue": 839373.0,
        "Operating Revenue": 839373.0
    },
    "2024-03-31": {
        "Tax Effect Of Unusual Items": 0.0,
        "Tax Rate For Calcs": 0.0,
        "Normalized EBITDA": -3215863.0,
        "Total Unusual Items": 7951.0,
        "Total Unusual Items Excluding Goodwill": 7951.0,
        "Net Income From Continuing Operation Net Minority Interest": -3714657.0,
        "Reconciled Depreciation": 383147.0,
        "Reconciled Cost Of Revenue": 475181.0,
        "EBITDA": -3207912.0,
        "EBIT": -3591059.0,
        "Net Interest Income": -120544.0,
        "Interest Expense": 123598.0,
        "Interest Income": 3054.0,
        "Normalized Income": -3722608.0,
        "Net Income From Continuing And Discontinued Operation": -3714657.0,
        "Total Expenses": 4160054.0,
        "Total Operating Income As Reported": -3639466.0,
        "Diluted Average Shares": 21188070.0,
        "Basic Average Shares": 21188070.0,
        "Diluted EPS": -0.18,
        "Basic EPS": -0.18,
        "Diluted NI Availto Com Stockholders": -3714657.0,
        "Net Income Common Stockholders": -3714657.0,
        "Net Income": -3714657.0,
        "Net Income Including Noncontrolling Interests": -3714657.0,
        "Net Income Continuous Operations": -3714657.0,
        "Pretax Income": -3714657.0,
        "Other Income Expense": 53304.0,
        "Other Non Operating Income Expenses": 45353.0,
        "Special Income Charges": 0.0,
        "Gain On Sale Of Security": 7951.0,
        "Net Non Operating Interest Income Expense": -120544.0,
        "Interest Expense Non Operating": 123598.0,
        "Interest Income Non Operating": 3054.0,
        "Operating Income": -3647417.0,
        "Operating Expense": 3684873.0,
        "Selling General And Administration": 3684873.0,
        "Selling And Marketing Expense": 66777.0,
        "General And Administrative Expense": 3618096.0,
        "Other Gand A": 3618096.0,
        "Gross Profit": 37456.0,
        "Cost Of Revenue": 475181.0,
        "Total Revenue": 512637.0,
        "Operating Revenue": 512637.0
    },
    "2024-06-30": {
        "Tax Effect Of Unusual Items": 0.0,
        "Tax Rate For Calcs": 0.0,
        "Normalized EBITDA": -3630774.0,
        "Total Unusual Items": -15636.0,
        "Total Unusual Items Excluding Goodwill": -15636.0,
        "Net Income From Continuing Operation Net Minority Interest": -4013399.0,
        "Reconciled Depreciation": 232825.0,
        "Reconciled Cost Of Revenue": 1624910.0,
        "EBITDA": -3646410.0,
        "EBIT": -3879235.0,
        "Net Interest Income": -134164.0,
        "Interest Expense": 134164.0,
        "Interest Income": 0.0,
        "Normalized Income": -3997763.0,
        "Net Income From Continuing And Discontinued Operation": -4013399.0,
        "Total Expenses": 5816651.0,
        "Total Operating Income As Reported": -3910748.0,
        "Diluted Average Shares": 25958628.0,
        "Basic Average Shares": 25958628.0,
        "Diluted EPS": -0.15,
        "Basic EPS": -0.15,
        "Diluted NI Availto Com Stockholders": -4013399.0,
        "Net Income Common Stockholders": -4013399.0,
        "Net Income": -4013399.0,
        "Net Income Including Noncontrolling Interests": -4013399.0,
        "Net Income Continuous Operations": -4013399.0,
        "Pretax Income": -4013399.0,
        "Other Income Expense": 15877.0,
        "Other Non Operating Income Expenses": 31513.0,
        "Special Income Charges": 0.0,
        "Gain On Sale Of Security": -15636.0,
        "Net Non Operating Interest Income Expense": -134164.0,
        "Interest Expense Non Operating": 134164.0,
        "Interest Income Non Operating": 0.0,
        "Operating Income": -3895112.0,
        "Operating Expense": 4191741.0,
        "Selling General And Administration": 4191741.0,
        "Selling And Marketing Expense": 478792.0,
        "General And Administrative Expense": 3712949.0,
        "Other Gand A": 3712949.0,
        "Gross Profit": 296629.0,
        "Cost Of Revenue": 1624910.0,
        "Total Revenue": 1921539.0,
        "Operating Revenue": 1921539.0
    },
    "2024-09-30": {
        "Tax Effect Of Unusual Items": 0.0,
        "Tax Rate For Calcs": 0.0,
        "Normalized EBITDA": -3507153.0,
        "Total Unusual Items": 5832.0,
        "Total Unusual Items Excluding Goodwill": 5832.0,
        "Net Income From Continuing Operation Net Minority Interest": -4134917.0,
        "Reconciled Depreciation": 403895.0,
        "Reconciled Cost Of Revenue": 2875186.0,
        "EBITDA": -3501321.0,
        "EBIT": -3905216.0,
        "Net Interest Income": -229701.0,
        "Interest Expense": 229701.0,
        "Interest Income": 0.0,
        "Normalized Income": -4140749.0,
        "Net Income From Continuing And Discontinued Operation": -4134917.0,
        "Total Expenses": 7033407.0,
        "Total Operating Income As Reported": -3905216.0,
        "Diluted Average Shares": 29432794.0,
        "Basic Average Shares": 29432794.0,
        "Diluted EPS": -0.14,
        "Basic EPS": -0.14,
        "Diluted NI Availto Com Stockholders": -4134917.0,
        "Net Income Common Stockholders": -4134917.0,
        "Net Income": -4134917.0,
        "Net Income Including Noncontrolling Interests": -4134917.0,
        "Net Income Continuous Operations": -4134917.0,
        "Pretax Income": -4134917.0,
        "Other Income Expense": 5832.0,
        "Other Non Operating Income Expenses": NaN,
        "Special Income Charges": 0.0,
        "Gain On Sale Of Security": 5832.0,
        "Net Non Operating Interest Income Expense": -229701.0,
        "Interest Expense Non Operating": 229701.0,
        "Interest Income Non Operating": 0.0,
        "Operating Income": -3911048.0,
        "Operating Expense": 4158221.0,
        "Selling General And Administration": 4158221.0,
        "Selling And Marketing Expense": 661238.0,
        "General And Administrative Expense": 3496983.0,
        "Other Gand A": 3496983.0,
        "Gross Profit": 247173.0,
        "Cost Of Revenue": 2875186.0,
        "Total Revenue": 3122359.0,
        "Operating Revenue": 3122359.0
    }
}