{
    "2023-06-30": {
        "Tax Effect Of Unusual Items": NaN,
        "Tax Rate For Calcs": NaN,
        "Normalized EBITDA": NaN,
        "Total Unusual Items": NaN,
        "Total Unusual Items Excluding Goodwill": NaN,
        "Net Income From Continuing Operation Net Minority Interest": NaN,
        "Reconciled Depreciation": NaN,
        "Reconciled Cost Of Revenue": NaN,
        "EBITDA": NaN,
        "EBIT": NaN,
        "Net Interest Income": NaN,
        "Interest Expense": NaN,
        "Normalized Income": NaN,
        "Net Income From Continuing And Discontinued Operation": NaN,
        "Total Expenses": NaN,
        "Total Operating Income As Reported": NaN,
        "Diluted Average Shares": NaN,
        "Basic Average Shares": NaN,
        "Diluted EPS": NaN,
        "Basic EPS": NaN,
        "Diluted NI Availto Com Stockholders": NaN,
        "Net Income Common Stockholders": NaN,
        "Net Income": NaN,
        "Minority Interests": NaN,
        "Net Income Including Noncontrolling Interests": NaN,
        "Net Income Continuous Operations": NaN,
        "Tax Provision": NaN,
        "Pretax Income": NaN,
        "Other Income Expense": NaN,
        "Other Non Operating Income Expenses": 2000000.0,
        "Special Income Charges": NaN,
        "Gain On Sale Of Business": NaN,
        "Restructuring And Mergern Acquisition": NaN,
        "Earnings From Equity Interest": NaN,
        "Net Non Operating Interest Income Expense": NaN,
        "Interest Expense Non Operating": NaN,
        "Operating Income": NaN,
        "Operating Expense": NaN,
        "Provision For Doubtful Accounts": NaN,
        "Depreciation Amortization Depletion Income Statement": NaN,
        "Depletion Income Statement": 188000000.0,
        "Depreciation And Amortization In Income Statement": NaN,
        "Amortization": NaN,
        "Amortization Of Intangibles Income Statement": NaN,
        "Depreciation Income Statement": NaN,
        "Selling General And Administration": NaN,
        "General And Administrative Expense": NaN,
        "Other Gand A": NaN,
        "Salaries And Wages": NaN,
        "Gross Profit": NaN,
        "Cost Of Revenue": NaN,
        "Total Revenue": NaN,
        "Operating Revenue": NaN
    },
    "2023-03-31": {
        "Tax Effect Of Unusual Items": NaN,
        "Tax Rate For Calcs": NaN,
        "Normalized EBITDA": NaN,
        "Total Unusual Items": NaN,
        "Total Unusual Items Excluding Goodwill": NaN,
        "Net Income From Continuing Operation Net Minority Interest": NaN,
        "Reconciled Depreciation": NaN,
        "Reconciled Cost Of Revenue": NaN,
        "EBITDA": NaN,
        "EBIT": NaN,
        "Net Interest Income": NaN,
        "Interest Expense": NaN,
        "Normalized Income": NaN,
        "Net Income From Continuing And Discontinued Operation": NaN,
        "Total Expenses": NaN,
        "Total Operating Income As Reported": NaN,
        "Diluted Average Shares": NaN,
        "Basic Average Shares": NaN,
        "Diluted EPS": NaN,
        "Basic EPS": NaN,
        "Diluted NI Availto Com Stockholders": NaN,
        "Net Income Common Stockholders": NaN,
        "Net Income": NaN,
        "Minority Interests": NaN,
        "Net Income Including Noncontrolling Interests": NaN,
        "Net Income Continuous Operations": NaN,
        "Tax Provision": NaN,
        "Pretax Income": NaN,
        "Other Income Expense": NaN,
        "Other Non Operating Income Expenses": 2000000.0,
        "Special Income Charges": NaN,
        "Gain On Sale Of Business": NaN,
        "Restructuring And Mergern Acquisition": NaN,
        "Earnings From Equity Interest": NaN,
        "Net Non Operating Interest Income Expense": NaN,
        "Interest Expense Non Operating": NaN,
        "Operating Income": NaN,
        "Operating Expense": NaN,
        "Provision For Doubtful Accounts": NaN,
        "Depreciation Amortization Depletion Income Statement": NaN,
        "Depletion Income Statement": 178000000.0,
        "Depreciation And Amortization In Income Statement": NaN,
        "Amortization": NaN,
        "Amortization Of Intangibles Income Statement": NaN,
        "Depreciation Income Statement": NaN,
        "Selling General And Administration": NaN,
        "General And Administrative Expense": NaN,
        "Other Gand A": NaN,
        "Salaries And Wages": NaN,
        "Gross Profit": NaN,
        "Cost Of Revenue": NaN,
        "Total Revenue": NaN,
        "Operating Revenue": NaN
    },
    "2022-12-31": {
        "Tax Effect Of Unusual Items": NaN,
        "Tax Rate For Calcs": NaN,
        "Normalized EBITDA": NaN,
        "Total Unusual Items": NaN,
        "Total Unusual Items Excluding Goodwill": NaN,
        "Net Income From Continuing Operation Net Minority Interest": NaN,
        "Reconciled Depreciation": NaN,
        "Reconciled Cost Of Revenue": NaN,
        "EBITDA": NaN,
        "EBIT": NaN,
        "Net Interest Income": NaN,
        "Interest Expense": NaN,
        "Normalized Income": NaN,
        "Net Income From Continuing And Discontinued Operation": NaN,
        "Total Expenses": NaN,
        "Total Operating Income As Reported": NaN,
        "Diluted Average Shares": NaN,
        "Basic Average Shares": NaN,
        "Diluted EPS": NaN,
        "Basic EPS": NaN,
        "Diluted NI Availto Com Stockholders": NaN,
        "Net Income Common Stockholders": NaN,
        "Net Income": NaN,
        "Minority Interests": NaN,
        "Net Income Including Noncontrolling Interests": NaN,
        "Net Income Continuous Operations": NaN,
        "Tax Provision": NaN,
        "Pretax Income": NaN,
        "Other Income Expense": NaN,
        "Other Non Operating Income Expenses": 5000000.0,
        "Special Income Charges": NaN,
        "Gain On Sale Of Business": NaN,
        "Restructuring And Mergern Acquisition": NaN,
        "Earnings From Equity Interest": NaN,
        "Net Non Operating Interest Income Expense": NaN,
        "Interest Expense Non Operating": NaN,
        "Operating Income": NaN,
        "Operating Expense": NaN,
        "Provision For Doubtful Accounts": NaN,
        "Depreciation Amortization Depletion Income Statement": NaN,
        "Depletion Income Statement": NaN,
        "Depreciation And Amortization In Income Statement": NaN,
        "Amortization": NaN,
        "Amortization Of Intangibles Income Statement": NaN,
        "Depreciation Income Statement": NaN,
        "Selling General And Administration": NaN,
        "General And Administrative Expense": NaN,
        "Other Gand A": NaN,
        "Salaries And Wages": NaN,
        "Gross Profit": NaN,
        "Cost Of Revenue": NaN,
        "Total Revenue": NaN,
        "Operating Revenue": NaN
    },
    "2022-09-30": {
        "Tax Effect Of Unusual Items": NaN,
        "Tax Rate For Calcs": NaN,
        "Normalized EBITDA": NaN,
        "Total Unusual Items": NaN,
        "Total Unusual Items Excluding Goodwill": NaN,
        "Net Income From Continuing Operation Net Minority Interest": NaN,
        "Reconciled Depreciation": NaN,
        "Reconciled Cost Of Revenue": NaN,
        "EBITDA": NaN,
        "EBIT": NaN,
        "Net Interest Income": NaN,
        "Interest Expense": NaN,
        "Normalized Income": NaN,
        "Net Income From Continuing And Discontinued Operation": NaN,
        "Total Expenses": NaN,
        "Total Operating Income As Reported": NaN,
        "Diluted Average Shares": NaN,
        "Basic Average Shares": NaN,
        "Diluted EPS": NaN,
        "Basic EPS": NaN,
        "Diluted NI Availto Com Stockholders": NaN,
        "Net Income Common Stockholders": NaN,
        "Net Income": NaN,
        "Minority Interests": NaN,
        "Net Income Including Noncontrolling Interests": NaN,
        "Net Income Continuous Operations": NaN,
        "Tax Provision": NaN,
        "Pretax Income": NaN,
        "Other Income Expense": NaN,
        "Other Non Operating Income Expenses": NaN,
        "Special Income Charges": NaN,
        "Gain On Sale Of Business": NaN,
        "Restructuring And Mergern Acquisition": NaN,
        "Earnings From Equity Interest": NaN,
        "Net Non Operating Interest Income Expense": NaN,
        "Interest Expense Non Operating": NaN,
        "Operating Income": NaN,
        "Operating Expense": NaN,
        "Provision For Doubtful Accounts": NaN,
        "Depreciation Amortization Depletion Income Statement": NaN,
        "Depletion Income Statement": 184000000.0,
        "Depreciation And Amortization In Income Statement": NaN,
        "Amortization": NaN,
        "Amortization Of Intangibles Income Statement": NaN,
        "Depreciation Income Statement": NaN,
        "Selling General And Administration": NaN,
        "General And Administrative Expense": NaN,
        "Other Gand A": NaN,
        "Salaries And Wages": NaN,
        "Gross Profit": NaN,
        "Cost Of Revenue": NaN,
        "Total Revenue": NaN,
        "Operating Revenue": NaN
    },
    "2022-06-30": {
        "Tax Effect Of Unusual Items": 0.0,
        "Tax Rate For Calcs": 0.243,
        "Normalized EBITDA": 1377000000.0,
        "Total Unusual Items": 0.0,
        "Total Unusual Items Excluding Goodwill": 0.0,
        "Net Income From Continuing Operation Net Minority Interest": 587000000.0,
        "Reconciled Depreciation": 508000000.0,
        "Reconciled Cost Of Revenue": 3142000000.0,
        "EBITDA": 1377000000.0,
        "EBIT": 869000000.0,
        "Net Interest Income": -93000000.0,
        "Interest Expense": 93000000.0,
        "Normalized Income": 587000000.0,
        "Net Income From Continuing And Discontinued Operation": 587000000.0,
        "Total Expenses": 4137000000.0,
        "Total Operating Income As Reported": 890000000.0,
        "Diluted Average Shares": 416400000.0,
        "Basic Average Shares": 414400000.0,
        "Diluted EPS": 1.41,
        "Basic EPS": 1.42,
        "Diluted NI Availto Com Stockholders": 587000000.0,
        "Net Income Common Stockholders": 587000000.0,
        "Net Income": 587000000.0,
        "Minority Interests": 0.0,
        "Net Income Including Noncontrolling Interests": 587000000.0,
        "Net Income Continuous Operations": 587000000.0,
        "Tax Provision": 189000000.0,
        "Pretax Income": 776000000.0,
        "Other Income Expense": -21000000.0,
        "Other Non Operating Income Expenses": -4000000.0,
        "Special Income Charges": 0.0,
        "Gain On Sale Of Business": 0.0,
        "Restructuring And Mergern Acquisition": 0.0,
        "Earnings From Equity Interest": -17000000.0,
        "Net Non Operating Interest Income Expense": -93000000.0,
        "Interest Expense Non Operating": 93000000.0,
        "Operating Income": 890000000.0,
        "Operating Expense": 995000000.0,
        "Provision For Doubtful Accounts": 14000000.0,
        "Depreciation Amortization Depletion Income Statement": 508000000.0,
        "Depletion Income Statement": NaN,
        "Depreciation And Amortization In Income Statement": 508000000.0,
        "Amortization": 31000000.0,
        "Amortization Of Intangibles Income Statement": 31000000.0,
        "Depreciation Income Statement": 477000000.0,
        "Selling General And Administration": 473000000.0,
        "General And Administrative Expense": 473000000.0,
        "Other Gand A": 161000000.0,
        "Salaries And Wages": 312000000.0,
        "Gross Profit": 1885000000.0,
        "Cost Of Revenue": 3142000000.0,
        "Total Revenue": 5027000000.0,
        "Operating Revenue": 5027000000.0
    },
    "2023-09-30": {
        "Tax Effect Of Unusual Items": 0.0,
        "Tax Rate For Calcs": 0.241,
        "Normalized EBITDA": 1518000000.0,
        "Total Unusual Items": 0.0,
        "Total Unusual Items Excluding Goodwill": 0.0,
        "Net Income From Continuing Operation Net Minority Interest": 663000000.0,
        "Reconciled Depreciation": 519000000.0,
        "Reconciled Cost Of Revenue": 3188000000.0,
        "EBITDA": 1518000000.0,
        "EBIT": 999000000.0,
        "Net Interest Income": -127000000.0,
        "Interest Expense": 127000000.0,
        "Normalized Income": 663000000.0,
        "Net Income From Continuing And Discontinued Operation": 663000000.0,
        "Total Expenses": 4177000000.0,
        "Total Operating Income As Reported": 1021000000.0,
        "Diluted Average Shares": 405900000.0,
        "Basic Average Shares": 404000000.0,
        "Diluted EPS": 1.63,
        "Basic EPS": 1.64,
        "Diluted NI Availto Com Stockholders": 663000000.0,
        "Net Income Common Stockholders": 663000000.0,
        "Net Income": 663000000.0,
        "Minority Interests": 1000000.0,
        "Net Income Including Noncontrolling Interests": 662000000.0,
        "Net Income Continuous Operations": 662000000.0,
        "Tax Provision": 210000000.0,
        "Pretax Income": 872000000.0,
        "Other Income Expense": -22000000.0,
        "Other Non Operating Income Expenses": -4000000.0,
        "Special Income Charges": 0.0,
        "Gain On Sale Of Business": 0.0,
        "Restructuring And Mergern Acquisition": 0.0,
        "Earnings From Equity Interest": -18000000.0,
        "Net Non Operating Interest Income Expense": -127000000.0,
        "Interest Expense Non Operating": 127000000.0,
        "Operating Income": 1021000000.0,
        "Operating Expense": 989000000.0,
        "Provision For Doubtful Accounts": 16000000.0,
        "Depreciation Amortization Depletion Income Statement": 519000000.0,
        "Depletion Income Statement": 188000000.0,
        "Depreciation And Amortization In Income Statement": 331000000.0,
        "Amortization": 33000000.0,
        "Amortization Of Intangibles Income Statement": 33000000.0,
        "Depreciation Income Statement": 298000000.0,
        "Selling General And Administration": 454000000.0,
        "General And Administrative Expense": 454000000.0,
        "Other Gand A": 174000000.0,
        "Salaries And Wages": 280000000.0,
        "Gross Profit": 2010000000.0,
        "Cost Of Revenue": 3188000000.0,
        "Total Revenue": 5198000000.0,
        "Operating Revenue": 5198000000.0
    },
    "2023-12-31": {
        "Tax Effect Of Unusual Items": -67119565.217391,
        "Tax Rate For Calcs": 0.271739,
        "Normalized EBITDA": 1545000000.0,
        "Total Unusual Items": -247000000.0,
        "Total Unusual Items Excluding Goodwill": -247000000.0,
        "Net Income From Continuing Operation Net Minority Interest": 493000000.0,
        "Reconciled Depreciation": 526000000.0,
        "Reconciled Cost Of Revenue": 3146000000.0,
        "EBITDA": 1298000000.0,
        "EBIT": 772000000.0,
        "Net Interest Income": -128000000.0,
        "Interest Expense": 128000000.0,
        "Normalized Income": 672880434.782609,
        "Net Income From Continuing And Discontinued Operation": 493000000.0,
        "Total Expenses": 4185000000.0,
        "Total Operating Income As Reported": 785000000.0,
        "Diluted Average Shares": 404200000.0,
        "Basic Average Shares": 402000000.0,
        "Diluted EPS": 1.22,
        "Basic EPS": 1.23,
        "Diluted NI Availto Com Stockholders": 493000000.0,
        "Net Income Common Stockholders": 493000000.0,
        "Net Income": 493000000.0,
        "Minority Interests": 24000000.0,
        "Net Income Including Noncontrolling Interests": 469000000.0,
        "Net Income Continuous Operations": 469000000.0,
        "Tax Provision": 175000000.0,
        "Pretax Income": 644000000.0,
        "Other Income Expense": -260000000.0,
        "Other Non Operating Income Expenses": NaN,
        "Special Income Charges": -247000000.0,
        "Gain On Sale Of Business": -246000000.0,
        "Restructuring And Mergern Acquisition": 1000000.0,
        "Earnings From Equity Interest": -19000000.0,
        "Net Non Operating Interest Income Expense": -128000000.0,
        "Interest Expense Non Operating": 128000000.0,
        "Operating Income": 1032000000.0,
        "Operating Expense": 1039000000.0,
        "Provision For Doubtful Accounts": 20000000.0,
        "Depreciation Amortization Depletion Income Statement": 526000000.0,
        "Depletion Income Statement": NaN,
        "Depreciation And Amortization In Income Statement": 1080000000.0,
        "Amortization": 32000000.0,
        "Amortization Of Intangibles Income Statement": 32000000.0,
        "Depreciation Income Statement": 1048000000.0,
        "Selling General And Administration": 493000000.0,
        "General And Administrative Expense": 493000000.0,
        "Other Gand A": 173000000.0,
        "Salaries And Wages": 320000000.0,
        "Gross Profit": 2071000000.0,
        "Cost Of Revenue": 3146000000.0,
        "Total Revenue": 5217000000.0,
        "Operating Revenue": 5217000000.0
    },
    "2024-03-31": {
        "Tax Effect Of Unusual Items": 372000.0,
        "Tax Rate For Calcs": 0.186,
        "Normalized EBITDA": 1511000000.0,
        "Total Unusual Items": 2000000.0,
        "Total Unusual Items Excluding Goodwill": 2000000.0,
        "Net Income From Continuing Operation Net Minority Interest": 708000000.0,
        "Reconciled Depreciation": 514000000.0,
        "Reconciled Cost Of Revenue": 3140000000.0,
        "EBITDA": 1513000000.0,
        "EBIT": 999000000.0,
        "Net Interest Income": -130000000.0,
        "Interest Expense": 130000000.0,
        "Normalized Income": 706372000.0,
        "Net Income From Continuing And Discontinued Operation": 708000000.0,
        "Total Expenses": 4145000000.0,
        "Total Operating Income As Reported": 1016000000.0,
        "Diluted Average Shares": 403500000.0,
        "Basic Average Shares": 401700000.0,
        "Diluted EPS": 1.75,
        "Basic EPS": 1.76,
        "Diluted NI Availto Com Stockholders": 708000000.0,
        "Net Income Common Stockholders": 708000000.0,
        "Net Income": 708000000.0,
        "Minority Interests": 1000000.0,
        "Net Income Including Noncontrolling Interests": 707000000.0,
        "Net Income Continuous Operations": 707000000.0,
        "Tax Provision": 162000000.0,
        "Pretax Income": 869000000.0,
        "Other Income Expense": -15000000.0,
        "Other Non Operating Income Expenses": 2000000.0,
        "Special Income Charges": 2000000.0,
        "Gain On Sale Of Business": 2000000.0,
        "Restructuring And Mergern Acquisition": 0.0,
        "Earnings From Equity Interest": -19000000.0,
        "Net Non Operating Interest Income Expense": -130000000.0,
        "Interest Expense Non Operating": 130000000.0,
        "Operating Income": 1014000000.0,
        "Operating Expense": 1005000000.0,
        "Provision For Doubtful Accounts": 10000000.0,
        "Depreciation Amortization Depletion Income Statement": 514000000.0,
        "Depletion Income Statement": 176000000.0,
        "Depreciation And Amortization In Income Statement": 338000000.0,
        "Amortization": 30000000.0,
        "Amortization Of Intangibles Income Statement": 30000000.0,
        "Depreciation Income Statement": 308000000.0,
        "Selling General And Administration": 481000000.0,
        "General And Administrative Expense": 481000000.0,
        "Other Gand A": 160000000.0,
        "Salaries And Wages": 321000000.0,
        "Gross Profit": 2019000000.0,
        "Cost Of Revenue": 3140000000.0,
        "Total Revenue": 5159000000.0,
        "Operating Revenue": 5159000000.0
    },
    "2024-06-30": {
        "Tax Effect Of Unusual Items": -13862000.0,
        "Tax Rate For Calcs": 0.239,
        "Normalized EBITDA": 1631000000.0,
        "Total Unusual Items": -58000000.0,
        "Total Unusual Items Excluding Goodwill": -58000000.0,
        "Net Income From Continuing Operation Net Minority Interest": 680000000.0,
        "Reconciled Depreciation": 543000000.0,
        "Reconciled Cost Of Revenue": 3291000000.0,
        "EBITDA": 1573000000.0,
        "EBIT": 1030000000.0,
        "Net Interest Income": -136000000.0,
        "Interest Expense": 136000000.0,
        "Normalized Income": 724138000.0,
        "Net Income From Continuing And Discontinued Operation": 680000000.0,
        "Total Expenses": 4335000000.0,
        "Total Operating Income As Reported": 1009000000.0,
        "Diluted Average Shares": 403200000.0,
        "Basic Average Shares": 401300000.0,
        "Diluted EPS": 1.69,
        "Basic EPS": 1.7,
        "Diluted NI Availto Com Stockholders": 680000000.0,
        "Net Income Common Stockholders": 680000000.0,
        "Net Income": 680000000.0,
        "Minority Interests": 0.0,
        "Net Income Including Noncontrolling Interests": 680000000.0,
        "Net Income Continuous Operations": 680000000.0,
        "Tax Provision": 214000000.0,
        "Pretax Income": 894000000.0,
        "Other Income Expense": -37000000.0,
        "Other Non Operating Income Expenses": -1000000.0,
        "Special Income Charges": -58000000.0,
        "Gain On Sale Of Business": -58000000.0,
        "Restructuring And Mergern Acquisition": 0.0,
        "Earnings From Equity Interest": 22000000.0,
        "Net Non Operating Interest Income Expense": -136000000.0,
        "Interest Expense Non Operating": 136000000.0,
        "Operating Income": 1067000000.0,
        "Operating Expense": 1044000000.0,
        "Provision For Doubtful Accounts": 16000000.0,
        "Depreciation Amortization Depletion Income Statement": 543000000.0,
        "Depletion Income Statement": 201000000.0,
        "Depreciation And Amortization In Income Statement": 342000000.0,
        "Amortization": 30000000.0,
        "Amortization Of Intangibles Income Statement": 30000000.0,
        "Depreciation Income Statement": 312000000.0,
        "Selling General And Administration": 485000000.0,
        "General And Administrative Expense": 485000000.0,
        "Other Gand A": 169000000.0,
        "Salaries And Wages": 316000000.0,
        "Gross Profit": 2111000000.0,
        "Cost Of Revenue": 3291000000.0,
        "Total Revenue": 5402000000.0,
        "Operating Revenue": 5402000000.0
    },
    "2024-09-30": {
        "Tax Effect Of Unusual Items": -1888000.0,
        "Tax Rate For Calcs": 0.236,
        "Normalized EBITDA": 1692000000.0,
        "Total Unusual Items": -8000000.0,
        "Total Unusual Items Excluding Goodwill": -8000000.0,
        "Net Income From Continuing Operation Net Minority Interest": 760000000.0,
        "Reconciled Depreciation": 558000000.0,
        "Reconciled Cost Of Revenue": 3399000000.0,
        "EBITDA": 1684000000.0,
        "EBIT": 1126000000.0,
        "Net Interest Income": -131000000.0,
        "Interest Expense": 131000000.0,
        "Normalized Income": 766112000.0,
        "Net Income From Continuing And Discontinued Operation": 760000000.0,
        "Total Expenses": 4482000000.0,
        "Total Operating Income As Reported": 1119000000.0,
        "Diluted Average Shares": 403200000.0,
        "Basic Average Shares": 401500000.0,
        "Diluted EPS": 1.88,
        "Basic EPS": 1.89,
        "Diluted NI Availto Com Stockholders": 760000000.0,
        "Net Income Common Stockholders": 760000000.0,
        "Net Income": 760000000.0,
        "Minority Interests": 0.0,
        "Net Income Including Noncontrolling Interests": 760000000.0,
        "Net Income Continuous Operations": 760000000.0,
        "Tax Provision": 235000000.0,
        "Pretax Income": 995000000.0,
        "Other Income Expense": -1000000.0,
        "Other Non Operating Income Expenses": 6000000.0,
        "Special Income Charges": -8000000.0,
        "Gain On Sale Of Business": -6000000.0,
        "Restructuring And Mergern Acquisition": 2000000.0,
        "Earnings From Equity Interest": 1000000.0,
        "Net Non Operating Interest Income Expense": -131000000.0,
        "Interest Expense Non Operating": 131000000.0,
        "Operating Income": 1127000000.0,
        "Operating Expense": 1083000000.0,
        "Provision For Doubtful Accounts": 11000000.0,
        "Depreciation Amortization Depletion Income Statement": 558000000.0,
        "Depletion Income Statement": 203000000.0,
        "Depreciation And Amortization In Income Statement": 355000000.0,
        "Amortization": 32000000.0,
        "Amortization Of Intangibles Income Statement": 32000000.0,
        "Depreciation Income Statement": 323000000.0,
        "Selling General And Administration": 514000000.0,
        "General And Administrative Expense": 514000000.0,
        "Other Gand A": 190000000.0,
        "Salaries And Wages": 324000000.0,
        "Gross Profit": 2210000000.0,
        "Cost Of Revenue": 3399000000.0,
        "Total Revenue": 5609000000.0,
        "Operating Revenue": 5609000000.0
    }
}