{
    "2023-03-31": {
        "Tax Effect Of Unusual Items": 1830781.62772,
        "Tax Rate For Calcs": 0.228848,
        "Normalized EBITDA": 2033000000.0,
        "Total Unusual Items": 8000000.0,
        "Total Unusual Items Excluding Goodwill": 8000000.0,
        "Net Income From Continuing Operation Net Minority Interest": 927000000.0,
        "Reconciled Depreciation": 506000000.0,
        "Reconciled Cost Of Revenue": 1113000000.0,
        "EBITDA": 2041000000.0,
        "EBIT": 1535000000.0,
        "Net Interest Income": -294000000.0,
        "Interest Expense": 294000000.0,
        "Normalized Income": 920830781.62772,
        "Net Income From Continuing And Discontinued Operation": 927000000.0,
        "Total Expenses": 1721000000.0,
        "Total Operating Income As Reported": 1360000000.0,
        "Diluted Average Shares": 1225781000.0,
        "Basic Average Shares": 1219465000.0,
        "Diluted EPS": 0.76,
        "Basic EPS": 0.76,
        "Diluted NI Availto Com Stockholders": 926000000.0,
        "Net Income Common Stockholders": 926000000.0,
        "Preferred Stock Dividends": 1000000.0,
        "Net Income": 927000000.0,
        "Minority Interests": -30000000.0,
        "Net Income Including Noncontrolling Interests": 957000000.0,
        "Net Income Discontinuous Operations": NaN,
        "Net Income Continuous Operations": 957000000.0,
        "Tax Provision": 284000000.0,
        "Pretax Income": 1241000000.0,
        "Other Income Expense": 175000000.0,
        "Other Non Operating Income Expenses": 20000000.0,
        "Special Income Charges": NaN,
        "Gain On Sale Of Business": NaN,
        "Earnings From Equity Interest": 147000000.0,
        "Gain On Sale Of Security": 8000000.0,
        "Net Non Operating Interest Income Expense": -294000000.0,
        "Interest Expense Non Operating": 294000000.0,
        "Operating Income": 1360000000.0,
        "Operating Expense": 608000000.0,
        "Other Operating Expenses": -31000000.0,
        "Selling General And Administration": 176000000.0,
        "Gross Profit": 1968000000.0,
        "Cost Of Revenue": 1113000000.0,
        "Total Revenue": 3081000000.0,
        "Operating Revenue": 2575000000.0
    },
    "2022-12-31": {
        "Tax Effect Of Unusual Items": NaN,
        "Tax Rate For Calcs": NaN,
        "Normalized EBITDA": NaN,
        "Total Unusual Items": NaN,
        "Total Unusual Items Excluding Goodwill": NaN,
        "Net Income From Continuing Operation Net Minority Interest": NaN,
        "Reconciled Depreciation": NaN,
        "Reconciled Cost Of Revenue": NaN,
        "EBITDA": NaN,
        "EBIT": NaN,
        "Net Interest Income": NaN,
        "Interest Expense": NaN,
        "Normalized Income": NaN,
        "Net Income From Continuing And Discontinued Operation": NaN,
        "Total Expenses": NaN,
        "Total Operating Income As Reported": NaN,
        "Diluted Average Shares": NaN,
        "Basic Average Shares": NaN,
        "Diluted EPS": NaN,
        "Basic EPS": NaN,
        "Diluted NI Availto Com Stockholders": NaN,
        "Net Income Common Stockholders": NaN,
        "Preferred Stock Dividends": 1000000.0,
        "Net Income": NaN,
        "Minority Interests": NaN,
        "Net Income Including Noncontrolling Interests": NaN,
        "Net Income Discontinuous Operations": NaN,
        "Net Income Continuous Operations": NaN,
        "Tax Provision": NaN,
        "Pretax Income": NaN,
        "Other Income Expense": NaN,
        "Other Non Operating Income Expenses": NaN,
        "Special Income Charges": NaN,
        "Gain On Sale Of Business": NaN,
        "Earnings From Equity Interest": NaN,
        "Gain On Sale Of Security": NaN,
        "Net Non Operating Interest Income Expense": NaN,
        "Interest Expense Non Operating": NaN,
        "Operating Income": NaN,
        "Operating Expense": NaN,
        "Other Operating Expenses": NaN,
        "Selling General And Administration": NaN,
        "Gross Profit": NaN,
        "Cost Of Revenue": NaN,
        "Total Revenue": NaN,
        "Operating Revenue": NaN
    },
    "2022-09-30": {
        "Tax Effect Of Unusual Items": NaN,
        "Tax Rate For Calcs": NaN,
        "Normalized EBITDA": NaN,
        "Total Unusual Items": NaN,
        "Total Unusual Items Excluding Goodwill": NaN,
        "Net Income From Continuing Operation Net Minority Interest": NaN,
        "Reconciled Depreciation": NaN,
        "Reconciled Cost Of Revenue": NaN,
        "EBITDA": NaN,
        "EBIT": NaN,
        "Net Interest Income": NaN,
        "Interest Expense": NaN,
        "Normalized Income": NaN,
        "Net Income From Continuing And Discontinued Operation": NaN,
        "Total Expenses": NaN,
        "Total Operating Income As Reported": NaN,
        "Diluted Average Shares": 1222472000.0,
        "Basic Average Shares": 1218964000.0,
        "Diluted EPS": 0.49,
        "Basic EPS": 0.49,
        "Diluted NI Availto Com Stockholders": NaN,
        "Net Income Common Stockholders": NaN,
        "Preferred Stock Dividends": NaN,
        "Net Income": NaN,
        "Minority Interests": NaN,
        "Net Income Including Noncontrolling Interests": NaN,
        "Net Income Discontinuous Operations": 0.0,
        "Net Income Continuous Operations": NaN,
        "Tax Provision": NaN,
        "Pretax Income": NaN,
        "Other Income Expense": NaN,
        "Other Non Operating Income Expenses": NaN,
        "Special Income Charges": 0.0,
        "Gain On Sale Of Business": 0.0,
        "Earnings From Equity Interest": NaN,
        "Gain On Sale Of Security": NaN,
        "Net Non Operating Interest Income Expense": NaN,
        "Interest Expense Non Operating": NaN,
        "Operating Income": NaN,
        "Operating Expense": NaN,
        "Other Operating Expenses": NaN,
        "Selling General And Administration": NaN,
        "Gross Profit": NaN,
        "Cost Of Revenue": NaN,
        "Total Revenue": NaN,
        "Operating Revenue": NaN
    },
    "2022-06-30": {
        "Tax Effect Of Unusual Items": 800000.0,
        "Tax Rate For Calcs": 0.4,
        "Normalized EBITDA": 1147000000.0,
        "Total Unusual Items": 2000000.0,
        "Total Unusual Items Excluding Goodwill": 2000000.0,
        "Net Income From Continuing Operation Net Minority Interest": 400000000.0,
        "Reconciled Depreciation": 506000000.0,
        "Reconciled Cost Of Revenue": 1868000000.0,
        "EBITDA": 1149000000.0,
        "EBIT": 643000000.0,
        "Net Interest Income": -281000000.0,
        "Interest Expense": 281000000.0,
        "Normalized Income": 398800000.0,
        "Net Income From Continuing And Discontinued Operation": 400000000.0,
        "Total Expenses": 2018000000.0,
        "Total Operating Income As Reported": 472000000.0,
        "Diluted Average Shares": 1222694000.0,
        "Basic Average Shares": 1218678000.0,
        "Diluted EPS": 0.33,
        "Basic EPS": 0.33,
        "Diluted NI Availto Com Stockholders": 400000000.0,
        "Net Income Common Stockholders": 400000000.0,
        "Preferred Stock Dividends": NaN,
        "Net Income": 400000000.0,
        "Minority Interests": -7000000.0,
        "Net Income Including Noncontrolling Interests": 407000000.0,
        "Net Income Discontinuous Operations": NaN,
        "Net Income Continuous Operations": 407000000.0,
        "Tax Provision": -45000000.0,
        "Pretax Income": 362000000.0,
        "Other Income Expense": 171000000.0,
        "Other Non Operating Income Expenses": 6000000.0,
        "Earnings From Equity Interest": 163000000.0,
        "Gain On Sale Of Security": 2000000.0,
        "Net Non Operating Interest Income Expense": -281000000.0,
        "Interest Expense Non Operating": 281000000.0,
        "Operating Income": 472000000.0,
        "Operating Expense": 150000000.0,
        "Other Operating Expenses": -10000000.0,
        "Selling General And Administration": 160000000.0,
        "Gross Profit": 622000000.0,
        "Cost Of Revenue": 1868000000.0,
        "Total Revenue": 2490000000.0,
        "Operating Revenue": 2803000000.0
    },
    "2023-06-30": {
        "Tax Effect Of Unusual Items": 3009259.259259,
        "Tax Rate For Calcs": 0.231481,
        "Normalized EBITDA": 1564000000.0,
        "Total Unusual Items": 13000000.0,
        "Total Unusual Items Excluding Goodwill": 13000000.0,
        "Net Income From Continuing Operation Net Minority Interest": 547000000.0,
        "Reconciled Depreciation": 515000000.0,
        "Reconciled Cost Of Revenue": 980000000.0,
        "EBITDA": 1577000000.0,
        "EBIT": 1062000000.0,
        "Net Interest Income": -306000000.0,
        "Interest Expense": 306000000.0,
        "Normalized Income": 537009259.259259,
        "Net Income From Continuing And Discontinued Operation": 460000000.0,
        "Total Expenses": 1613000000.0,
        "Total Operating Income As Reported": 870000000.0,
        "Diluted Average Shares": 1219915000.0,
        "Basic Average Shares": 1217673000.0,
        "Diluted EPS": 0.38,
        "Basic EPS": 0.38,
        "Diluted NI Availto Com Stockholders": 460000000.0,
        "Net Income Common Stockholders": 460000000.0,
        "Preferred Stock Dividends": NaN,
        "Net Income": 460000000.0,
        "Minority Interests": -34000000.0,
        "Net Income Including Noncontrolling Interests": 494000000.0,
        "Net Income Discontinuous Operations": -87000000.0,
        "Net Income Continuous Operations": 581000000.0,
        "Tax Provision": 175000000.0,
        "Pretax Income": 756000000.0,
        "Other Income Expense": 192000000.0,
        "Other Non Operating Income Expenses": 19000000.0,
        "Special Income Charges": NaN,
        "Gain On Sale Of Business": NaN,
        "Earnings From Equity Interest": 160000000.0,
        "Gain On Sale Of Security": 13000000.0,
        "Net Non Operating Interest Income Expense": -306000000.0,
        "Interest Expense Non Operating": 306000000.0,
        "Operating Income": 870000000.0,
        "Operating Expense": 633000000.0,
        "Other Operating Expenses": -9000000.0,
        "Selling General And Administration": 161000000.0,
        "Gross Profit": 1503000000.0,
        "Cost Of Revenue": 980000000.0,
        "Total Revenue": 2483000000.0,
        "Operating Revenue": 2368000000.0
    },
    "2022-03-31": {
        "Diluted EPS": 0.31,
        "Total Revenue": NaN,
        "Gross Profit": NaN,
        "Operating Income": 654,
        "EBIT": NaN,
        "Net Income": 379
    },
    "2021-12-31": {
        "Diluted EPS": 0.51,
        "Total Revenue": NaN,
        "Gross Profit": NaN,
        "Operating Income": 937,
        "EBIT": NaN,
        "Net Income": 621
    },
    "2021-09-30": {
        "Diluted EPS": 0.13,
        "Total Revenue": NaN,
        "Gross Profit": NaN,
        "Operating Income": 355,
        "EBIT": 863,
        "Net Income": 164
    },
    "2021-06-30": {
        "Diluted EPS": 0.25,
        "Total Revenue": NaN,
        "Gross Profit": NaN,
        "Operating Income": 600,
        "EBIT": NaN,
        "Net Income": 304
    },
    "2021-03-31": {
        "Diluted EPS": 0.35,
        "Total Revenue": NaN,
        "Gross Profit": NaN,
        "Operating Income": 739,
        "EBIT": NaN,
        "Net Income": 425
    },
    "2020-12-31": {
        "Diluted EPS": 0.1,
        "Total Revenue": NaN,
        "Gross Profit": NaN,
        "Operating Income": 518,
        "EBIT": 967,
        "Net Income": 115
    },
    "2020-09-30": {
        "Diluted EPS": 0.25,
        "Total Revenue": NaN,
        "Gross Profit": NaN,
        "Operating Income": 641,
        "EBIT": NaN,
        "Net Income": 308
    },
    "2020-06-30": {
        "Diluted EPS": 0.25,
        "Total Revenue": NaN,
        "Gross Profit": NaN,
        "Operating Income": 612,
        "EBIT": NaN,
        "Net Income": 303
    },
    "2020-03-31": {
        "Diluted EPS": -0.43,
        "Total Revenue": NaN,
        "Gross Profit": NaN,
        "Operating Income": 431,
        "EBIT": NaN,
        "Net Income": -518
    },
    "2019-12-31": {
        "Diluted EPS": 0.1,
        "Total Revenue": NaN,
        "Gross Profit": NaN,
        "Operating Income": 234,
        "EBIT": 673,
        "Net Income": 123
    },
    "2019-09-30": {
        "Diluted EPS": 0.18,
        "Total Revenue": NaN,
        "Gross Profit": NaN,
        "Operating Income": 628,
        "EBIT": NaN,
        "Net Income": 220
    },
    "2019-06-30": {
        "Diluted EPS": 0.26,
        "Total Revenue": NaN,
        "Gross Profit": NaN,
        "Operating Income": 498,
        "EBIT": 938,
        "Net Income": 310
    },
    "2019-03-31": {
        "Diluted EPS": 0.16,
        "Total Revenue": NaN,
        "Gross Profit": NaN,
        "Operating Income": 561,
        "EBIT": 991,
        "Net Income": 194
    },
    "2018-12-31": {
        "Diluted EPS": -0.63,
        "Total Revenue": NaN,
        "Gross Profit": NaN,
        "Operating Income": -634,
        "EBIT": -187,
        "Net Income": -572
    },
    "2018-09-30": {
        "Diluted EPS": 0.13,
        "Total Revenue": NaN,
        "Gross Profit": NaN,
        "Operating Income": 501,
        "EBIT": 969,
        "Net Income": 129
    },
    "2018-06-30": {
        "Diluted EPS": 0.16,
        "Total Revenue": NaN,
        "Gross Profit": NaN,
        "Operating Income": 410,
        "EBIT": 830,
        "Net Income": 135
    },
    "2018-03-31": {
        "Diluted EPS": 0.18,
        "Total Revenue": NaN,
        "Gross Profit": NaN,
        "Operating Income": 491,
        "EBIT": 936,
        "Net Income": 152
    },
    "2017-12-31": {
        "Diluted EPS": 2.03,
        "Total Revenue": NaN,
        "Gross Profit": NaN,
        "Operating Income": -155,
        "EBIT": 290,
        "Net Income": NaN
    },
    "2017-09-30": {
        "Diluted EPS": 0.04,
        "Total Revenue": NaN,
        "Gross Profit": NaN,
        "Operating Income": 274,
        "EBIT": 724,
        "Net Income": 33
    },
    "2017-06-30": {
        "Diluted EPS": 0.1,
        "Total Revenue": NaN,
        "Gross Profit": NaN,
        "Operating Income": 378,
        "EBIT": 834,
        "Net Income": 81
    },
    "2017-03-31": {
        "Diluted EPS": 0.45,
        "Total Revenue": NaN,
        "Gross Profit": NaN,
        "Operating Income": 430,
        "EBIT": 893,
        "Net Income": 373
    },
    "2016-12-31": {
        "Diluted EPS": -0.02,
        "Total Revenue": NaN,
        "Gross Profit": NaN,
        "Operating Income": 570,
        "EBIT": NaN,
        "Net Income": -15
    },
    "2016-09-30": {
        "Diluted EPS": 0.08,
        "Total Revenue": NaN,
        "Gross Profit": NaN,
        "Operating Income": 345,
        "EBIT": 801,
        "Net Income": 61
    },
    "2016-06-30": {
        "Diluted EPS": -0.54,
        "Total Revenue": NaN,
        "Gross Profit": NaN,
        "Operating Income": -488,
        "EBIT": -29,
        "Net Income": -405
    },
    "2016-03-31": {
        "Diluted EPS": -0.09,
        "Total Revenue": NaN,
        "Gross Profit": NaN,
        "Operating Income": 262,
        "EBIT": 728,
        "Net Income": -65
    },
    "2015-12-31": {
        "Diluted EPS": -0.95,
        "Total Revenue": NaN,
        "Gross Profit": NaN,
        "Operating Income": -749,
        "EBIT": 735,
        "Net Income": -715
    },
    "2015-09-30": {
        "Diluted EPS": -0.05,
        "Total Revenue": NaN,
        "Gross Profit": NaN,
        "Operating Income": 356,
        "EBIT": 807,
        "Net Income": -40
    },
    "2015-06-30": {
        "Diluted EPS": 0.15,
        "Total Revenue": NaN,
        "Gross Profit": NaN,
        "Operating Income": 392,
        "EBIT": 843,
        "Net Income": 114
    },
    "2015-03-31": {
        "Diluted EPS": 0.09,
        "Total Revenue": NaN,
        "Gross Profit": NaN,
        "Operating Income": 227,
        "EBIT": 677,
        "Net Income": 70
    },
    "2014-12-31": {
        "Diluted EPS": 0.35,
        "Total Revenue": NaN,
        "Gross Profit": NaN,
        "Operating Income": 531,
        "EBIT": 927,
        "Net Income": 193
    },
    "2014-09-30": {
        "Diluted EPS": 2.22,
        "Total Revenue": NaN,
        "Gross Profit": NaN,
        "Operating Income": 307,
        "EBIT": 689,
        "Net Income": NaN
    },
    "2014-06-30": {
        "Diluted EPS": 0.15,
        "Total Revenue": NaN,
        "Gross Profit": 954,
        "Operating Income": 311,
        "EBIT": 537,
        "Net Income": 103
    },
    "2014-03-31": {
        "Diluted EPS": 0.2,
        "Total Revenue": NaN,
        "Gross Profit": 980,
        "Operating Income": 420,
        "EBIT": 645,
        "Net Income": 140
    },
    "2013-12-31": {
        "Diluted EPS": -0.02,
        "Total Revenue": NaN,
        "Gross Profit": 934,
        "Operating Income": 263,
        "EBIT": 444,
        "Net Income": -14
    },
    "2013-09-30": {
        "Diluted EPS": 0.2,
        "Total Revenue": NaN,
        "Gross Profit": 913,
        "Operating Income": 336,
        "EBIT": 551,
        "Net Income": 141
    },
    "2013-06-30": {
        "Diluted EPS": 0.21,
        "Total Revenue": NaN,
        "Gross Profit": 966,
        "Operating Income": 350,
        "EBIT": 559,
        "Net Income": 142
    },
    "2013-03-31": {
        "Diluted EPS": 0.23,
        "Total Revenue": NaN,
        "Gross Profit": NaN,
        "Operating Income": 426,
        "EBIT": 636,
        "Net Income": 161
    },
    "2012-12-31": {
        "Diluted EPS": 0.21,
        "Total Revenue": NaN,
        "Gross Profit": NaN,
        "Operating Income": 380,
        "EBIT": 600,
        "Net Income": 149
    },
    "2012-09-30": {
        "Diluted EPS": 0.25,
        "Total Revenue": NaN,
        "Gross Profit": 981,
        "Operating Income": 373,
        "EBIT": 578,
        "Net Income": 155
    },
    "2012-06-30": {
        "Diluted EPS": 0.21,
        "Total Revenue": NaN,
        "Gross Profit": 946,
        "Operating Income": 332,
        "EBIT": 522,
        "Net Income": 132
    },
    "2012-03-31": {
        "Diluted EPS": 0.7,
        "Total Revenue": NaN,
        "Gross Profit": NaN,
        "Operating Income": 527,
        "EBIT": 704,
        "Net Income": 423
    },
    "2011-12-31": {
        "Diluted EPS": -0.75,
        "Total Revenue": NaN,
        "Gross Profit": NaN,
        "Operating Income": 511,
        "EBIT": 939,
        "Net Income": -444
    },
    "2011-09-30": {
        "Diluted EPS": 0.46,
        "Total Revenue": NaN,
        "Gross Profit": NaN,
        "Operating Income": 457,
        "EBIT": 886,
        "Net Income": 272
    },
    "2011-06-30": {
        "Diluted EPS": 0.38,
        "Total Revenue": NaN,
        "Gross Profit": NaN,
        "Operating Income": 460,
        "EBIT": 874,
        "Net Income": 227
    },
    "2011-03-31": {
        "Diluted EPS": 0.54,
        "Total Revenue": NaN,
        "Gross Profit": NaN,
        "Operating Income": 439,
        "EBIT": 834,
        "Net Income": 321
    },
    "2010-12-31": {
        "Diluted EPS": 0.29,
        "Total Revenue": NaN,
        "Gross Profit": NaN,
        "Operating Income": 383,
        "EBIT": 800,
        "Net Income": 174
    },
    "2010-09-30": {
        "Diluted EPS": -2.16,
        "Total Revenue": NaN,
        "Gross Profit": NaN,
        "Operating Income": NaN,
        "EBIT": -905,
        "Net Income": NaN
    },
    "2010-06-30": {
        "Diluted EPS": 0.31,
        "Total Revenue": NaN,
        "Gross Profit": NaN,
        "Operating Income": 416,
        "EBIT": 794,
        "Net Income": 185
    },
    "2010-03-31": {
        "Diluted EPS": -0.33,
        "Total Revenue": NaN,
        "Gross Profit": NaN,
        "Operating Income": 479,
        "EBIT": 854,
        "Net Income": -193
    },
    "2009-12-31": {
        "Diluted EPS": 0.29,
        "Total Revenue": NaN,
        "Gross Profit": NaN,
        "Operating Income": 456,
        "EBIT": 845,
        "Net Income": 172
    },
    "2009-09-30": {
        "Diluted EPS": 0.24,
        "Total Revenue": NaN,
        "Gross Profit": NaN,
        "Operating Income": 394,
        "EBIT": 766,
        "Net Income": 143
    },
    "2009-06-30": {
        "Diluted EPS": 0.24,
        "Total Revenue": NaN,
        "Gross Profit": NaN,
        "Operating Income": 351,
        "EBIT": 735,
        "Net Income": 142
    },
    "2009-03-31": {
        "Diluted EPS": -0.29,
        "Total Revenue": NaN,
        "Gross Profit": NaN,
        "Operating Income": 280,
        "EBIT": 647,
        "Net Income": -172
    },
    "2023-09-30": {
        "Tax Effect Of Unusual Items": 31479674.796748,
        "Tax Rate For Calcs": 0.204413,
        "Normalized EBITDA": 1542000000.0,
        "Total Unusual Items": 154000000.0,
        "Total Unusual Items Excluding Goodwill": 154000000.0,
        "Net Income From Continuing Operation Net Minority Interest": 655000000.0,
        "Reconciled Depreciation": 521000000.0,
        "Reconciled Cost Of Revenue": 1036000000.0,
        "EBITDA": 1696000000.0,
        "EBIT": 1175000000.0,
        "Net Interest Income": -314000000.0,
        "Interest Expense": 314000000.0,
        "Normalized Income": 532479674.796748,
        "Net Income From Continuing And Discontinued Operation": 654000000.0,
        "Total Expenses": 1695000000.0,
        "Total Operating Income As Reported": 994000000.0,
        "Diluted Average Shares": 1220073000.0,
        "Basic Average Shares": 1216951000.0,
        "Diluted EPS": 0.54,
        "Basic EPS": 0.54,
        "Diluted NI Availto Com Stockholders": 653000000.0,
        "Net Income Common Stockholders": 653000000.0,
        "Preferred Stock Dividends": 1000000.0,
        "Net Income": 654000000.0,
        "Minority Interests": -30000000.0,
        "Net Income Including Noncontrolling Interests": 684000000.0,
        "Net Income Discontinuous Operations": -1000000.0,
        "Net Income Continuous Operations": 685000000.0,
        "Tax Provision": 176000000.0,
        "Pretax Income": 861000000.0,
        "Other Income Expense": 311000000.0,
        "Other Non Operating Income Expenses": 30000000.0,
        "Special Income Charges": 130000000.0,
        "Gain On Sale Of Business": 130000000.0,
        "Earnings From Equity Interest": 127000000.0,
        "Gain On Sale Of Security": 24000000.0,
        "Net Non Operating Interest Income Expense": -314000000.0,
        "Interest Expense Non Operating": 314000000.0,
        "Operating Income": 864000000.0,
        "Operating Expense": 659000000.0,
        "Other Operating Expenses": -9000000.0,
        "Selling General And Administration": 146000000.0,
        "Gross Profit": 1523000000.0,
        "Cost Of Revenue": 1036000000.0,
        "Total Revenue": 2559000000.0,
        "Operating Revenue": 2535000000.0
    },
    "2023-12-31": {
        "Tax Effect Of Unusual Items": 123652230.122818,
        "Tax Rate For Calcs": 0.239173,
        "Normalized EBITDA": 1881000000.0,
        "Total Unusual Items": 517000000.0,
        "Total Unusual Items Excluding Goodwill": 517000000.0,
        "Net Income From Continuing Operation Net Minority Interest": 1147000000.0,
        "Reconciled Depreciation": 529000000.0,
        "Reconciled Cost Of Revenue": 977000000.0,
        "EBITDA": 2398000000.0,
        "EBIT": 1869000000.0,
        "Net Interest Income": -243000000.0,
        "Interest Expense": 322000000.0,
        "Normalized Income": 753652230.122818,
        "Net Income From Continuing And Discontinued Operation": 1138000000.0,
        "Total Expenses": 1696000000.0,
        "Total Operating Income As Reported": 1087000000.0,
        "Diluted Average Shares": NaN,
        "Basic Average Shares": NaN,
        "Diluted EPS": NaN,
        "Basic EPS": NaN,
        "Diluted NI Availto Com Stockholders": 1137000000.0,
        "Net Income Common Stockholders": 1137000000.0,
        "Preferred Stock Dividends": 1000000.0,
        "Net Income": 1138000000.0,
        "Minority Interests": -30000000.0,
        "Net Income Including Noncontrolling Interests": 1168000000.0,
        "Net Income Discontinuous Operations": -9000000.0,
        "Net Income Continuous Operations": 1177000000.0,
        "Tax Provision": 370000000.0,
        "Pretax Income": 1547000000.0,
        "Other Income Expense": 702000000.0,
        "Other Non Operating Income Expenses": 30000000.0,
        "Special Income Charges": 533000000.0,
        "Gain On Sale Of Business": -1000000.0,
        "Earnings From Equity Interest": 155000000.0,
        "Gain On Sale Of Security": -16000000.0,
        "Net Non Operating Interest Income Expense": -243000000.0,
        "Interest Expense Non Operating": 322000000.0,
        "Operating Income": 1088000000.0,
        "Operating Expense": 719000000.0,
        "Other Operating Expenses": 19000000.0,
        "Selling General And Administration": 182000000.0,
        "Gross Profit": 1807000000.0,
        "Cost Of Revenue": 977000000.0,
        "Total Revenue": 2784000000.0,
        "Operating Revenue": 2473000000.0
    },
    "2024-03-31": {
        "Tax Effect Of Unusual Items": 5417543.859649,
        "Tax Rate For Calcs": 0.225731,
        "Normalized EBITDA": 1728000000.0,
        "Total Unusual Items": 24000000.0,
        "Total Unusual Items Excluding Goodwill": 24000000.0,
        "Net Income From Continuing Operation Net Minority Interest": 632000000.0,
        "Reconciled Depreciation": 548000000.0,
        "Reconciled Cost Of Revenue": 1079000000.0,
        "EBITDA": 1752000000.0,
        "EBIT": 1204000000.0,
        "Net Interest Income": -349000000.0,
        "Interest Expense": 349000000.0,
        "Normalized Income": 613417543.859649,
        "Net Income From Continuing And Discontinued Operation": 632000000.0,
        "Total Expenses": 1759000000.0,
        "Total Operating Income As Reported": 1012000000.0,
        "Diluted Average Shares": 1222222000.0,
        "Basic Average Shares": 1218155000.0,
        "Diluted EPS": 0.52,
        "Basic EPS": 0.52,
        "Diluted NI Availto Com Stockholders": 631000000.0,
        "Net Income Common Stockholders": 631000000.0,
        "Preferred Stock Dividends": 1000000.0,
        "Net Income": 632000000.0,
        "Minority Interests": -30000000.0,
        "Net Income Including Noncontrolling Interests": 662000000.0,
        "Net Income Discontinuous Operations": NaN,
        "Net Income Continuous Operations": 662000000.0,
        "Tax Provision": 193000000.0,
        "Pretax Income": 855000000.0,
        "Other Income Expense": 192000000.0,
        "Other Non Operating Income Expenses": 31000000.0,
        "Special Income Charges": NaN,
        "Gain On Sale Of Business": NaN,
        "Earnings From Equity Interest": 137000000.0,
        "Gain On Sale Of Security": 24000000.0,
        "Net Non Operating Interest Income Expense": -349000000.0,
        "Interest Expense Non Operating": 349000000.0,
        "Operating Income": 1012000000.0,
        "Operating Expense": 680000000.0,
        "Other Operating Expenses": -17000000.0,
        "Selling General And Administration": 186000000.0,
        "Gross Profit": 1692000000.0,
        "Cost Of Revenue": 1079000000.0,
        "Total Revenue": 2771000000.0,
        "Operating Revenue": 2780000000.0
    }
}