{
    "2023-06-30": {
        "Tax Effect Of Unusual Items": NaN,
        "Tax Rate For Calcs": NaN,
        "Total Unusual Items": 2000.0,
        "Total Unusual Items Excluding Goodwill": 2000.0,
        "Net Income From Continuing Operation Net Minority Interest": NaN,
        "Reconciled Depreciation": NaN,
        "Net Interest Income": NaN,
        "Interest Expense": NaN,
        "Interest Income": NaN,
        "Normalized Income": NaN,
        "Net Income From Continuing And Discontinued Operation": NaN,
        "Diluted Average Shares": 11571321.0,
        "Basic Average Shares": 11571321.0,
        "Diluted EPS": 0.05,
        "Basic EPS": 0.05,
        "Diluted NI Availto Com Stockholders": NaN,
        "Net Income Common Stockholders": NaN,
        "Net Income": NaN,
        "Net Income Including Noncontrolling Interests": NaN,
        "Net Income Continuous Operations": NaN,
        "Tax Provision": NaN,
        "Pretax Income": NaN,
        "Special Income Charges": 2000.0,
        "Other Special Charges": -2000.0,
        "Gain On Sale Of Security": NaN,
        "Depreciation Amortization Depletion Income Statement": NaN,
        "Depreciation And Amortization In Income Statement": NaN,
        "Amortization": NaN,
        "Amortization Of Intangibles Income Statement": NaN,
        "Selling General And Administration": NaN,
        "General And Administrative Expense": NaN,
        "Salaries And Wages": NaN,
        "Total Revenue": NaN,
        "Operating Revenue": NaN,
        "Occupancy And Equipment": NaN,
        "Professional Expense And Contract Services Expense": NaN,
        "Other Non Interest Expense": NaN
    },
    "2023-03-31": {
        "Tax Effect Of Unusual Items": NaN,
        "Tax Rate For Calcs": NaN,
        "Total Unusual Items": 97000.0,
        "Total Unusual Items Excluding Goodwill": 97000.0,
        "Net Income From Continuing Operation Net Minority Interest": NaN,
        "Reconciled Depreciation": NaN,
        "Net Interest Income": NaN,
        "Interest Expense": NaN,
        "Interest Income": NaN,
        "Normalized Income": NaN,
        "Net Income From Continuing And Discontinued Operation": NaN,
        "Diluted Average Shares": NaN,
        "Basic Average Shares": NaN,
        "Diluted EPS": NaN,
        "Basic EPS": NaN,
        "Diluted NI Availto Com Stockholders": NaN,
        "Net Income Common Stockholders": NaN,
        "Net Income": NaN,
        "Net Income Including Noncontrolling Interests": NaN,
        "Net Income Continuous Operations": NaN,
        "Tax Provision": NaN,
        "Pretax Income": NaN,
        "Special Income Charges": 97000.0,
        "Other Special Charges": -97000.0,
        "Gain On Sale Of Security": NaN,
        "Depreciation Amortization Depletion Income Statement": NaN,
        "Depreciation And Amortization In Income Statement": NaN,
        "Amortization": NaN,
        "Amortization Of Intangibles Income Statement": NaN,
        "Selling General And Administration": NaN,
        "General And Administrative Expense": NaN,
        "Salaries And Wages": NaN,
        "Total Revenue": NaN,
        "Operating Revenue": NaN,
        "Occupancy And Equipment": NaN,
        "Professional Expense And Contract Services Expense": NaN,
        "Other Non Interest Expense": NaN
    },
    "2022-12-31": {
        "Tax Effect Of Unusual Items": NaN,
        "Tax Rate For Calcs": NaN,
        "Total Unusual Items": NaN,
        "Total Unusual Items Excluding Goodwill": NaN,
        "Net Income From Continuing Operation Net Minority Interest": NaN,
        "Reconciled Depreciation": NaN,
        "Net Interest Income": NaN,
        "Interest Expense": NaN,
        "Interest Income": NaN,
        "Normalized Income": NaN,
        "Net Income From Continuing And Discontinued Operation": NaN,
        "Diluted Average Shares": NaN,
        "Basic Average Shares": NaN,
        "Diluted EPS": NaN,
        "Basic EPS": NaN,
        "Diluted NI Availto Com Stockholders": NaN,
        "Net Income Common Stockholders": NaN,
        "Net Income": NaN,
        "Net Income Including Noncontrolling Interests": NaN,
        "Net Income Continuous Operations": NaN,
        "Tax Provision": NaN,
        "Pretax Income": NaN,
        "Special Income Charges": NaN,
        "Other Special Charges": -300000.0,
        "Gain On Sale Of Security": NaN,
        "Depreciation Amortization Depletion Income Statement": NaN,
        "Depreciation And Amortization In Income Statement": NaN,
        "Amortization": NaN,
        "Amortization Of Intangibles Income Statement": NaN,
        "Selling General And Administration": NaN,
        "General And Administrative Expense": NaN,
        "Salaries And Wages": NaN,
        "Total Revenue": NaN,
        "Operating Revenue": NaN,
        "Occupancy And Equipment": NaN,
        "Professional Expense And Contract Services Expense": NaN,
        "Other Non Interest Expense": NaN
    },
    "2022-09-30": {
        "Tax Effect Of Unusual Items": NaN,
        "Tax Rate For Calcs": NaN,
        "Total Unusual Items": NaN,
        "Total Unusual Items Excluding Goodwill": NaN,
        "Net Income From Continuing Operation Net Minority Interest": NaN,
        "Reconciled Depreciation": NaN,
        "Net Interest Income": NaN,
        "Interest Expense": NaN,
        "Interest Income": NaN,
        "Normalized Income": NaN,
        "Net Income From Continuing And Discontinued Operation": NaN,
        "Diluted Average Shares": NaN,
        "Basic Average Shares": NaN,
        "Diluted EPS": NaN,
        "Basic EPS": NaN,
        "Diluted NI Availto Com Stockholders": NaN,
        "Net Income Common Stockholders": NaN,
        "Net Income": NaN,
        "Net Income Including Noncontrolling Interests": NaN,
        "Net Income Continuous Operations": NaN,
        "Tax Provision": NaN,
        "Pretax Income": NaN,
        "Special Income Charges": NaN,
        "Other Special Charges": 1000.0,
        "Gain On Sale Of Security": NaN,
        "Depreciation Amortization Depletion Income Statement": NaN,
        "Depreciation And Amortization In Income Statement": NaN,
        "Amortization": NaN,
        "Amortization Of Intangibles Income Statement": NaN,
        "Selling General And Administration": NaN,
        "General And Administrative Expense": NaN,
        "Other Gand A": 431000.0,
        "Salaries And Wages": NaN,
        "Total Revenue": NaN,
        "Operating Revenue": NaN
    },
    "2022-06-30": {
        "Tax Effect Of Unusual Items": -772.0,
        "Tax Rate For Calcs": 0.193,
        "Total Unusual Items": -4000.0,
        "Total Unusual Items Excluding Goodwill": -4000.0,
        "Net Income From Continuing Operation Net Minority Interest": 1078000.0,
        "Reconciled Depreciation": 56000.0,
        "Net Interest Income": 6212000.0,
        "Interest Expense": 536000.0,
        "Interest Income": 6748000.0,
        "Normalized Income": 1081228.0,
        "Net Income From Continuing And Discontinued Operation": 1078000.0,
        "Diluted Average Shares": 14106024.0,
        "Basic Average Shares": 14092152.0,
        "Diluted EPS": 0.08,
        "Basic EPS": 0.08,
        "Diluted NI Availto Com Stockholders": 1078000.0,
        "Net Income Common Stockholders": 1078000.0,
        "Net Income": 1078000.0,
        "Net Income Including Noncontrolling Interests": 1078000.0,
        "Net Income Continuous Operations": 1078000.0,
        "Tax Provision": 258000.0,
        "Pretax Income": 1336000.0,
        "Special Income Charges": -22000.0,
        "Other Special Charges": 22000.0,
        "Gain On Sale Of Security": -146000.0,
        "Depreciation Amortization Depletion Income Statement": 56000.0,
        "Depreciation And Amortization In Income Statement": 56000.0,
        "Amortization": 56000.0,
        "Amortization Of Intangibles Income Statement": 56000.0,
        "Selling General And Administration": 3042000.0,
        "General And Administrative Expense": 3042000.0,
        "Other Gand A": 453000.0,
        "Salaries And Wages": 3042000.0,
        "Total Revenue": 6625000.0,
        "Operating Revenue": 6625000.0
    },
    "2022-03-31": {
        "Diluted EPS": 0.06,
        "Total Revenue": 7,
        "Gross Profit": 6,
        "Operating Income": 1,
        "EBIT": NaN,
        "Net Income": 1
    },
    "2021-12-31": {
        "Diluted EPS": 0.08,
        "Total Revenue": 7,
        "Gross Profit": 6,
        "Operating Income": 1,
        "EBIT": NaN,
        "Net Income": 1
    },
    "2021-09-30": {
        "Diluted EPS": 0.08,
        "Total Revenue": 7,
        "Gross Profit": 6,
        "Operating Income": 1,
        "EBIT": NaN,
        "Net Income": 1
    },
    "2021-06-30": {
        "Diluted EPS": 0.05,
        "Total Revenue": 7,
        "Gross Profit": 6,
        "Operating Income": 1,
        "EBIT": NaN,
        "Net Income": 1
    },
    "2021-03-31": {
        "Diluted EPS": 0.07,
        "Total Revenue": 7,
        "Gross Profit": 6,
        "Operating Income": 1,
        "EBIT": NaN,
        "Net Income": 1
    },
    "2020-12-31": {
        "Diluted EPS": 0.09,
        "Total Revenue": 8,
        "Gross Profit": 6,
        "Operating Income": 2,
        "EBIT": NaN,
        "Net Income": 1
    },
    "2020-09-30": {
        "Diluted EPS": 0.05,
        "Total Revenue": 7,
        "Gross Profit": 6,
        "Operating Income": 1,
        "EBIT": NaN,
        "Net Income": 1
    },
    "2020-06-30": {
        "Diluted EPS": 0.0,
        "Total Revenue": NaN,
        "Gross Profit": NaN,
        "Operating Income": NaN,
        "EBIT": NaN,
        "Net Income": NaN
    },
    "2020-03-31": {
        "Diluted EPS": 0.06,
        "Total Revenue": 5,
        "Gross Profit": 4,
        "Operating Income": 1,
        "EBIT": NaN,
        "Net Income": 1
    },
    "2019-12-31": {
        "Diluted EPS": 0.23,
        "Total Revenue": 5,
        "Gross Profit": 4,
        "Operating Income": 1,
        "EBIT": NaN,
        "Net Income": 1
    },
    "2023-09-30": {
        "Tax Effect Of Unusual Items": 0.0,
        "Tax Rate For Calcs": 0.21,
        "Total Unusual Items": NaN,
        "Total Unusual Items Excluding Goodwill": NaN,
        "Net Income From Continuing Operation Net Minority Interest": 179000.0,
        "Reconciled Depreciation": 238000.0,
        "Net Interest Income": 4744000.0,
        "Interest Expense": 3267000.0,
        "Interest Income": 8011000.0,
        "Normalized Income": 179000.0,
        "Net Income From Continuing And Discontinued Operation": 179000.0,
        "Diluted Average Shares": 10620603.0,
        "Basic Average Shares": 10600522.0,
        "Diluted EPS": 0.02,
        "Basic EPS": 0.02,
        "Diluted NI Availto Com Stockholders": 179000.0,
        "Net Income Common Stockholders": 179000.0,
        "Net Income": 179000.0,
        "Net Income Including Noncontrolling Interests": 179000.0,
        "Net Income Continuous Operations": 179000.0,
        "Tax Provision": -15000.0,
        "Pretax Income": 164000.0,
        "Special Income Charges": NaN,
        "Other Special Charges": NaN,
        "Gain On Sale Of Security": 73000.0,
        "Depreciation Amortization Depletion Income Statement": 41000.0,
        "Depreciation And Amortization In Income Statement": 41000.0,
        "Amortization": 41000.0,
        "Amortization Of Intangibles Income Statement": 41000.0,
        "Selling General And Administration": 2935000.0,
        "General And Administrative Expense": 2935000.0,
        "Salaries And Wages": 2935000.0,
        "Total Revenue": 5394000.0,
        "Operating Revenue": 5394000.0,
        "Occupancy And Equipment": 760000.0,
        "Professional Expense And Contract Services Expense": 210000.0,
        "Other Non Interest Expense": 1279000.0
    },
    "2023-12-31": {
        "Tax Effect Of Unusual Items": 0.0,
        "Tax Rate For Calcs": 0.21,
        "Total Unusual Items": 0.0,
        "Total Unusual Items Excluding Goodwill": 0.0,
        "Net Income From Continuing Operation Net Minority Interest": 11000.0,
        "Reconciled Depreciation": 244000.0,
        "Net Interest Income": 4211000.0,
        "Interest Expense": 3852000.0,
        "Interest Income": 8063000.0,
        "Normalized Income": 11000.0,
        "Net Income From Continuing And Discontinued Operation": 11000.0,
        "Diluted Average Shares": 8910313.0,
        "Basic Average Shares": 8845633.0,
        "Diluted EPS": 0.001235,
        "Basic EPS": 0.001244,
        "Diluted NI Availto Com Stockholders": 11000.0,
        "Net Income Common Stockholders": 11000.0,
        "Net Income": 11000.0,
        "Net Income Including Noncontrolling Interests": 11000.0,
        "Net Income Continuous Operations": 11000.0,
        "Tax Provision": -68000.0,
        "Pretax Income": -57000.0,
        "Special Income Charges": 0.0,
        "Other Special Charges": NaN,
        "Gain On Sale Of Security": 233000.0,
        "Depreciation Amortization Depletion Income Statement": 41000.0,
        "Depreciation And Amortization In Income Statement": 41000.0,
        "Amortization": 41000.0,
        "Amortization Of Intangibles Income Statement": 41000.0,
        "Selling General And Administration": 2861000.0,
        "General And Administrative Expense": 2861000.0,
        "Salaries And Wages": 2861000.0,
        "Total Revenue": 5039000.0,
        "Operating Revenue": 5039000.0,
        "Occupancy And Equipment": 728000.0,
        "Professional Expense And Contract Services Expense": 192000.0,
        "Other Non Interest Expense": 1249000.0
    },
    "2024-03-31": {
        "Tax Effect Of Unusual Items": 0.0,
        "Tax Rate For Calcs": 0.21,
        "Total Unusual Items": 0.0,
        "Total Unusual Items Excluding Goodwill": 0.0,
        "Net Income From Continuing Operation Net Minority Interest": 136000.0,
        "Reconciled Depreciation": 226000.0,
        "Net Interest Income": 4014000.0,
        "Interest Expense": 4150000.0,
        "Interest Income": 8164000.0,
        "Normalized Income": 136000.0,
        "Net Income From Continuing And Discontinued Operation": 136000.0,
        "Diluted Average Shares": 8423209.0,
        "Basic Average Shares": 8336654.0,
        "Diluted EPS": 0.02,
        "Basic EPS": 0.02,
        "Diluted NI Availto Com Stockholders": 136000.0,
        "Net Income Common Stockholders": 136000.0,
        "Net Income": 136000.0,
        "Net Income Including Noncontrolling Interests": 136000.0,
        "Net Income Continuous Operations": 136000.0,
        "Tax Provision": -230000.0,
        "Pretax Income": -94000.0,
        "Special Income Charges": 0.0,
        "Other Special Charges": NaN,
        "Gain On Sale Of Security": 150000.0,
        "Depreciation Amortization Depletion Income Statement": 41000.0,
        "Depreciation And Amortization In Income Statement": 41000.0,
        "Amortization": 41000.0,
        "Amortization Of Intangibles Income Statement": 41000.0,
        "Selling General And Administration": 2991000.0,
        "General And Administrative Expense": 2991000.0,
        "Salaries And Wages": 2991000.0,
        "Total Revenue": 4739000.0,
        "Operating Revenue": 4739000.0,
        "Occupancy And Equipment": 772000.0,
        "Professional Expense And Contract Services Expense": 249000.0,
        "Other Non Interest Expense": 1285000.0
    },
    "2024-06-30": {
        "Tax Effect Of Unusual Items": -840.0,
        "Tax Rate For Calcs": 0.21,
        "Total Unusual Items": -4000.0,
        "Total Unusual Items Excluding Goodwill": -4000.0,
        "Net Income From Continuing Operation Net Minority Interest": -158000.0,
        "Reconciled Depreciation": 227000.0,
        "Net Interest Income": 4152000.0,
        "Interest Expense": 4135000.0,
        "Interest Income": 8287000.0,
        "Normalized Income": -154840.0,
        "Net Income From Continuing And Discontinued Operation": -158000.0,
        "Diluted Average Shares": NaN,
        "Basic Average Shares": NaN,
        "Diluted EPS": NaN,
        "Basic EPS": NaN,
        "Diluted NI Availto Com Stockholders": -158000.0,
        "Net Income Common Stockholders": -158000.0,
        "Net Income": -158000.0,
        "Net Income Including Noncontrolling Interests": -158000.0,
        "Net Income Continuous Operations": -158000.0,
        "Tax Provision": -145000.0,
        "Pretax Income": -303000.0,
        "Special Income Charges": 0.0,
        "Other Special Charges": NaN,
        "Gain On Sale Of Security": 33000.0,
        "Depreciation Amortization Depletion Income Statement": 40000.0,
        "Depreciation And Amortization In Income Statement": 40000.0,
        "Amortization": 40000.0,
        "Amortization Of Intangibles Income Statement": 40000.0,
        "Selling General And Administration": 2991000.0,
        "General And Administrative Expense": 2991000.0,
        "Salaries And Wages": 2991000.0,
        "Total Revenue": 4785000.0,
        "Operating Revenue": 4785000.0,
        "Occupancy And Equipment": 720000.0,
        "Professional Expense And Contract Services Expense": 190000.0,
        "Other Non Interest Expense": 1278000.0
    },
    "2024-09-30": {
        "Tax Effect Of Unusual Items": 0.0,
        "Tax Rate For Calcs": 0.21,
        "Total Unusual Items": NaN,
        "Total Unusual Items Excluding Goodwill": NaN,
        "Net Income From Continuing Operation Net Minority Interest": -21000.0,
        "Reconciled Depreciation": 205000.0,
        "Net Interest Income": 4141000.0,
        "Interest Expense": 4107000.0,
        "Interest Income": 8248000.0,
        "Normalized Income": -21000.0,
        "Net Income From Continuing And Discontinued Operation": -21000.0,
        "Diluted Average Shares": 8232941.0,
        "Basic Average Shares": 8205411.0,
        "Diluted EPS": -0.002559,
        "Basic EPS": -0.002559,
        "Diluted NI Availto Com Stockholders": -21000.0,
        "Net Income Common Stockholders": -21000.0,
        "Net Income": -21000.0,
        "Net Income Including Noncontrolling Interests": -21000.0,
        "Net Income Continuous Operations": -21000.0,
        "Tax Provision": -116000.0,
        "Pretax Income": -137000.0,
        "Special Income Charges": NaN,
        "Other Special Charges": NaN,
        "Gain On Sale Of Security": 79000.0,
        "Depreciation Amortization Depletion Income Statement": 33000.0,
        "Depreciation And Amortization In Income Statement": 33000.0,
        "Amortization": 33000.0,
        "Amortization Of Intangibles Income Statement": 33000.0,
        "Selling General And Administration": 2959000.0,
        "General And Administrative Expense": 2959000.0,
        "Salaries And Wages": 2959000.0,
        "Total Revenue": 4791000.0,
        "Operating Revenue": 4791000.0,
        "Occupancy And Equipment": 706000.0,
        "Professional Expense And Contract Services Expense": 328000.0,
        "Other Non Interest Expense": 1297000.0
    }
}