{
    "2023-04-30": {
        "Tax Effect Of Unusual Items": 0.0,
        "Tax Rate For Calcs": 0.295,
        "Normalized EBITDA": 6197000000.0,
        "Total Unusual Items": NaN,
        "Total Unusual Items Excluding Goodwill": NaN,
        "Net Income From Continuing Operation Net Minority Interest": 1673000000.0,
        "Reconciled Depreciation": 2845000000.0,
        "Reconciled Cost Of Revenue": 115284000000.0,
        "EBITDA": 6197000000.0,
        "EBIT": 3352000000.0,
        "Net Interest Income": -557000000.0,
        "Interest Expense": 664000000.0,
        "Interest Income": 107000000.0,
        "Normalized Income": 1673000000.0,
        "Net Income From Continuing And Discontinued Operation": 1673000000.0,
        "Total Expenses": 146061000000.0,
        "Total Operating Income As Reported": 6240000000.0,
        "Diluted Average Shares": 2704000000.0,
        "Basic Average Shares": 2694000000.0,
        "Diluted EPS": 0.62,
        "Basic EPS": 0.62,
        "Diluted NI Availto Com Stockholders": 1673000000.0,
        "Net Income Common Stockholders": 1673000000.0,
        "Net Income": 1673000000.0,
        "Minority Interests": -223000000.0,
        "Net Income Including Noncontrolling Interests": 1896000000.0,
        "Net Income Continuous Operations": 1896000000.0,
        "Tax Provision": 792000000.0,
        "Pretax Income": 2688000000.0,
        "Other Income Expense": -2995000000.0,
        "Other Non Operating Income Expenses": -2995000000.0,
        "Special Income Charges": NaN,
        "Net Non Operating Interest Income Expense": -557000000.0,
        "Interest Expense Non Operating": 664000000.0,
        "Interest Income Non Operating": 107000000.0,
        "Operating Income": 6240000000.0,
        "Operating Expense": 30777000000.0,
        "Selling General And Administration": 30777000000.0,
        "Gross Profit": 37017000000.0,
        "Cost Of Revenue": 115284000000.0,
        "Total Revenue": 152301000000.0,
        "Operating Revenue": 152301000000.0
    },
    "2023-01-31": {
        "Tax Effect Of Unusual Items": 0.0,
        "Tax Rate For Calcs": 0.347,
        "Normalized EBITDA": 12323000000.0,
        "Total Unusual Items": 0.0,
        "Total Unusual Items Excluding Goodwill": 0.0,
        "Net Income From Continuing Operation Net Minority Interest": 6275000000.0,
        "Reconciled Depreciation": 2811000000.0,
        "Reconciled Cost Of Revenue": 125423000000.0,
        "EBITDA": 12323000000.0,
        "EBIT": 9512000000.0,
        "Net Interest Income": -507000000.0,
        "Interest Expense": 610000000.0,
        "Interest Income": 103000000.0,
        "Normalized Income": 6275000000.0,
        "Net Income From Continuing And Discontinued Operation": 6275000000.0,
        "Total Expenses": 158487000000.0,
        "Total Operating Income As Reported": 5561000000.0,
        "Diluted Average Shares": 2707000000.0,
        "Basic Average Shares": 2696000000.0,
        "Diluted EPS": 2.32,
        "Basic EPS": 2.33,
        "Diluted NI Availto Com Stockholders": 6275000000.0,
        "Net Income Common Stockholders": 6275000000.0,
        "Net Income": 6275000000.0,
        "Minority Interests": 466000000.0,
        "Net Income Including Noncontrolling Interests": 5809000000.0,
        "Net Income Continuous Operations": 5809000000.0,
        "Tax Provision": 3093000000.0,
        "Pretax Income": 8902000000.0,
        "Other Income Expense": 3848000000.0,
        "Other Non Operating Income Expenses": 3848000000.0,
        "Special Income Charges": 0.0,
        "Net Non Operating Interest Income Expense": -507000000.0,
        "Interest Expense Non Operating": 610000000.0,
        "Interest Income Non Operating": 103000000.0,
        "Operating Income": 5561000000.0,
        "Operating Expense": 33064000000.0,
        "Selling General And Administration": 33064000000.0,
        "Gross Profit": 38625000000.0,
        "Cost Of Revenue": 125423000000.0,
        "Total Revenue": 164048000000.0,
        "Operating Revenue": 164048000000.0
    },
    "2022-10-31": {
        "Tax Effect Of Unusual Items": 0.0,
        "Tax Rate For Calcs": 0.21,
        "Normalized EBITDA": 1908000000.0,
        "Total Unusual Items": 0.0,
        "Total Unusual Items Excluding Goodwill": 0.0,
        "Net Income From Continuing Operation Net Minority Interest": -1798000000.0,
        "Reconciled Depreciation": 2755000000.0,
        "Reconciled Cost Of Revenue": 115613000000.0,
        "EBITDA": 1908000000.0,
        "EBIT": -847000000.0,
        "Net Interest Income": -500000000.0,
        "Interest Expense": 584000000.0,
        "Interest Income": 84000000.0,
        "Normalized Income": -1798000000.0,
        "Net Income From Continuing And Discontinued Operation": -1798000000.0,
        "Total Expenses": 150118000000.0,
        "Total Operating Income As Reported": 2695000000.0,
        "Diluted Average Shares": 2711000000.0,
        "Basic Average Shares": 2711000000.0,
        "Diluted EPS": -0.66,
        "Basic EPS": -0.66,
        "Diluted NI Availto Com Stockholders": -1798000000.0,
        "Net Income Common Stockholders": -1798000000.0,
        "Net Income": -1798000000.0,
        "Minority Interests": -31000000.0,
        "Net Income Including Noncontrolling Interests": -1767000000.0,
        "Net Income Continuous Operations": -1767000000.0,
        "Tax Provision": 336000000.0,
        "Pretax Income": -1431000000.0,
        "Other Income Expense": -3626000000.0,
        "Other Non Operating Income Expenses": -3626000000.0,
        "Special Income Charges": 0.0,
        "Net Non Operating Interest Income Expense": -500000000.0,
        "Interest Expense Non Operating": 584000000.0,
        "Interest Income Non Operating": 84000000.0,
        "Operating Income": 2695000000.0,
        "Operating Expense": 34505000000.0,
        "Selling General And Administration": 34505000000.0,
        "Gross Profit": 37200000000.0,
        "Cost Of Revenue": 115613000000.0,
        "Total Revenue": 152813000000.0,
        "Operating Revenue": 152813000000.0
    },
    "2022-07-31": {
        "Tax Effect Of Unusual Items": 0.0,
        "Tax Rate For Calcs": 0.225,
        "Normalized EBITDA": 9822000000.0,
        "Total Unusual Items": NaN,
        "Total Unusual Items Excluding Goodwill": NaN,
        "Net Income From Continuing Operation Net Minority Interest": 5149000000.0,
        "Reconciled Depreciation": 2699000000.0,
        "Reconciled Cost Of Revenue": 115838000000.0,
        "EBITDA": 9822000000.0,
        "EBIT": 7123000000.0,
        "Net Interest Income": -448000000.0,
        "Interest Expense": 479000000.0,
        "Interest Income": 31000000.0,
        "Normalized Income": 5149000000.0,
        "Net Income From Continuing And Discontinued Operation": 5149000000.0,
        "Total Expenses": 146005000000.0,
        "Total Operating Income As Reported": 6854000000.0,
        "Diluted Average Shares": 2745000000.0,
        "Basic Average Shares": 2736000000.0,
        "Diluted EPS": 1.88,
        "Basic EPS": 1.88,
        "Diluted NI Availto Com Stockholders": 5149000000.0,
        "Net Income Common Stockholders": 5149000000.0,
        "Net Income": 5149000000.0,
        "Minority Interests": 2000000.0,
        "Net Income Including Noncontrolling Interests": 5147000000.0,
        "Net Income Continuous Operations": 5147000000.0,
        "Tax Provision": 1497000000.0,
        "Pretax Income": 6644000000.0,
        "Other Income Expense": 238000000.0,
        "Other Non Operating Income Expenses": 238000000.0,
        "Special Income Charges": NaN,
        "Net Non Operating Interest Income Expense": -448000000.0,
        "Interest Expense Non Operating": 479000000.0,
        "Interest Income Non Operating": 31000000.0,
        "Operating Income": 6854000000.0,
        "Operating Expense": 30167000000.0,
        "Selling General And Administration": 30167000000.0,
        "Gross Profit": 37021000000.0,
        "Cost Of Revenue": 115838000000.0,
        "Total Revenue": 152859000000.0,
        "Operating Revenue": 152859000000.0
    },
    "2022-04-30": {
        "Diluted EPS": 0.74,
        "Total Revenue": NaN,
        "Gross Profit": NaN,
        "Operating Income": NaN,
        "EBIT": NaN,
        "Net Income": NaN
    },
    "2022-01-31": {
        "Diluted EPS": 1.27,
        "Total Revenue": NaN,
        "Gross Profit": NaN,
        "Operating Income": NaN,
        "EBIT": NaN,
        "Net Income": NaN
    },
    "2021-10-31": {
        "Diluted EPS": 1.11,
        "Total Revenue": NaN,
        "Gross Profit": NaN,
        "Operating Income": NaN,
        "EBIT": NaN,
        "Net Income": NaN
    },
    "2021-07-31": {
        "Diluted EPS": 1.52,
        "Total Revenue": NaN,
        "Gross Profit": NaN,
        "Operating Income": NaN,
        "EBIT": NaN,
        "Net Income": NaN
    },
    "2021-04-30": {
        "Diluted EPS": 0.97,
        "Total Revenue": NaN,
        "Gross Profit": NaN,
        "Operating Income": NaN,
        "EBIT": NaN,
        "Net Income": NaN
    },
    "2021-01-31": {
        "Diluted EPS": -0.72,
        "Total Revenue": NaN,
        "Gross Profit": NaN,
        "Operating Income": NaN,
        "EBIT": NaN,
        "Net Income": NaN
    },
    "2020-10-31": {
        "Diluted EPS": 1.8,
        "Total Revenue": NaN,
        "Gross Profit": NaN,
        "Operating Income": NaN,
        "EBIT": NaN,
        "Net Income": NaN
    },
    "2020-07-31": {
        "Diluted EPS": 2.27,
        "Total Revenue": NaN,
        "Gross Profit": NaN,
        "Operating Income": NaN,
        "EBIT": NaN,
        "Net Income": NaN
    },
    "2020-04-30": {
        "Diluted EPS": 1.4,
        "Total Revenue": NaN,
        "Gross Profit": NaN,
        "Operating Income": NaN,
        "EBIT": NaN,
        "Net Income": NaN
    },
    "2020-01-31": {
        "Diluted EPS": 1.45,
        "Total Revenue": NaN,
        "Gross Profit": NaN,
        "Operating Income": NaN,
        "EBIT": NaN,
        "Net Income": NaN
    },
    "2019-10-31": {
        "Diluted EPS": 1.15,
        "Total Revenue": NaN,
        "Gross Profit": NaN,
        "Operating Income": NaN,
        "EBIT": NaN,
        "Net Income": NaN
    },
    "2019-07-31": {
        "Diluted EPS": 1.26,
        "Total Revenue": NaN,
        "Gross Profit": NaN,
        "Operating Income": NaN,
        "EBIT": NaN,
        "Net Income": NaN
    },
    "2019-04-30": {
        "Diluted EPS": 1.33,
        "Total Revenue": NaN,
        "Gross Profit": NaN,
        "Operating Income": NaN,
        "EBIT": NaN,
        "Net Income": NaN
    },
    "2019-01-31": {
        "Diluted EPS": 1.25,
        "Total Revenue": NaN,
        "Gross Profit": NaN,
        "Operating Income": NaN,
        "EBIT": NaN,
        "Net Income": NaN
    },
    "2018-10-31": {
        "Diluted EPS": 0.58,
        "Total Revenue": NaN,
        "Gross Profit": NaN,
        "Operating Income": NaN,
        "EBIT": NaN,
        "Net Income": NaN
    },
    "2018-07-31": {
        "Diluted EPS": -0.29,
        "Total Revenue": NaN,
        "Gross Profit": NaN,
        "Operating Income": NaN,
        "EBIT": NaN,
        "Net Income": -861
    },
    "2018-04-30": {
        "Diluted EPS": 0.72,
        "Total Revenue": NaN,
        "Gross Profit": NaN,
        "Operating Income": NaN,
        "EBIT": NaN,
        "Net Income": NaN
    },
    "2018-01-31": {
        "Diluted EPS": 0.74,
        "Total Revenue": NaN,
        "Gross Profit": NaN,
        "Operating Income": NaN,
        "EBIT": NaN,
        "Net Income": NaN
    },
    "2017-10-31": {
        "Diluted EPS": 0.58,
        "Total Revenue": NaN,
        "Gross Profit": NaN,
        "Operating Income": NaN,
        "EBIT": NaN,
        "Net Income": NaN
    },
    "2017-07-31": {
        "Diluted EPS": 0.96,
        "Total Revenue": NaN,
        "Gross Profit": NaN,
        "Operating Income": NaN,
        "EBIT": NaN,
        "Net Income": NaN
    },
    "2017-04-30": {
        "Diluted EPS": 1.0,
        "Total Revenue": NaN,
        "Gross Profit": NaN,
        "Operating Income": NaN,
        "EBIT": NaN,
        "Net Income": NaN
    },
    "2017-01-31": {
        "Diluted EPS": 1.21,
        "Total Revenue": NaN,
        "Gross Profit": NaN,
        "Operating Income": NaN,
        "EBIT": NaN,
        "Net Income": NaN
    },
    "2016-10-31": {
        "Diluted EPS": 0.98,
        "Total Revenue": NaN,
        "Gross Profit": NaN,
        "Operating Income": NaN,
        "EBIT": NaN,
        "Net Income": NaN
    },
    "2016-07-31": {
        "Diluted EPS": 1.21,
        "Total Revenue": NaN,
        "Gross Profit": NaN,
        "Operating Income": NaN,
        "EBIT": NaN,
        "Net Income": NaN
    },
    "2016-04-30": {
        "Diluted EPS": 0.98,
        "Total Revenue": NaN,
        "Gross Profit": NaN,
        "Operating Income": NaN,
        "EBIT": NaN,
        "Net Income": NaN
    },
    "2016-01-31": {
        "Diluted EPS": 1.43,
        "Total Revenue": NaN,
        "Gross Profit": NaN,
        "Operating Income": NaN,
        "EBIT": NaN,
        "Net Income": NaN
    },
    "2015-10-31": {
        "Diluted EPS": 1.03,
        "Total Revenue": NaN,
        "Gross Profit": NaN,
        "Operating Income": NaN,
        "EBIT": NaN,
        "Net Income": NaN
    },
    "2015-07-31": {
        "Diluted EPS": 1.08,
        "Total Revenue": NaN,
        "Gross Profit": NaN,
        "Operating Income": NaN,
        "EBIT": NaN,
        "Net Income": NaN
    },
    "2015-04-30": {
        "Diluted EPS": 1.03,
        "Total Revenue": NaN,
        "Gross Profit": NaN,
        "Operating Income": NaN,
        "EBIT": NaN,
        "Net Income": NaN
    },
    "2015-01-31": {
        "Diluted EPS": 1.53,
        "Total Revenue": NaN,
        "Gross Profit": NaN,
        "Operating Income": NaN,
        "EBIT": NaN,
        "Net Income": NaN
    },
    "2014-10-31": {
        "Diluted EPS": 1.15,
        "Total Revenue": NaN,
        "Gross Profit": NaN,
        "Operating Income": NaN,
        "EBIT": NaN,
        "Net Income": NaN
    },
    "2014-07-31": {
        "Diluted EPS": 1.26,
        "Total Revenue": NaN,
        "Gross Profit": NaN,
        "Operating Income": NaN,
        "EBIT": NaN,
        "Net Income": NaN
    },
    "2014-04-30": {
        "Diluted EPS": 1.11,
        "Total Revenue": NaN,
        "Gross Profit": NaN,
        "Operating Income": NaN,
        "EBIT": NaN,
        "Net Income": NaN
    },
    "2014-01-31": {
        "Diluted EPS": 1.36,
        "Total Revenue": NaN,
        "Gross Profit": NaN,
        "Operating Income": NaN,
        "EBIT": NaN,
        "Net Income": NaN
    },
    "2013-10-31": {
        "Diluted EPS": 1.14,
        "Total Revenue": NaN,
        "Gross Profit": NaN,
        "Operating Income": NaN,
        "EBIT": NaN,
        "Net Income": NaN
    },
    "2013-07-31": {
        "Diluted EPS": 1.24,
        "Total Revenue": NaN,
        "Gross Profit": NaN,
        "Operating Income": NaN,
        "EBIT": NaN,
        "Net Income": NaN
    },
    "2013-04-30": {
        "Diluted EPS": 1.14,
        "Total Revenue": NaN,
        "Gross Profit": NaN,
        "Operating Income": NaN,
        "EBIT": NaN,
        "Net Income": NaN
    },
    "2013-01-31": {
        "Diluted EPS": 1.67,
        "Total Revenue": NaN,
        "Gross Profit": NaN,
        "Operating Income": NaN,
        "EBIT": NaN,
        "Net Income": NaN
    },
    "2012-10-31": {
        "Diluted EPS": 1.08,
        "Total Revenue": NaN,
        "Gross Profit": NaN,
        "Operating Income": NaN,
        "EBIT": NaN,
        "Net Income": NaN
    },
    "2012-07-31": {
        "Diluted EPS": 1.18,
        "Total Revenue": NaN,
        "Gross Profit": NaN,
        "Operating Income": NaN,
        "EBIT": NaN,
        "Net Income": NaN
    },
    "2012-04-30": {
        "Diluted EPS": 1.09,
        "Total Revenue": NaN,
        "Gross Profit": NaN,
        "Operating Income": NaN,
        "EBIT": NaN,
        "Net Income": NaN
    },
    "2012-01-31": {
        "Diluted EPS": 1.5,
        "Total Revenue": NaN,
        "Gross Profit": NaN,
        "Operating Income": NaN,
        "EBIT": NaN,
        "Net Income": NaN
    },
    "2011-10-31": {
        "Diluted EPS": 0.96,
        "Total Revenue": NaN,
        "Gross Profit": NaN,
        "Operating Income": NaN,
        "EBIT": NaN,
        "Net Income": NaN
    },
    "2011-07-31": {
        "Diluted EPS": 1.09,
        "Total Revenue": NaN,
        "Gross Profit": NaN,
        "Operating Income": NaN,
        "EBIT": NaN,
        "Net Income": NaN
    },
    "2011-04-30": {
        "Diluted EPS": 0.97,
        "Total Revenue": NaN,
        "Gross Profit": NaN,
        "Operating Income": NaN,
        "EBIT": NaN,
        "Net Income": NaN
    },
    "2011-01-31": {
        "Diluted EPS": 1.68,
        "Total Revenue": NaN,
        "Gross Profit": NaN,
        "Operating Income": NaN,
        "EBIT": NaN,
        "Net Income": NaN
    },
    "2010-10-31": {
        "Diluted EPS": 0.95,
        "Total Revenue": NaN,
        "Gross Profit": NaN,
        "Operating Income": NaN,
        "EBIT": NaN,
        "Net Income": NaN
    },
    "2010-07-31": {
        "Diluted EPS": 0.97,
        "Total Revenue": NaN,
        "Gross Profit": NaN,
        "Operating Income": NaN,
        "EBIT": NaN,
        "Net Income": NaN
    },
    "2010-04-30": {
        "Diluted EPS": 0.87,
        "Total Revenue": NaN,
        "Gross Profit": NaN,
        "Operating Income": NaN,
        "EBIT": NaN,
        "Net Income": NaN
    },
    "2010-01-31": {
        "Diluted EPS": 1.24,
        "Total Revenue": NaN,
        "Gross Profit": NaN,
        "Operating Income": NaN,
        "EBIT": NaN,
        "Net Income": NaN
    },
    "2009-10-31": {
        "Diluted EPS": 0.81,
        "Total Revenue": NaN,
        "Gross Profit": NaN,
        "Operating Income": NaN,
        "EBIT": NaN,
        "Net Income": NaN
    },
    "2009-07-31": {
        "Diluted EPS": 0.89,
        "Total Revenue": NaN,
        "Gross Profit": NaN,
        "Operating Income": NaN,
        "EBIT": NaN,
        "Net Income": NaN
    },
    "2009-04-30": {
        "Diluted EPS": 0.77,
        "Total Revenue": NaN,
        "Gross Profit": NaN,
        "Operating Income": NaN,
        "EBIT": NaN,
        "Net Income": NaN
    },
    "2009-01-31": {
        "Diluted EPS": 0.96,
        "Total Revenue": NaN,
        "Gross Profit": NaN,
        "Operating Income": NaN,
        "EBIT": NaN,
        "Net Income": NaN
    },
    "2023-07-31": {
        "Tax Effect Of Unusual Items": 0.0,
        "Tax Rate For Calcs": 0.249,
        "Normalized EBITDA": 14274000000.0,
        "Total Unusual Items": NaN,
        "Total Unusual Items Excluding Goodwill": NaN,
        "Net Income From Continuing Operation Net Minority Interest": 7891000000.0,
        "Reconciled Depreciation": 2905000000.0,
        "Reconciled Cost Of Revenue": 121850000000.0,
        "EBITDA": 14274000000.0,
        "EBIT": 11369000000.0,
        "Net Interest Income": -494000000.0,
        "Interest Expense": 642000000.0,
        "Interest Income": 148000000.0,
        "Normalized Income": 7891000000.0,
        "Net Income From Continuing And Discontinued Operation": 7891000000.0,
        "Total Expenses": 154316000000.0,
        "Total Operating Income As Reported": 7316000000.0,
        "Diluted Average Shares": 2703000000.0,
        "Basic Average Shares": 2693000000.0,
        "Diluted EPS": 2.92,
        "Basic EPS": 2.93,
        "Diluted NI Availto Com Stockholders": 7891000000.0,
        "Net Income Common Stockholders": 7891000000.0,
        "Net Income": 7891000000.0,
        "Minority Interests": -162000000.0,
        "Net Income Including Noncontrolling Interests": 8053000000.0,
        "Net Income Continuous Operations": 8053000000.0,
        "Tax Provision": 2674000000.0,
        "Pretax Income": 10727000000.0,
        "Other Income Expense": 3905000000.0,
        "Other Non Operating Income Expenses": 3905000000.0,
        "Special Income Charges": NaN,
        "Net Non Operating Interest Income Expense": -494000000.0,
        "Interest Expense Non Operating": 642000000.0,
        "Interest Income Non Operating": 148000000.0,
        "Operating Income": 7316000000.0,
        "Operating Expense": 32466000000.0,
        "Selling General And Administration": 32466000000.0,
        "Gross Profit": 39782000000.0,
        "Cost Of Revenue": 121850000000.0,
        "Total Revenue": 161632000000.0,
        "Operating Revenue": 161632000000.0
    },
    "2023-10-31": {
        "Tax Effect Of Unusual Items": 0.0,
        "Tax Rate For Calcs": 0.297,
        "Normalized EBITDA": 4583000000.0,
        "Total Unusual Items": NaN,
        "Total Unusual Items Excluding Goodwill": NaN,
        "Net Income From Continuing Operation Net Minority Interest": 453000000.0,
        "Reconciled Depreciation": 2986000000.0,
        "Reconciled Cost Of Revenue": 121183000000.0,
        "EBITDA": 4583000000.0,
        "EBIT": 1597000000.0,
        "Net Interest Income": -537000000.0,
        "Interest Expense": 682000000.0,
        "Interest Income": 145000000.0,
        "Normalized Income": 453000000.0,
        "Net Income From Continuing And Discontinued Operation": 453000000.0,
        "Total Expenses": 154602000000.0,
        "Total Operating Income As Reported": 6202000000.0,
        "Diluted Average Shares": 2703000000.0,
        "Basic Average Shares": 2693000000.0,
        "Diluted EPS": 0.17,
        "Basic EPS": 0.17,
        "Diluted NI Availto Com Stockholders": 453000000.0,
        "Net Income Common Stockholders": 453000000.0,
        "Net Income": 453000000.0,
        "Minority Interests": -190000000.0,
        "Net Income Including Noncontrolling Interests": 643000000.0,
        "Net Income Continuous Operations": 643000000.0,
        "Tax Provision": 272000000.0,
        "Pretax Income": 915000000.0,
        "Other Income Expense": -4750000000.0,
        "Other Non Operating Income Expenses": -4750000000.0,
        "Special Income Charges": NaN,
        "Net Non Operating Interest Income Expense": -537000000.0,
        "Interest Expense Non Operating": 682000000.0,
        "Interest Income Non Operating": 145000000.0,
        "Operating Income": 6202000000.0,
        "Operating Expense": 33419000000.0,
        "Selling General And Administration": 33419000000.0,
        "Gross Profit": 39621000000.0,
        "Cost Of Revenue": 121183000000.0,
        "Total Revenue": 160804000000.0,
        "Operating Revenue": 160804000000.0
    }
}