{
    "2023-04-30": {
        "Tax Effect Of Unusual Items": NaN,
        "Tax Rate For Calcs": NaN,
        "Normalized EBITDA": NaN,
        "Total Unusual Items": NaN,
        "Total Unusual Items Excluding Goodwill": NaN,
        "Net Income From Continuing Operation Net Minority Interest": NaN,
        "Reconciled Depreciation": NaN,
        "Reconciled Cost Of Revenue": NaN,
        "EBITDA": NaN,
        "EBIT": NaN,
        "Net Interest Income": NaN,
        "Interest Expense": NaN,
        "Interest Income": NaN,
        "Normalized Income": NaN,
        "Net Income From Continuing And Discontinued Operation": NaN,
        "Total Expenses": NaN,
        "Total Operating Income As Reported": NaN,
        "Diluted Average Shares": NaN,
        "Basic Average Shares": NaN,
        "Diluted EPS": NaN,
        "Basic EPS": NaN,
        "Diluted NI Availto Com Stockholders": NaN,
        "Net Income Common Stockholders": NaN,
        "Net Income": NaN,
        "Minority Interests": 0.0,
        "Net Income Including Noncontrolling Interests": NaN,
        "Net Income Continuous Operations": NaN,
        "Earnings From Equity Interest Net Of Tax": NaN,
        "Tax Provision": NaN,
        "Pretax Income": NaN,
        "Other Income Expense": 2378000.0,
        "Other Non Operating Income Expenses": 2819000.0,
        "Special Income Charges": NaN,
        "Other Special Charges": 441000.0,
        "Impairment Of Capital Assets": NaN,
        "Net Non Operating Interest Income Expense": NaN,
        "Interest Expense Non Operating": NaN,
        "Interest Income Non Operating": NaN,
        "Operating Income": NaN,
        "Operating Expense": NaN,
        "Selling General And Administration": NaN,
        "Gross Profit": NaN,
        "Cost Of Revenue": NaN,
        "Total Revenue": NaN,
        "Operating Revenue": NaN
    },
    "2023-01-31": {
        "Tax Effect Of Unusual Items": NaN,
        "Tax Rate For Calcs": NaN,
        "Normalized EBITDA": NaN,
        "Total Unusual Items": NaN,
        "Total Unusual Items Excluding Goodwill": NaN,
        "Net Income From Continuing Operation Net Minority Interest": NaN,
        "Reconciled Depreciation": NaN,
        "Reconciled Cost Of Revenue": NaN,
        "EBITDA": NaN,
        "EBIT": NaN,
        "Net Interest Income": NaN,
        "Interest Expense": NaN,
        "Interest Income": NaN,
        "Normalized Income": NaN,
        "Net Income From Continuing And Discontinued Operation": NaN,
        "Total Expenses": NaN,
        "Total Operating Income As Reported": NaN,
        "Diluted Average Shares": NaN,
        "Basic Average Shares": NaN,
        "Diluted EPS": NaN,
        "Basic EPS": NaN,
        "Diluted NI Availto Com Stockholders": NaN,
        "Net Income Common Stockholders": NaN,
        "Net Income": NaN,
        "Minority Interests": 0.0,
        "Net Income Including Noncontrolling Interests": NaN,
        "Net Income Continuous Operations": NaN,
        "Earnings From Equity Interest Net Of Tax": NaN,
        "Tax Provision": NaN,
        "Pretax Income": NaN,
        "Other Income Expense": NaN,
        "Other Non Operating Income Expenses": NaN,
        "Special Income Charges": NaN,
        "Other Special Charges": NaN,
        "Impairment Of Capital Assets": NaN,
        "Net Non Operating Interest Income Expense": NaN,
        "Interest Expense Non Operating": NaN,
        "Interest Income Non Operating": NaN,
        "Operating Income": NaN,
        "Operating Expense": NaN,
        "Selling General And Administration": NaN,
        "Gross Profit": NaN,
        "Cost Of Revenue": NaN,
        "Total Revenue": NaN,
        "Operating Revenue": NaN
    },
    "2022-10-31": {
        "Tax Effect Of Unusual Items": NaN,
        "Tax Rate For Calcs": NaN,
        "Normalized EBITDA": NaN,
        "Total Unusual Items": NaN,
        "Total Unusual Items Excluding Goodwill": NaN,
        "Net Income From Continuing Operation Net Minority Interest": NaN,
        "Reconciled Depreciation": NaN,
        "Reconciled Cost Of Revenue": NaN,
        "EBITDA": NaN,
        "EBIT": NaN,
        "Net Interest Income": NaN,
        "Interest Expense": NaN,
        "Interest Income": NaN,
        "Normalized Income": NaN,
        "Net Income From Continuing And Discontinued Operation": NaN,
        "Total Expenses": NaN,
        "Total Operating Income As Reported": NaN,
        "Diluted Average Shares": NaN,
        "Basic Average Shares": NaN,
        "Diluted EPS": NaN,
        "Basic EPS": NaN,
        "Diluted NI Availto Com Stockholders": NaN,
        "Net Income Common Stockholders": NaN,
        "Net Income": NaN,
        "Minority Interests": NaN,
        "Net Income Including Noncontrolling Interests": NaN,
        "Net Income Continuous Operations": NaN,
        "Earnings From Equity Interest Net Of Tax": NaN,
        "Tax Provision": NaN,
        "Pretax Income": NaN,
        "Other Income Expense": NaN,
        "Other Non Operating Income Expenses": NaN,
        "Special Income Charges": NaN,
        "Other Special Charges": NaN,
        "Impairment Of Capital Assets": 0.0,
        "Net Non Operating Interest Income Expense": NaN,
        "Interest Expense Non Operating": NaN,
        "Interest Income Non Operating": NaN,
        "Operating Income": NaN,
        "Operating Expense": NaN,
        "Selling General And Administration": NaN,
        "Gross Profit": NaN,
        "Cost Of Revenue": NaN,
        "Total Revenue": NaN,
        "Operating Revenue": NaN
    },
    "2022-07-31": {
        "Tax Effect Of Unusual Items": 0.0,
        "Tax Rate For Calcs": 0.367492,
        "Normalized EBITDA": 88486000.0,
        "Total Unusual Items": 0.0,
        "Total Unusual Items Excluding Goodwill": 0.0,
        "Net Income From Continuing Operation Net Minority Interest": 13456000.0,
        "Reconciled Depreciation": 48603000.0,
        "Reconciled Cost Of Revenue": 886320000.0,
        "EBITDA": 88486000.0,
        "EBIT": 39883000.0,
        "Net Interest Income": -21683000.0,
        "Interest Expense": 21820000.0,
        "Interest Income": 137000.0,
        "Normalized Income": 13456000.0,
        "Net Income From Continuing And Discontinued Operation": 13456000.0,
        "Total Expenses": 1430792000.0,
        "Total Operating Income As Reported": 50005000.0,
        "Diluted Average Shares": 265835000.0,
        "Basic Average Shares": 265431000.0,
        "Diluted EPS": 0.05,
        "Basic EPS": 0.05,
        "Diluted NI Availto Com Stockholders": 13456000.0,
        "Net Income Common Stockholders": 13456000.0,
        "Net Income": 13456000.0,
        "Minority Interests": 0.0,
        "Net Income Including Noncontrolling Interests": 13456000.0,
        "Net Income Continuous Operations": 13456000.0,
        "Earnings From Equity Interest Net Of Tax": 2031000.0,
        "Tax Provision": 6638000.0,
        "Pretax Income": 18063000.0,
        "Other Income Expense": -10259000.0,
        "Other Non Operating Income Expenses": -10259000.0,
        "Special Income Charges": 0.0,
        "Other Special Charges": NaN,
        "Net Non Operating Interest Income Expense": -21683000.0,
        "Interest Expense Non Operating": 21820000.0,
        "Interest Income Non Operating": 137000.0,
        "Operating Income": 50005000.0,
        "Operating Expense": 544472000.0,
        "Selling General And Administration": 544472000.0,
        "Gross Profit": 594477000.0,
        "Cost Of Revenue": 886320000.0,
        "Total Revenue": 1480797000.0,
        "Operating Revenue": 1480797000.0
    },
    "2022-04-30": {
        "Diluted EPS": 0.09,
        "Total Revenue": NaN,
        "Gross Profit": 608,
        "Operating Income": 50,
        "EBIT": 98,
        "Net Income": 25
    },
    "2022-01-31": {
        "Diluted EPS": 0.11,
        "Total Revenue": NaN,
        "Gross Profit": 636,
        "Operating Income": 83,
        "EBIT": 131,
        "Net Income": 29
    },
    "2021-10-31": {
        "Diluted EPS": 0.2,
        "Total Revenue": NaN,
        "Gross Profit": 595,
        "Operating Income": 62,
        "EBIT": 106,
        "Net Income": 53
    },
    "2021-07-31": {
        "Diluted EPS": 0.28,
        "Total Revenue": NaN,
        "Gross Profit": 599,
        "Operating Income": 73,
        "EBIT": 116,
        "Net Income": 75
    },
    "2021-04-30": {
        "Diluted EPS": 0.03,
        "Total Revenue": NaN,
        "Gross Profit": 597,
        "Operating Income": 48,
        "EBIT": 92,
        "Net Income": 8
    },
    "2021-01-31": {
        "Diluted EPS": -0.04,
        "Total Revenue": NaN,
        "Gross Profit": 569,
        "Operating Income": 67,
        "EBIT": 119,
        "Net Income": -6
    },
    "2020-10-31": {
        "Diluted EPS": 0.02,
        "Total Revenue": NaN,
        "Gross Profit": 541,
        "Operating Income": 46,
        "EBIT": 95,
        "Net Income": 3
    },
    "2020-07-31": {
        "Diluted EPS": 0.04,
        "Total Revenue": NaN,
        "Gross Profit": 530,
        "Operating Income": 65,
        "EBIT": 114,
        "Net Income": 7
    },
    "2020-04-30": {
        "Diluted EPS": -0.15,
        "Total Revenue": NaN,
        "Gross Profit": 466,
        "Operating Income": 16,
        "EBIT": 66,
        "Net Income": -31
    },
    "2020-01-31": {
        "Diluted EPS": 0.0,
        "Total Revenue": NaN,
        "Gross Profit": NaN,
        "Operating Income": NaN,
        "EBIT": NaN,
        "Net Income": NaN
    },
    "2019-10-31": {
        "Diluted EPS": 0.0,
        "Total Revenue": NaN,
        "Gross Profit": NaN,
        "Operating Income": NaN,
        "EBIT": NaN,
        "Net Income": NaN
    },
    "2019-01-31": {
        "Diluted EPS": 0.0,
        "Total Revenue": NaN,
        "Gross Profit": NaN,
        "Operating Income": NaN,
        "EBIT": NaN,
        "Net Income": NaN
    },
    "2023-07-31": {
        "Tax Effect Of Unusual Items": -64050.0,
        "Tax Rate For Calcs": 0.21,
        "Normalized EBITDA": 75260000.0,
        "Total Unusual Items": -305000.0,
        "Total Unusual Items Excluding Goodwill": -305000.0,
        "Net Income From Continuing Operation Net Minority Interest": -14606000.0,
        "Reconciled Depreciation": 48664000.0,
        "Reconciled Cost Of Revenue": 937730000.0,
        "EBITDA": 74955000.0,
        "EBIT": 26291000.0,
        "Net Interest Income": -36729000.0,
        "Interest Expense": 37493000.0,
        "Interest Income": 764000.0,
        "Normalized Income": -14365050.0,
        "Net Income From Continuing And Discontinued Operation": -14606000.0,
        "Total Expenses": 1506697000.0,
        "Total Operating Income As Reported": 24037000.0,
        "Diluted Average Shares": 267163000.0,
        "Basic Average Shares": 267163000.0,
        "Diluted EPS": -0.05,
        "Basic EPS": -0.05,
        "Diluted NI Availto Com Stockholders": -14606000.0,
        "Net Income Common Stockholders": -14606000.0,
        "Net Income": -14606000.0,
        "Minority Interests": 0.0,
        "Net Income Including Noncontrolling Interests": -14606000.0,
        "Net Income Continuous Operations": -14606000.0,
        "Earnings From Equity Interest Net Of Tax": 3328000.0,
        "Tax Provision": 6732000.0,
        "Pretax Income": -11202000.0,
        "Other Income Expense": 1490000.0,
        "Other Non Operating Income Expenses": 1795000.0,
        "Special Income Charges": -305000.0,
        "Other Special Charges": 305000.0,
        "Impairment Of Capital Assets": NaN,
        "Net Non Operating Interest Income Expense": -36729000.0,
        "Interest Expense Non Operating": 37493000.0,
        "Interest Income Non Operating": 764000.0,
        "Operating Income": 24037000.0,
        "Operating Expense": 568967000.0,
        "Selling General And Administration": 568967000.0,
        "Gross Profit": 593004000.0,
        "Cost Of Revenue": 937730000.0,
        "Total Revenue": 1530734000.0,
        "Operating Revenue": 1530734000.0
    },
    "2023-10-31": {
        "Tax Effect Of Unusual Items": -22008564.0,
        "Tax Rate For Calcs": 0.018,
        "Normalized EBITDA": 42316000.0,
        "Total Unusual Items": -1222698000.0,
        "Total Unusual Items Excluding Goodwill": -1222698000.0,
        "Net Income From Continuing Operation Net Minority Interest": -1241137000.0,
        "Reconciled Depreciation": 50674000.0,
        "Reconciled Cost Of Revenue": 944165000.0,
        "EBITDA": -1180382000.0,
        "EBIT": -1231056000.0,
        "Net Interest Income": -35418000.0,
        "Interest Expense": 36557000.0,
        "Interest Income": 1139000.0,
        "Normalized Income": -40447564.0,
        "Net Income From Continuing And Discontinued Operation": -1241137000.0,
        "Total Expenses": 1503776000.0,
        "Total Operating Income As Reported": -1232134000.0,
        "Diluted Average Shares": 267852000.0,
        "Basic Average Shares": 267852000.0,
        "Diluted EPS": -4.63,
        "Basic EPS": -4.63,
        "Diluted NI Availto Com Stockholders": -1241137000.0,
        "Net Income Common Stockholders": -1241137000.0,
        "Net Income": -1241137000.0,
        "Minority Interests": 0.0,
        "Net Income Including Noncontrolling Interests": -1241137000.0,
        "Net Income Continuous Operations": -1241137000.0,
        "Earnings From Equity Interest Net Of Tax": 3574000.0,
        "Tax Provision": -22902000.0,
        "Pretax Income": -1267613000.0,
        "Other Income Expense": -1222585000.0,
        "Other Non Operating Income Expenses": 113000.0,
        "Special Income Charges": -1222698000.0,
        "Other Special Charges": 174000.0,
        "Impairment Of Capital Assets": 1222524000.0,
        "Net Non Operating Interest Income Expense": -35418000.0,
        "Interest Expense Non Operating": 36557000.0,
        "Interest Income Non Operating": 1139000.0,
        "Operating Income": -9610000.0,
        "Operating Expense": 559611000.0,
        "Selling General And Administration": 559611000.0,
        "Gross Profit": 550001000.0,
        "Cost Of Revenue": 944165000.0,
        "Total Revenue": 1494166000.0,
        "Operating Revenue": 1494166000.0
    },
    "2024-01-31": {
        "Tax Effect Of Unusual Items": 0.0,
        "Tax Rate For Calcs": 0.26643,
        "Normalized EBITDA": 52681000.0,
        "Total Unusual Items": 0.0,
        "Total Unusual Items Excluding Goodwill": 0.0,
        "Net Income From Continuing Operation Net Minority Interest": -22575000.0,
        "Reconciled Depreciation": 52189000.0,
        "Reconciled Cost Of Revenue": 1068128000.0,
        "EBITDA": 52681000.0,
        "EBIT": 492000.0,
        "Net Interest Income": -39332000.0,
        "Interest Expense": 39658000.0,
        "Interest Income": 326000.0,
        "Normalized Income": -22575000.0,
        "Net Income From Continuing And Discontinued Operation": -22575000.0,
        "Total Expenses": 1674310000.0,
        "Total Operating Income As Reported": 166000.0,
        "Diluted Average Shares": 268615000.0,
        "Basic Average Shares": 268615000.0,
        "Diluted EPS": -0.08,
        "Basic EPS": -0.08,
        "Diluted NI Availto Com Stockholders": -22575000.0,
        "Net Income Common Stockholders": -22575000.0,
        "Net Income": -22575000.0,
        "Minority Interests": 0.0,
        "Net Income Including Noncontrolling Interests": -22575000.0,
        "Net Income Continuous Operations": -22575000.0,
        "Earnings From Equity Interest Net Of Tax": 6156000.0,
        "Tax Provision": -10435000.0,
        "Pretax Income": -39166000.0,
        "Other Income Expense": 0.0,
        "Other Non Operating Income Expenses": 0.0,
        "Special Income Charges": 0.0,
        "Other Special Charges": 0.0,
        "Impairment Of Capital Assets": 0.0,
        "Net Non Operating Interest Income Expense": -39332000.0,
        "Interest Expense Non Operating": 39658000.0,
        "Interest Income Non Operating": 326000.0,
        "Operating Income": 166000.0,
        "Operating Expense": 606182000.0,
        "Selling General And Administration": 606182000.0,
        "Gross Profit": 606348000.0,
        "Cost Of Revenue": 1068128000.0,
        "Total Revenue": 1674476000.0,
        "Operating Revenue": 1674476000.0
    },
    "2024-04-30": {
        "Tax Effect Of Unusual Items": 0.0,
        "Tax Rate For Calcs": 0.091,
        "Normalized EBITDA": 30558000.0,
        "Total Unusual Items": 0.0,
        "Total Unusual Items Excluding Goodwill": 0.0,
        "Net Income From Continuing Operation Net Minority Interest": -46483000.0,
        "Reconciled Depreciation": 49587000.0,
        "Reconciled Cost Of Revenue": 950480000.0,
        "EBITDA": 30558000.0,
        "EBIT": -19029000.0,
        "Net Interest Income": -36399000.0,
        "Interest Expense": 36817000.0,
        "Interest Income": 418000.0,
        "Normalized Income": -46483000.0,
        "Net Income From Continuing And Discontinued Operation": -46483000.0,
        "Total Expenses": 1545922000.0,
        "Total Operating Income As Reported": -16782000.0,
        "Diluted Average Shares": 269768000.0,
        "Basic Average Shares": 269768000.0,
        "Diluted EPS": -0.17,
        "Basic EPS": -0.17,
        "Diluted NI Availto Com Stockholders": -46483000.0,
        "Net Income Common Stockholders": -46483000.0,
        "Net Income": -46483000.0,
        "Minority Interests": NaN,
        "Net Income Including Noncontrolling Interests": -46483000.0,
        "Net Income Continuous Operations": -46483000.0,
        "Earnings From Equity Interest Net Of Tax": 4886000.0,
        "Tax Provision": -4477000.0,
        "Pretax Income": -55846000.0,
        "Other Income Expense": -2665000.0,
        "Other Non Operating Income Expenses": -2665000.0,
        "Special Income Charges": 0.0,
        "Other Special Charges": NaN,
        "Impairment Of Capital Assets": NaN,
        "Net Non Operating Interest Income Expense": -36399000.0,
        "Interest Expense Non Operating": 36817000.0,
        "Interest Income Non Operating": 418000.0,
        "Operating Income": -16782000.0,
        "Operating Expense": 595442000.0,
        "Selling General And Administration": 595442000.0,
        "Gross Profit": 578660000.0,
        "Cost Of Revenue": 950480000.0,
        "Total Revenue": 1529140000.0,
        "Operating Revenue": 1529140000.0
    },
    "2024-07-31": {
        "Tax Effect Of Unusual Items": 0.0,
        "Tax Rate For Calcs": 0.147,
        "Normalized EBITDA": 52858000.0,
        "Total Unusual Items": 0.0,
        "Total Unusual Items Excluding Goodwill": 0.0,
        "Net Income From Continuing Operation Net Minority Interest": -24823000.0,
        "Reconciled Depreciation": 49718000.0,
        "Reconciled Cost Of Revenue": 943030000.0,
        "EBITDA": 52858000.0,
        "EBIT": 3140000.0,
        "Net Interest Income": -36133000.0,
        "Interest Expense": 36805000.0,
        "Interest Income": 672000.0,
        "Normalized Income": -24823000.0,
        "Net Income From Continuing And Discontinued Operation": -24823000.0,
        "Total Expenses": 1521287000.0,
        "Total Operating Income As Reported": 2468000.0,
        "Diluted Average Shares": 273074000.0,
        "Basic Average Shares": 273074000.0,
        "Diluted EPS": -0.09,
        "Basic EPS": -0.09,
        "Diluted NI Availto Com Stockholders": -24823000.0,
        "Net Income Common Stockholders": -24823000.0,
        "Net Income": -24823000.0,
        "Minority Interests": NaN,
        "Net Income Including Noncontrolling Interests": -24823000.0,
        "Net Income Continuous Operations": -24823000.0,
        "Earnings From Equity Interest Net Of Tax": 4191000.0,
        "Tax Provision": -4651000.0,
        "Pretax Income": -33665000.0,
        "Other Income Expense": NaN,
        "Other Non Operating Income Expenses": NaN,
        "Special Income Charges": 0.0,
        "Other Special Charges": NaN,
        "Impairment Of Capital Assets": NaN,
        "Net Non Operating Interest Income Expense": -36133000.0,
        "Interest Expense Non Operating": 36805000.0,
        "Interest Income Non Operating": 672000.0,
        "Operating Income": 2468000.0,
        "Operating Expense": 578257000.0,
        "Selling General And Administration": 578257000.0,
        "Gross Profit": 580725000.0,
        "Cost Of Revenue": 943030000.0,
        "Total Revenue": 1523755000.0,
        "Operating Revenue": 1523755000.0
    }
}