{
    "2023-03-31": {
        "Tax Effect Of Unusual Items": NaN,
        "Tax Rate For Calcs": NaN,
        "Normalized EBITDA": NaN,
        "Total Unusual Items": 0.0,
        "Total Unusual Items Excluding Goodwill": 0.0,
        "Net Income From Continuing Operation Net Minority Interest": NaN,
        "Reconciled Cost Of Revenue": NaN,
        "EBITDA": NaN,
        "EBIT": NaN,
        "Net Interest Income": NaN,
        "Interest Expense": NaN,
        "Normalized Income": NaN,
        "Net Income From Continuing And Discontinued Operation": NaN,
        "Total Expenses": NaN,
        "Total Operating Income As Reported": NaN,
        "Diluted Average Shares": NaN,
        "Basic Average Shares": NaN,
        "Diluted EPS": NaN,
        "Basic EPS": NaN,
        "Diluted NI Availto Com Stockholders": NaN,
        "Net Income Common Stockholders": NaN,
        "Net Income": NaN,
        "Net Income Including Noncontrolling Interests": NaN,
        "Net Income Continuous Operations": NaN,
        "Tax Provision": NaN,
        "Pretax Income": NaN,
        "Special Income Charges": 0.0,
        "Net Non Operating Interest Income Expense": NaN,
        "Interest Expense Non Operating": NaN,
        "Operating Income": NaN,
        "Operating Expense": NaN,
        "Selling General And Administration": NaN,
        "General And Administrative Expense": NaN,
        "Other Gand A": NaN,
        "Salaries And Wages": NaN,
        "Gross Profit": NaN,
        "Cost Of Revenue": NaN,
        "Total Revenue": NaN,
        "Operating Revenue": NaN
    },
    "2022-12-31": {
        "Tax Effect Of Unusual Items": 0.0,
        "Tax Rate For Calcs": 0.0,
        "Normalized EBITDA": -257974.0,
        "Total Unusual Items": 0.0,
        "Total Unusual Items Excluding Goodwill": 0.0,
        "Net Income From Continuing Operation Net Minority Interest": -257974.0,
        "Reconciled Depreciation": 0.0,
        "Reconciled Cost Of Revenue": 610016.0,
        "EBITDA": -257974.0,
        "EBIT": -257974.0,
        "Net Interest Income": NaN,
        "Interest Expense": NaN,
        "Normalized Income": -257974.0,
        "Net Income From Continuing And Discontinued Operation": -257974.0,
        "Total Expenses": 1285840.0,
        "Total Operating Income As Reported": -257974.0,
        "Diluted Average Shares": NaN,
        "Basic Average Shares": NaN,
        "Diluted EPS": NaN,
        "Basic EPS": NaN,
        "Diluted NI Availto Com Stockholders": -257974.0,
        "Net Income Common Stockholders": -257974.0,
        "Net Income": -257974.0,
        "Net Income Including Noncontrolling Interests": -257974.0,
        "Net Income Continuous Operations": -257974.0,
        "Tax Provision": 0.0,
        "Pretax Income": -257974.0,
        "Other Income Expense": 0.0,
        "Special Income Charges": 0.0,
        "Other Special Charges": 0.0,
        "Net Non Operating Interest Income Expense": NaN,
        "Interest Expense Non Operating": NaN,
        "Operating Income": -257974.0,
        "Operating Expense": 675824.0,
        "Selling General And Administration": 675824.0,
        "General And Administrative Expense": 675824.0,
        "Other Gand A": 675824.0,
        "Gross Profit": 417850.0,
        "Cost Of Revenue": 610016.0,
        "Total Revenue": 1027866.0,
        "Operating Revenue": 1027866.0
    },
    "2022-09-30": {
        "Tax Effect Of Unusual Items": 0.0,
        "Tax Rate For Calcs": 0.0,
        "Normalized EBITDA": -539119.0,
        "Total Unusual Items": 139596.0,
        "Total Unusual Items Excluding Goodwill": 139596.0,
        "Net Income From Continuing Operation Net Minority Interest": -399523.0,
        "Reconciled Depreciation": 0.0,
        "Reconciled Cost Of Revenue": 693353.0,
        "EBITDA": -399523.0,
        "EBIT": -399523.0,
        "Net Interest Income": 0.0,
        "Interest Expense": 0.0,
        "Normalized Income": -539119.0,
        "Net Income From Continuing And Discontinued Operation": -399523.0,
        "Total Expenses": 1526068.0,
        "Total Operating Income As Reported": -539119.0,
        "Diluted Average Shares": 804627.0,
        "Basic Average Shares": 804627.0,
        "Diluted EPS": -0.45,
        "Basic EPS": -0.45,
        "Diluted NI Availto Com Stockholders": -399523.0,
        "Net Income Common Stockholders": -399523.0,
        "Net Income": -399523.0,
        "Net Income Including Noncontrolling Interests": -399523.0,
        "Net Income Continuous Operations": -399523.0,
        "Tax Provision": 0.0,
        "Pretax Income": -399523.0,
        "Other Income Expense": 139596.0,
        "Special Income Charges": 139596.0,
        "Other Special Charges": -139596.0,
        "Net Non Operating Interest Income Expense": 0.0,
        "Interest Expense Non Operating": 0.0,
        "Operating Income": -539119.0,
        "Operating Expense": 832715.0,
        "Selling General And Administration": 832715.0,
        "General And Administrative Expense": 832715.0,
        "Other Gand A": 832715.0,
        "Gross Profit": 293596.0,
        "Cost Of Revenue": 693353.0,
        "Total Revenue": 986949.0,
        "Operating Revenue": 986949.0
    },
    "2022-06-30": {
        "Tax Effect Of Unusual Items": 0.0,
        "Tax Rate For Calcs": 0.0,
        "Normalized EBITDA": -563363.0,
        "Total Unusual Items": 0.0,
        "Total Unusual Items Excluding Goodwill": 0.0,
        "Net Income From Continuing Operation Net Minority Interest": -563363.0,
        "Reconciled Depreciation": 0.0,
        "Reconciled Cost Of Revenue": 623548.0,
        "EBITDA": -563363.0,
        "EBIT": -563363.0,
        "Net Interest Income": NaN,
        "Interest Expense": NaN,
        "Normalized Income": -563363.0,
        "Net Income From Continuing And Discontinued Operation": -563363.0,
        "Total Expenses": 1555787.0,
        "Total Operating Income As Reported": -563363.0,
        "Diluted Average Shares": 11438071.0,
        "Basic Average Shares": 11438071.0,
        "Diluted EPS": -0.05,
        "Basic EPS": -0.05,
        "Diluted NI Availto Com Stockholders": -563363.0,
        "Net Income Common Stockholders": -563363.0,
        "Net Income": -563363.0,
        "Net Income Including Noncontrolling Interests": -563363.0,
        "Net Income Continuous Operations": -563363.0,
        "Tax Provision": 0.0,
        "Pretax Income": -563363.0,
        "Other Income Expense": NaN,
        "Special Income Charges": 0.0,
        "Other Special Charges": NaN,
        "Net Non Operating Interest Income Expense": NaN,
        "Interest Expense Non Operating": NaN,
        "Operating Income": -563363.0,
        "Operating Expense": 932239.0,
        "Selling General And Administration": 932239.0,
        "General And Administrative Expense": 932239.0,
        "Other Gand A": 932239.0,
        "Gross Profit": 368876.0,
        "Cost Of Revenue": 623548.0,
        "Total Revenue": 992424.0,
        "Operating Revenue": 992424.0
    },
    "2022-03-31": {
        "Diluted EPS": -0.06,
        "Total Revenue": 1,
        "Gross Profit": 0,
        "Operating Income": -1,
        "EBIT": -1,
        "Net Income": -1
    },
    "2021-12-31": {
        "Diluted EPS": -0.08,
        "Total Revenue": 1,
        "Gross Profit": 1,
        "Operating Income": -1,
        "EBIT": -1,
        "Net Income": -1
    },
    "2021-09-30": {
        "Diluted EPS": -0.09,
        "Total Revenue": 1,
        "Gross Profit": 0,
        "Operating Income": -1,
        "EBIT": -1,
        "Net Income": -1
    },
    "2021-06-30": {
        "Diluted EPS": -0.12,
        "Total Revenue": 1,
        "Gross Profit": 0,
        "Operating Income": -1,
        "EBIT": -1,
        "Net Income": -1
    },
    "2021-03-31": {
        "Diluted EPS": -0.07,
        "Total Revenue": 1,
        "Gross Profit": 0,
        "Operating Income": -1,
        "EBIT": -1,
        "Net Income": -1
    },
    "2020-12-31": {
        "Diluted EPS": 0.03,
        "Total Revenue": 1,
        "Gross Profit": 1,
        "Operating Income": 0,
        "EBIT": 0,
        "Net Income": 0
    },
    "2020-09-30": {
        "Diluted EPS": -0.29,
        "Total Revenue": 1,
        "Gross Profit": 0,
        "Operating Income": -2,
        "EBIT": -2,
        "Net Income": -3
    },
    "2020-06-30": {
        "Diluted EPS": -0.41,
        "Total Revenue": 1,
        "Gross Profit": 0,
        "Operating Income": -3,
        "EBIT": -3,
        "Net Income": -4
    },
    "2020-03-31": {
        "Diluted EPS": -0.15,
        "Total Revenue": 1,
        "Gross Profit": 0,
        "Operating Income": -1,
        "EBIT": -1,
        "Net Income": -1
    },
    "2019-12-31": {
        "Diluted EPS": -0.06,
        "Total Revenue": 1,
        "Gross Profit": 0,
        "Operating Income": -2,
        "EBIT": -2,
        "Net Income": -2
    },
    "2019-09-30": {
        "Diluted EPS": -0.1,
        "Total Revenue": 2,
        "Gross Profit": 1,
        "Operating Income": -1,
        "EBIT": -1,
        "Net Income": -1
    },
    "2019-06-30": {
        "Diluted EPS": -0.38,
        "Total Revenue": 1,
        "Gross Profit": 0,
        "Operating Income": -2,
        "EBIT": -2,
        "Net Income": -2
    },
    "2019-03-31": {
        "Diluted EPS": -1.27,
        "Total Revenue": 1,
        "Gross Profit": 0,
        "Operating Income": -6,
        "EBIT": -6,
        "Net Income": -6
    },
    "2018-12-31": {
        "Diluted EPS": -0.05,
        "Total Revenue": 1,
        "Gross Profit": 0,
        "Operating Income": 0,
        "EBIT": 0,
        "Net Income": 0
    },
    "2018-09-30": {
        "Diluted EPS": 0.01,
        "Total Revenue": 1,
        "Gross Profit": 0,
        "Operating Income": 0,
        "EBIT": 0,
        "Net Income": 0
    },
    "2018-06-30": {
        "Diluted EPS": -0.01,
        "Total Revenue": 1,
        "Gross Profit": 0,
        "Operating Income": 0,
        "EBIT": 0,
        "Net Income": 0
    },
    "2018-03-31": {
        "Diluted EPS": -0.04,
        "Total Revenue": 1,
        "Gross Profit": 0,
        "Operating Income": 0,
        "EBIT": 0,
        "Net Income": 0
    },
    "2017-12-31": {
        "Diluted EPS": -7.62,
        "Total Revenue": -1,
        "Gross Profit": -1,
        "Operating Income": 1,
        "EBIT": 1,
        "Net Income": -5
    },
    "2017-09-30": {
        "Diluted EPS": -4.37,
        "Total Revenue": 0,
        "Gross Profit": 0,
        "Operating Income": -1,
        "EBIT": -1,
        "Net Income": -2
    },
    "2017-06-30": {
        "Diluted EPS": -4.56,
        "Total Revenue": 0,
        "Gross Profit": 0,
        "Operating Income": -1,
        "EBIT": -2,
        "Net Income": -2
    },
    "2017-03-31": {
        "Diluted EPS": -4.75,
        "Total Revenue": 1,
        "Gross Profit": 0,
        "Operating Income": -2,
        "EBIT": -2,
        "Net Income": -2
    },
    "2016-12-31": {
        "Diluted EPS": -2.09,
        "Total Revenue": NaN,
        "Gross Profit": NaN,
        "Operating Income": -2,
        "EBIT": -2,
        "Net Income": -1
    },
    "2016-09-30": {
        "Diluted EPS": -2.09,
        "Total Revenue": NaN,
        "Gross Profit": NaN,
        "Operating Income": -1,
        "EBIT": -1,
        "Net Income": -1
    },
    "2016-06-30": {
        "Diluted EPS": -9.7,
        "Total Revenue": NaN,
        "Gross Profit": NaN,
        "Operating Income": -3,
        "EBIT": -3,
        "Net Income": -3
    },
    "2016-03-31": {
        "Diluted EPS": -0.38,
        "Total Revenue": NaN,
        "Gross Profit": NaN,
        "Operating Income": 0,
        "EBIT": 0,
        "Net Income": 0
    },
    "2015-12-31": {
        "Diluted EPS": 0.0,
        "Total Revenue": NaN,
        "Gross Profit": NaN,
        "Operating Income": NaN,
        "EBIT": NaN,
        "Net Income": NaN
    },
    "2015-09-30": {
        "Diluted EPS": -0.19,
        "Total Revenue": NaN,
        "Gross Profit": NaN,
        "Operating Income": 0,
        "EBIT": 0,
        "Net Income": 0
    },
    "2023-06-30": {
        "Tax Effect Of Unusual Items": NaN,
        "Tax Rate For Calcs": NaN,
        "Normalized EBITDA": NaN,
        "Total Unusual Items": 0.0,
        "Total Unusual Items Excluding Goodwill": 0.0,
        "Net Income From Continuing Operation Net Minority Interest": NaN,
        "Reconciled Cost Of Revenue": NaN,
        "EBITDA": NaN,
        "EBIT": NaN,
        "Net Interest Income": NaN,
        "Interest Expense": NaN,
        "Normalized Income": NaN,
        "Net Income From Continuing And Discontinued Operation": NaN,
        "Total Expenses": NaN,
        "Total Operating Income As Reported": NaN,
        "Diluted Average Shares": 921168.0,
        "Basic Average Shares": 921168.0,
        "Diluted EPS": -0.17,
        "Basic EPS": -0.17,
        "Diluted NI Availto Com Stockholders": NaN,
        "Net Income Common Stockholders": NaN,
        "Net Income": NaN,
        "Net Income Including Noncontrolling Interests": NaN,
        "Net Income Continuous Operations": NaN,
        "Tax Provision": NaN,
        "Pretax Income": NaN,
        "Special Income Charges": 0.0,
        "Net Non Operating Interest Income Expense": NaN,
        "Interest Expense Non Operating": NaN,
        "Operating Income": NaN,
        "Operating Expense": NaN,
        "Selling General And Administration": NaN,
        "General And Administrative Expense": NaN,
        "Other Gand A": NaN,
        "Salaries And Wages": 231302.0,
        "Gross Profit": NaN,
        "Cost Of Revenue": NaN,
        "Total Revenue": NaN,
        "Operating Revenue": NaN
    },
    "2023-09-30": {
        "Tax Effect Of Unusual Items": 0.0,
        "Tax Rate For Calcs": 0.0,
        "Normalized EBITDA": -857982.0,
        "Total Unusual Items": 0.0,
        "Total Unusual Items Excluding Goodwill": 0.0,
        "Net Income From Continuing Operation Net Minority Interest": -858258.0,
        "Reconciled Cost Of Revenue": 666808.0,
        "EBITDA": -857982.0,
        "EBIT": -857982.0,
        "Net Interest Income": -276.0,
        "Interest Expense": 276.0,
        "Normalized Income": -858258.0,
        "Net Income From Continuing And Discontinued Operation": -858258.0,
        "Total Expenses": 1764081.0,
        "Total Operating Income As Reported": -857982.0,
        "Diluted Average Shares": 1126541.0,
        "Basic Average Shares": 1126541.0,
        "Diluted EPS": -0.76,
        "Basic EPS": -0.76,
        "Diluted NI Availto Com Stockholders": -858258.0,
        "Net Income Common Stockholders": -858258.0,
        "Net Income": -858258.0,
        "Net Income Including Noncontrolling Interests": -858258.0,
        "Net Income Continuous Operations": -858258.0,
        "Tax Provision": 0.0,
        "Pretax Income": -858258.0,
        "Special Income Charges": 0.0,
        "Net Non Operating Interest Income Expense": -276.0,
        "Interest Expense Non Operating": 276.0,
        "Operating Income": -857982.0,
        "Operating Expense": 1097273.0,
        "Selling General And Administration": 1097273.0,
        "General And Administrative Expense": 1097273.0,
        "Other Gand A": 978680.0,
        "Salaries And Wages": 118593.0,
        "Gross Profit": 239291.0,
        "Cost Of Revenue": 666808.0,
        "Total Revenue": 906099.0,
        "Operating Revenue": 906099.0
    },
    "2023-12-31": {
        "Tax Effect Of Unusual Items": 0.0,
        "Tax Rate For Calcs": 0.0,
        "Normalized EBITDA": -44800.0,
        "Total Unusual Items": -2524034.0,
        "Total Unusual Items Excluding Goodwill": -2524034.0,
        "Net Income From Continuing Operation Net Minority Interest": -2569074.0,
        "Reconciled Cost Of Revenue": 563565.0,
        "EBITDA": -2568834.0,
        "EBIT": -2568834.0,
        "Net Interest Income": -240.0,
        "Interest Expense": 240.0,
        "Normalized Income": -45040.0,
        "Net Income From Continuing And Discontinued Operation": -2569074.0,
        "Total Expenses": 955096.0,
        "Total Operating Income As Reported": -44800.0,
        "Diluted Average Shares": NaN,
        "Basic Average Shares": NaN,
        "Diluted EPS": NaN,
        "Basic EPS": NaN,
        "Diluted NI Availto Com Stockholders": -2569074.0,
        "Net Income Common Stockholders": -2569074.0,
        "Net Income": -2569074.0,
        "Net Income Including Noncontrolling Interests": -2569074.0,
        "Net Income Continuous Operations": -2569074.0,
        "Tax Provision": 0.0,
        "Pretax Income": -2569074.0,
        "Special Income Charges": -2524034.0,
        "Net Non Operating Interest Income Expense": -240.0,
        "Interest Expense Non Operating": 240.0,
        "Operating Income": -44800.0,
        "Operating Expense": 391531.0,
        "Selling General And Administration": 391531.0,
        "General And Administrative Expense": 391531.0,
        "Other Gand A": -280820.0,
        "Salaries And Wages": NaN,
        "Gross Profit": 346731.0,
        "Cost Of Revenue": 563565.0,
        "Total Revenue": 910296.0,
        "Operating Revenue": 910296.0
    },
    "2024-03-31": {
        "Tax Effect Of Unusual Items": 0.0,
        "Tax Rate For Calcs": 0.0,
        "Normalized EBITDA": -178456.0,
        "Total Unusual Items": NaN,
        "Total Unusual Items Excluding Goodwill": NaN,
        "Net Income From Continuing Operation Net Minority Interest": -178659.0,
        "Reconciled Cost Of Revenue": 603465.0,
        "EBITDA": -178456.0,
        "EBIT": -178456.0,
        "Net Interest Income": -203.0,
        "Interest Expense": 203.0,
        "Normalized Income": -178659.0,
        "Net Income From Continuing And Discontinued Operation": -178659.0,
        "Total Expenses": 990555.0,
        "Total Operating Income As Reported": -178456.0,
        "Diluted Average Shares": 1240632.0,
        "Basic Average Shares": 1240632.0,
        "Diluted EPS": -0.14,
        "Basic EPS": -0.14,
        "Diluted NI Availto Com Stockholders": -178659.0,
        "Net Income Common Stockholders": -178659.0,
        "Net Income": -178659.0,
        "Net Income Including Noncontrolling Interests": -178659.0,
        "Net Income Continuous Operations": -178659.0,
        "Tax Provision": 0.0,
        "Pretax Income": -178659.0,
        "Special Income Charges": NaN,
        "Net Non Operating Interest Income Expense": -203.0,
        "Interest Expense Non Operating": 203.0,
        "Operating Income": -178456.0,
        "Operating Expense": 387090.0,
        "Selling General And Administration": 387090.0,
        "General And Administrative Expense": 387090.0,
        "Other Gand A": 318717.0,
        "Salaries And Wages": 68373.0,
        "Gross Profit": 208634.0,
        "Cost Of Revenue": 603465.0,
        "Total Revenue": 812099.0,
        "Operating Revenue": 812099.0
    },
    "2024-06-30": {
        "Tax Effect Of Unusual Items": 0.0,
        "Tax Rate For Calcs": 0.0,
        "Normalized EBITDA": -307147.0,
        "Total Unusual Items": NaN,
        "Total Unusual Items Excluding Goodwill": NaN,
        "Net Income From Continuing Operation Net Minority Interest": -337313.0,
        "Reconciled Cost Of Revenue": 495701.0,
        "EBITDA": -307147.0,
        "EBIT": -307147.0,
        "Net Interest Income": -30166.0,
        "Interest Expense": 30166.0,
        "Normalized Income": -337313.0,
        "Net Income From Continuing And Discontinued Operation": -337313.0,
        "Total Expenses": 1049174.0,
        "Total Operating Income As Reported": -307147.0,
        "Diluted Average Shares": 1298520.0,
        "Basic Average Shares": 1298520.0,
        "Diluted EPS": -0.26,
        "Basic EPS": -0.26,
        "Diluted NI Availto Com Stockholders": -337313.0,
        "Net Income Common Stockholders": -337313.0,
        "Net Income": -337313.0,
        "Net Income Including Noncontrolling Interests": -337313.0,
        "Net Income Continuous Operations": -337313.0,
        "Tax Provision": 0.0,
        "Pretax Income": -337313.0,
        "Special Income Charges": NaN,
        "Net Non Operating Interest Income Expense": -30166.0,
        "Interest Expense Non Operating": 30166.0,
        "Operating Income": -307147.0,
        "Operating Expense": 553473.0,
        "Selling General And Administration": 553473.0,
        "General And Administrative Expense": 553473.0,
        "Other Gand A": 497851.0,
        "Salaries And Wages": 55622.0,
        "Gross Profit": 246326.0,
        "Cost Of Revenue": 495701.0,
        "Total Revenue": 742027.0,
        "Operating Revenue": 742027.0
    },
    "2024-09-30": {
        "Tax Effect Of Unusual Items": 0.0,
        "Tax Rate For Calcs": 0.0,
        "Normalized EBITDA": -393498.0,
        "Total Unusual Items": NaN,
        "Total Unusual Items Excluding Goodwill": NaN,
        "Net Income From Continuing Operation Net Minority Interest": -424963.0,
        "Reconciled Cost Of Revenue": 627148.0,
        "EBITDA": -393498.0,
        "EBIT": -393498.0,
        "Net Interest Income": -31465.0,
        "Interest Expense": 31465.0,
        "Normalized Income": -424963.0,
        "Net Income From Continuing And Discontinued Operation": -424963.0,
        "Total Expenses": 1153222.0,
        "Total Operating Income As Reported": -393498.0,
        "Diluted Average Shares": 1560213.0,
        "Basic Average Shares": 1560213.0,
        "Diluted EPS": -0.27,
        "Basic EPS": -0.27,
        "Diluted NI Availto Com Stockholders": -424963.0,
        "Net Income Common Stockholders": -424963.0,
        "Net Income": -424963.0,
        "Net Income Including Noncontrolling Interests": -424963.0,
        "Net Income Continuous Operations": -424963.0,
        "Tax Provision": 0.0,
        "Pretax Income": -424963.0,
        "Special Income Charges": NaN,
        "Net Non Operating Interest Income Expense": -31465.0,
        "Interest Expense Non Operating": 31465.0,
        "Operating Income": -393498.0,
        "Operating Expense": 526074.0,
        "Selling General And Administration": 526074.0,
        "General And Administrative Expense": 526074.0,
        "Other Gand A": 450594.0,
        "Salaries And Wages": 75480.0,
        "Gross Profit": 132576.0,
        "Cost Of Revenue": 627148.0,
        "Total Revenue": 759724.0,
        "Operating Revenue": 759724.0
    }
}