{
    "2023-03-31": {
        "Tax Effect Of Unusual Items": NaN,
        "Tax Rate For Calcs": NaN,
        "Normalized EBITDA": NaN,
        "Total Unusual Items": NaN,
        "Total Unusual Items Excluding Goodwill": NaN,
        "Net Income From Continuing Operation Net Minority Interest": NaN,
        "Reconciled Depreciation": NaN,
        "Reconciled Cost Of Revenue": NaN,
        "EBITDA": NaN,
        "EBIT": NaN,
        "Net Interest Income": NaN,
        "Interest Income": NaN,
        "Normalized Income": NaN,
        "Net Income From Continuing And Discontinued Operation": NaN,
        "Total Expenses": NaN,
        "Total Operating Income As Reported": NaN,
        "Diluted Average Shares": 41415808.0,
        "Basic Average Shares": 41415808.0,
        "Diluted EPS": -0.1,
        "Basic EPS": -0.1,
        "Diluted NI Availto Com Stockholders": NaN,
        "Net Income Common Stockholders": NaN,
        "Preferred Stock Dividends": NaN,
        "Net Income": NaN,
        "Net Income Including Noncontrolling Interests": NaN,
        "Net Income Continuous Operations": NaN,
        "Pretax Income": NaN,
        "Other Income Expense": NaN,
        "Other Non Operating Income Expenses": NaN,
        "Gain On Sale Of Security": NaN,
        "Net Non Operating Interest Income Expense": NaN,
        "Interest Income Non Operating": NaN,
        "Operating Income": NaN,
        "Operating Expense": NaN,
        "Research And Development": NaN,
        "Selling General And Administration": NaN,
        "Gross Profit": NaN,
        "Cost Of Revenue": NaN,
        "Total Revenue": NaN,
        "Operating Revenue": NaN
    },
    "2022-12-31": {
        "Tax Effect Of Unusual Items": NaN,
        "Tax Rate For Calcs": NaN,
        "Normalized EBITDA": NaN,
        "Total Unusual Items": 16000.0,
        "Total Unusual Items Excluding Goodwill": 16000.0,
        "Net Income From Continuing Operation Net Minority Interest": NaN,
        "Reconciled Depreciation": NaN,
        "Reconciled Cost Of Revenue": NaN,
        "EBITDA": NaN,
        "EBIT": NaN,
        "Net Interest Income": NaN,
        "Interest Income": NaN,
        "Normalized Income": NaN,
        "Net Income From Continuing And Discontinued Operation": NaN,
        "Total Expenses": NaN,
        "Total Operating Income As Reported": NaN,
        "Diluted Average Shares": 41160136.0,
        "Basic Average Shares": 41160136.0,
        "Diluted EPS": -0.09,
        "Basic EPS": -0.09,
        "Diluted NI Availto Com Stockholders": NaN,
        "Net Income Common Stockholders": NaN,
        "Preferred Stock Dividends": NaN,
        "Net Income": NaN,
        "Net Income Including Noncontrolling Interests": NaN,
        "Net Income Continuous Operations": NaN,
        "Pretax Income": NaN,
        "Other Income Expense": NaN,
        "Other Non Operating Income Expenses": NaN,
        "Gain On Sale Of Security": 16000.0,
        "Net Non Operating Interest Income Expense": NaN,
        "Interest Income Non Operating": NaN,
        "Operating Income": NaN,
        "Operating Expense": NaN,
        "Research And Development": NaN,
        "Selling General And Administration": NaN,
        "Gross Profit": NaN,
        "Cost Of Revenue": NaN,
        "Total Revenue": NaN,
        "Operating Revenue": NaN
    },
    "2022-09-30": {
        "Tax Effect Of Unusual Items": 0.0,
        "Tax Rate For Calcs": 0.0,
        "Normalized EBITDA": -3717000.0,
        "Total Unusual Items": 34000.0,
        "Total Unusual Items Excluding Goodwill": 34000.0,
        "Net Income From Continuing Operation Net Minority Interest": -3865000.0,
        "Reconciled Depreciation": 194000.0,
        "Reconciled Cost Of Revenue": 790000.0,
        "EBITDA": -3717000.0,
        "EBIT": -3911000.0,
        "Net Interest Income": 34000.0,
        "Interest Income": 34000.0,
        "Normalized Income": -3865000.0,
        "Net Income From Continuing And Discontinued Operation": -3865000.0,
        "Total Expenses": 5612000.0,
        "Total Operating Income As Reported": -3911000.0,
        "Diluted Average Shares": 41086285.0,
        "Basic Average Shares": 41086285.0,
        "Diluted EPS": -0.09,
        "Basic EPS": -0.09,
        "Diluted NI Availto Com Stockholders": -3865000.0,
        "Net Income Common Stockholders": -3865000.0,
        "Preferred Stock Dividends": NaN,
        "Net Income": -3865000.0,
        "Net Income Including Noncontrolling Interests": -3865000.0,
        "Net Income Continuous Operations": -3865000.0,
        "Pretax Income": -3865000.0,
        "Other Income Expense": 12000.0,
        "Other Non Operating Income Expenses": 12000.0,
        "Gain On Sale Of Security": 34000.0,
        "Net Non Operating Interest Income Expense": 34000.0,
        "Interest Income Non Operating": 34000.0,
        "Operating Income": -3911000.0,
        "Operating Expense": 4822000.0,
        "Research And Development": 1236000.0,
        "Selling General And Administration": 3586000.0,
        "Gross Profit": 911000.0,
        "Cost Of Revenue": 790000.0,
        "Total Revenue": 1701000.0,
        "Operating Revenue": 1612000.0
    },
    "2022-06-30": {
        "Tax Effect Of Unusual Items": 0.0,
        "Tax Rate For Calcs": 0.0,
        "Normalized EBITDA": -4586000.0,
        "Total Unusual Items": NaN,
        "Total Unusual Items Excluding Goodwill": NaN,
        "Net Income From Continuing Operation Net Minority Interest": -4785000.0,
        "Reconciled Depreciation": 197000.0,
        "Reconciled Cost Of Revenue": 708000.0,
        "EBITDA": -4586000.0,
        "EBIT": -4783000.0,
        "Net Interest Income": 0.0,
        "Interest Income": 0.0,
        "Normalized Income": -4785000.0,
        "Net Income From Continuing And Discontinued Operation": -4785000.0,
        "Total Expenses": 5948000.0,
        "Total Operating Income As Reported": -4783000.0,
        "Diluted Average Shares": 40978820.0,
        "Basic Average Shares": 40978820.0,
        "Diluted EPS": -0.12,
        "Basic EPS": -0.12,
        "Diluted NI Availto Com Stockholders": -4785000.0,
        "Net Income Common Stockholders": -4785000.0,
        "Net Income": -4785000.0,
        "Net Income Including Noncontrolling Interests": -4785000.0,
        "Net Income Continuous Operations": -4785000.0,
        "Pretax Income": -4785000.0,
        "Other Income Expense": -2000.0,
        "Other Non Operating Income Expenses": -2000.0,
        "Gain On Sale Of Security": NaN,
        "Net Non Operating Interest Income Expense": 0.0,
        "Interest Income Non Operating": 0.0,
        "Operating Income": -4783000.0,
        "Operating Expense": 5240000.0,
        "Research And Development": 1476000.0,
        "Selling General And Administration": 3764000.0,
        "Gross Profit": 457000.0,
        "Cost Of Revenue": 708000.0,
        "Total Revenue": 1165000.0,
        "Operating Revenue": 969000.0
    },
    "2022-03-31": {
        "Diluted EPS": -0.13,
        "Total Revenue": 2,
        "Gross Profit": 1,
        "Operating Income": -5,
        "EBIT": -5,
        "Net Income": -5
    },
    "2021-12-31": {
        "Diluted EPS": -0.13,
        "Total Revenue": 2,
        "Gross Profit": 1,
        "Operating Income": -5,
        "EBIT": -5,
        "Net Income": -5
    },
    "2021-09-30": {
        "Diluted EPS": -0.15,
        "Total Revenue": 2,
        "Gross Profit": 1,
        "Operating Income": -6,
        "EBIT": -6,
        "Net Income": -6
    },
    "2021-06-30": {
        "Diluted EPS": -0.2,
        "Total Revenue": 2,
        "Gross Profit": 0,
        "Operating Income": -8,
        "EBIT": -8,
        "Net Income": -8
    },
    "2021-03-31": {
        "Diluted EPS": -0.14,
        "Total Revenue": 2,
        "Gross Profit": 1,
        "Operating Income": -5,
        "EBIT": -5,
        "Net Income": -5
    },
    "2020-12-31": {
        "Diluted EPS": -0.09,
        "Total Revenue": 1,
        "Gross Profit": 0,
        "Operating Income": -4,
        "EBIT": -4,
        "Net Income": -4
    },
    "2020-09-30": {
        "Diluted EPS": -0.11,
        "Total Revenue": 1,
        "Gross Profit": 0,
        "Operating Income": -4,
        "EBIT": -4,
        "Net Income": -4
    },
    "2020-06-30": {
        "Diluted EPS": -0.09,
        "Total Revenue": 1,
        "Gross Profit": 0,
        "Operating Income": -3,
        "EBIT": -3,
        "Net Income": -3
    },
    "2020-03-31": {
        "Diluted EPS": -0.08,
        "Total Revenue": 1,
        "Gross Profit": 0,
        "Operating Income": -2,
        "EBIT": -2,
        "Net Income": -2
    },
    "2019-12-31": {
        "Diluted EPS": -0.09,
        "Total Revenue": 0,
        "Gross Profit": 0,
        "Operating Income": -3,
        "EBIT": -3,
        "Net Income": -3
    },
    "2019-09-30": {
        "Diluted EPS": -0.08,
        "Total Revenue": 0,
        "Gross Profit": 0,
        "Operating Income": -2,
        "EBIT": -2,
        "Net Income": -2
    },
    "2019-06-30": {
        "Diluted EPS": -0.07,
        "Total Revenue": 0,
        "Gross Profit": 0,
        "Operating Income": -2,
        "EBIT": -2,
        "Net Income": -2
    },
    "2019-03-31": {
        "Diluted EPS": -0.05,
        "Total Revenue": 0,
        "Gross Profit": 0,
        "Operating Income": -2,
        "EBIT": -2,
        "Net Income": -1
    },
    "2018-12-31": {
        "Diluted EPS": -0.05,
        "Total Revenue": 0,
        "Gross Profit": 0,
        "Operating Income": -1,
        "EBIT": -1,
        "Net Income": -1
    },
    "2018-09-30": {
        "Diluted EPS": -0.04,
        "Total Revenue": 0,
        "Gross Profit": 0,
        "Operating Income": -1,
        "EBIT": -1,
        "Net Income": -1
    },
    "2018-06-30": {
        "Diluted EPS": -0.03,
        "Total Revenue": NaN,
        "Gross Profit": NaN,
        "Operating Income": -1,
        "EBIT": -1,
        "Net Income": -1
    },
    "2018-03-31": {
        "Diluted EPS": -0.02,
        "Total Revenue": NaN,
        "Gross Profit": NaN,
        "Operating Income": 0,
        "EBIT": 0,
        "Net Income": 0
    },
    "2017-12-31": {
        "Diluted EPS": -0.01,
        "Total Revenue": NaN,
        "Gross Profit": NaN,
        "Operating Income": 0,
        "EBIT": 0,
        "Net Income": 0
    },
    "2017-09-30": {
        "Diluted EPS": -0.01,
        "Total Revenue": NaN,
        "Gross Profit": NaN,
        "Operating Income": 0,
        "EBIT": 0,
        "Net Income": 0
    },
    "2017-06-30": {
        "Diluted EPS": -0.01,
        "Total Revenue": NaN,
        "Gross Profit": NaN,
        "Operating Income": 0,
        "EBIT": 0,
        "Net Income": 0
    },
    "2017-03-31": {
        "Diluted EPS": -0.01,
        "Total Revenue": NaN,
        "Gross Profit": NaN,
        "Operating Income": 0,
        "EBIT": 0,
        "Net Income": 0
    },
    "2016-12-31": {
        "Diluted EPS": 0.0,
        "Total Revenue": NaN,
        "Gross Profit": NaN,
        "Operating Income": NaN,
        "EBIT": NaN,
        "Net Income": NaN
    },
    "2016-09-30": {
        "Diluted EPS": -0.01,
        "Total Revenue": NaN,
        "Gross Profit": NaN,
        "Operating Income": 0,
        "EBIT": 0,
        "Net Income": 0
    },
    "2016-06-30": {
        "Diluted EPS": -0.01,
        "Total Revenue": NaN,
        "Gross Profit": NaN,
        "Operating Income": 0,
        "EBIT": 0,
        "Net Income": 0
    },
    "2023-06-30": {
        "Tax Effect Of Unusual Items": 0.0,
        "Tax Rate For Calcs": 0.0,
        "Normalized EBITDA": -4876000.0,
        "Total Unusual Items": NaN,
        "Total Unusual Items Excluding Goodwill": NaN,
        "Net Income From Continuing Operation Net Minority Interest": -5007000.0,
        "Reconciled Depreciation": 203000.0,
        "Reconciled Cost Of Revenue": 534000.0,
        "EBITDA": -4876000.0,
        "EBIT": -5079000.0,
        "Net Interest Income": 88000.0,
        "Interest Income": 88000.0,
        "Normalized Income": -5007000.0,
        "Net Income From Continuing And Discontinued Operation": -5007000.0,
        "Total Expenses": 6281000.0,
        "Total Operating Income As Reported": -5079000.0,
        "Diluted Average Shares": 41709718.0,
        "Basic Average Shares": 41709718.0,
        "Diluted EPS": -0.12,
        "Basic EPS": -0.12,
        "Diluted NI Availto Com Stockholders": -5007000.0,
        "Net Income Common Stockholders": -5007000.0,
        "Preferred Stock Dividends": NaN,
        "Net Income": -5007000.0,
        "Net Income Including Noncontrolling Interests": -5007000.0,
        "Net Income Continuous Operations": -5007000.0,
        "Pretax Income": -5007000.0,
        "Other Income Expense": -16000.0,
        "Other Non Operating Income Expenses": -16000.0,
        "Gain On Sale Of Security": NaN,
        "Net Non Operating Interest Income Expense": 88000.0,
        "Interest Income Non Operating": 88000.0,
        "Operating Income": -5079000.0,
        "Operating Expense": 5747000.0,
        "Research And Development": 1002000.0,
        "Selling General And Administration": 4745000.0,
        "Gross Profit": 668000.0,
        "Cost Of Revenue": 534000.0,
        "Total Revenue": 1202000.0,
        "Operating Revenue": 1034000.0
    },
    "2023-09-30": {
        "Tax Effect Of Unusual Items": 0.0,
        "Tax Rate For Calcs": 0.0,
        "Normalized EBITDA": -2361000.0,
        "Total Unusual Items": -117000.0,
        "Total Unusual Items Excluding Goodwill": -117000.0,
        "Net Income From Continuing Operation Net Minority Interest": -2783000.0,
        "Reconciled Depreciation": 272000.0,
        "Reconciled Cost Of Revenue": 1454000.0,
        "EBITDA": -2478000.0,
        "EBIT": -2750000.0,
        "Net Interest Income": 90000.0,
        "Interest Income": 90000.0,
        "Normalized Income": -2666000.0,
        "Net Income From Continuing And Discontinued Operation": -2783000.0,
        "Total Expenses": 6381000.0,
        "Total Operating Income As Reported": -2750000.0,
        "Diluted Average Shares": 42652481.0,
        "Basic Average Shares": 42652481.0,
        "Diluted EPS": -0.07,
        "Basic EPS": -0.07,
        "Diluted NI Availto Com Stockholders": -2976000.0,
        "Net Income Common Stockholders": -2976000.0,
        "Preferred Stock Dividends": 193000.0,
        "Net Income": -2783000.0,
        "Net Income Including Noncontrolling Interests": -2783000.0,
        "Net Income Continuous Operations": -2783000.0,
        "Pretax Income": -2783000.0,
        "Other Income Expense": -123000.0,
        "Other Non Operating Income Expenses": -6000.0,
        "Gain On Sale Of Security": -117000.0,
        "Net Non Operating Interest Income Expense": 90000.0,
        "Interest Income Non Operating": 90000.0,
        "Operating Income": -2750000.0,
        "Operating Expense": 4927000.0,
        "Research And Development": 610000.0,
        "Selling General And Administration": 4317000.0,
        "Gross Profit": 2177000.0,
        "Cost Of Revenue": 1454000.0,
        "Total Revenue": 3631000.0,
        "Operating Revenue": 3248000.0
    },
    "2023-12-31": {
        "Tax Effect Of Unusual Items": 0.0,
        "Tax Rate For Calcs": 0.0,
        "Normalized EBITDA": 5385000.0,
        "Total Unusual Items": -11869000.0,
        "Total Unusual Items Excluding Goodwill": -11869000.0,
        "Net Income From Continuing Operation Net Minority Interest": -18401000.0,
        "Reconciled Depreciation": 148000.0,
        "Reconciled Cost Of Revenue": 880000.0,
        "EBITDA": -6484000.0,
        "EBIT": -6632000.0,
        "Net Interest Income": -38000.0,
        "Interest Income": -38000.0,
        "Normalized Income": -6532000.0,
        "Net Income From Continuing And Discontinued Operation": -18401000.0,
        "Total Expenses": 7221000.0,
        "Total Operating Income As Reported": -6632000.0,
        "Diluted Average Shares": NaN,
        "Basic Average Shares": NaN,
        "Diluted EPS": NaN,
        "Basic EPS": NaN,
        "Diluted NI Availto Com Stockholders": -18600000.0,
        "Net Income Common Stockholders": -18600000.0,
        "Preferred Stock Dividends": 199000.0,
        "Net Income": -18401000.0,
        "Net Income Including Noncontrolling Interests": -18401000.0,
        "Net Income Continuous Operations": -18401000.0,
        "Pretax Income": -18401000.0,
        "Other Income Expense": -11731000.0,
        "Other Non Operating Income Expenses": 138000.0,
        "Gain On Sale Of Security": -11869000.0,
        "Net Non Operating Interest Income Expense": -38000.0,
        "Interest Income Non Operating": -38000.0,
        "Operating Income": -6632000.0,
        "Operating Expense": 6341000.0,
        "Research And Development": 584000.0,
        "Selling General And Administration": 5757000.0,
        "Gross Profit": -291000.0,
        "Cost Of Revenue": 880000.0,
        "Total Revenue": 589000.0,
        "Operating Revenue": 440000.0
    },
    "2024-03-31": {
        "Tax Effect Of Unusual Items": 877590.0,
        "Tax Rate For Calcs": 0.21,
        "Normalized EBITDA": -8095000.0,
        "Total Unusual Items": 4179000.0,
        "Total Unusual Items Excluding Goodwill": 4179000.0,
        "Net Income From Continuing Operation Net Minority Interest": 117000.0,
        "Reconciled Depreciation": 223000.0,
        "Reconciled Cost Of Revenue": 640000.0,
        "EBITDA": -3916000.0,
        "EBIT": -4139000.0,
        "Net Interest Income": 78000.0,
        "Interest Income": 78000.0,
        "Normalized Income": -3184410.0,
        "Net Income From Continuing And Discontinued Operation": 117000.0,
        "Total Expenses": 5615000.0,
        "Total Operating Income As Reported": -4139000.0,
        "Diluted Average Shares": 44155391.0,
        "Basic Average Shares": 44155391.0,
        "Diluted EPS": -0.001631,
        "Basic EPS": -0.001631,
        "Diluted NI Availto Com Stockholders": -72000.0,
        "Net Income Common Stockholders": -72000.0,
        "Preferred Stock Dividends": 189000.0,
        "Net Income": 117000.0,
        "Net Income Including Noncontrolling Interests": 117000.0,
        "Net Income Continuous Operations": 117000.0,
        "Pretax Income": 117000.0,
        "Other Income Expense": 4178000.0,
        "Other Non Operating Income Expenses": -1000.0,
        "Gain On Sale Of Security": 4179000.0,
        "Net Non Operating Interest Income Expense": 78000.0,
        "Interest Income Non Operating": 78000.0,
        "Operating Income": -4139000.0,
        "Operating Expense": 4975000.0,
        "Research And Development": 755000.0,
        "Selling General And Administration": 4220000.0,
        "Gross Profit": 836000.0,
        "Cost Of Revenue": 640000.0,
        "Total Revenue": 1476000.0,
        "Operating Revenue": 1327000.0
    },
    "2024-06-30": {
        "Tax Effect Of Unusual Items": 0.0,
        "Tax Rate For Calcs": 0.0,
        "Normalized EBITDA": -5680000.0,
        "Total Unusual Items": 2738000.0,
        "Total Unusual Items Excluding Goodwill": 2738000.0,
        "Net Income From Continuing Operation Net Minority Interest": -385000.0,
        "Reconciled Depreciation": 228000.0,
        "Reconciled Cost Of Revenue": 589000.0,
        "EBITDA": -2942000.0,
        "EBIT": -3170000.0,
        "Net Interest Income": 55000.0,
        "Interest Income": 55000.0,
        "Normalized Income": -3123000.0,
        "Net Income From Continuing And Discontinued Operation": -385000.0,
        "Total Expenses": 4743000.0,
        "Total Operating Income As Reported": -3170000.0,
        "Diluted Average Shares": 45324917.0,
        "Basic Average Shares": 45324917.0,
        "Diluted EPS": -0.02,
        "Basic EPS": -0.02,
        "Diluted NI Availto Com Stockholders": -896000.0,
        "Net Income Common Stockholders": -896000.0,
        "Preferred Stock Dividends": 511000.0,
        "Net Income": -385000.0,
        "Net Income Including Noncontrolling Interests": -385000.0,
        "Net Income Continuous Operations": -385000.0,
        "Pretax Income": -385000.0,
        "Other Income Expense": 2730000.0,
        "Other Non Operating Income Expenses": -8000.0,
        "Gain On Sale Of Security": 2738000.0,
        "Net Non Operating Interest Income Expense": 55000.0,
        "Interest Income Non Operating": 55000.0,
        "Operating Income": -3170000.0,
        "Operating Expense": 4154000.0,
        "Research And Development": 679000.0,
        "Selling General And Administration": 3475000.0,
        "Gross Profit": 984000.0,
        "Cost Of Revenue": 589000.0,
        "Total Revenue": 1573000.0,
        "Operating Revenue": 1251000.0
    }
}