{
    "2023-12-31": {
        "Tax Effect Of Unusual Items": 0.0,
        "Tax Rate For Calcs": 0.0,
        "Normalized EBITDA": -1644763.0,
        "Total Unusual Items": 424322.0,
        "Total Unusual Items Excluding Goodwill": 424322.0,
        "Net Income From Continuing Operation Net Minority Interest": -532485.0,
        "Reconciled Depreciation": 51725.0,
        "Reconciled Cost Of Revenue": 51725.0,
        "EBITDA": -1220441.0,
        "EBIT": -1272166.0,
        "Net Interest Income": 315359.0,
        "Interest Income": 315359.0,
        "Normalized Income": -956807.0,
        "Net Income From Continuing And Discontinued Operation": -532485.0,
        "Total Expenses": 1272166.0,
        "Diluted Average Shares": NaN,
        "Basic Average Shares": NaN,
        "Diluted EPS": NaN,
        "Basic EPS": NaN,
        "Diluted NI Availto Com Stockholders": -532485.0,
        "Net Income Common Stockholders": -532485.0,
        "Net Income": -532485.0,
        "Net Income Including Noncontrolling Interests": -532485.0,
        "Net Income Continuous Operations": -532485.0,
        "Pretax Income": -532485.0,
        "Other Income Expense": 424322.0,
        "Gain On Sale Of Security": 424322.0,
        "Net Non Operating Interest Income Expense": 315359.0,
        "Interest Income Non Operating": 315359.0,
        "Operating Income": -1272166.0,
        "Operating Expense": 1220441.0,
        "Other Operating Expenses": 4216.0,
        "Selling General And Administration": 1216225.0,
        "General And Administrative Expense": 1216225.0,
        "Other Gand A": 412486.0,
        "Salaries And Wages": 803739.0,
        "Gross Profit": -51725.0,
        "Cost Of Revenue": 51725.0,
        "Total Revenue": 0.0,
        "Operating Revenue": 0.0
    },
    "2023-09-30": {
        "Tax Effect Of Unusual Items": 0.0,
        "Tax Rate For Calcs": 0.0,
        "Normalized EBITDA": -1580408.0,
        "Total Unusual Items": 196068.0,
        "Total Unusual Items Excluding Goodwill": 196068.0,
        "Net Income From Continuing Operation Net Minority Interest": -823028.0,
        "Reconciled Depreciation": 51725.0,
        "Reconciled Cost Of Revenue": 51725.0,
        "EBITDA": -1384340.0,
        "EBIT": -1436065.0,
        "Net Interest Income": 416969.0,
        "Interest Income": 416969.0,
        "Normalized Income": -1019096.0,
        "Net Income From Continuing And Discontinued Operation": -823028.0,
        "Total Expenses": 1436065.0,
        "Diluted Average Shares": 162530928.0,
        "Basic Average Shares": 162530928.0,
        "Diluted EPS": -0.01,
        "Basic EPS": -0.01,
        "Diluted NI Availto Com Stockholders": -823028.0,
        "Net Income Common Stockholders": -823028.0,
        "Net Income": -823028.0,
        "Net Income Including Noncontrolling Interests": -823028.0,
        "Net Income Continuous Operations": -823028.0,
        "Pretax Income": -823028.0,
        "Other Income Expense": 196068.0,
        "Gain On Sale Of Security": 196068.0,
        "Net Non Operating Interest Income Expense": 416969.0,
        "Interest Income Non Operating": 416969.0,
        "Operating Income": -1436065.0,
        "Operating Expense": 1384340.0,
        "Other Operating Expenses": 10188.0,
        "Selling General And Administration": 1374152.0,
        "General And Administrative Expense": 1374152.0,
        "Other Gand A": 407012.0,
        "Salaries And Wages": 967140.0,
        "Gross Profit": -51725.0,
        "Cost Of Revenue": 51725.0,
        "Total Revenue": 0.0,
        "Operating Revenue": 0.0
    },
    "2023-06-30": {
        "Tax Effect Of Unusual Items": NaN,
        "Tax Rate For Calcs": NaN,
        "Normalized EBITDA": NaN,
        "Total Unusual Items": NaN,
        "Total Unusual Items Excluding Goodwill": NaN,
        "Net Income From Continuing Operation Net Minority Interest": NaN,
        "Reconciled Depreciation": NaN,
        "Reconciled Cost Of Revenue": NaN,
        "EBITDA": NaN,
        "EBIT": NaN,
        "Net Interest Income": NaN,
        "Interest Income": NaN,
        "Normalized Income": NaN,
        "Net Income From Continuing And Discontinued Operation": NaN,
        "Total Expenses": NaN,
        "Diluted Average Shares": 160369786.0,
        "Basic Average Shares": 160369786.0,
        "Diluted EPS": -0.01,
        "Basic EPS": -0.01,
        "Diluted NI Availto Com Stockholders": NaN,
        "Net Income Common Stockholders": NaN,
        "Net Income": NaN,
        "Net Income Including Noncontrolling Interests": NaN,
        "Net Income Continuous Operations": NaN,
        "Pretax Income": NaN,
        "Other Income Expense": NaN,
        "Gain On Sale Of Security": NaN,
        "Net Non Operating Interest Income Expense": NaN,
        "Interest Income Non Operating": NaN,
        "Operating Income": NaN,
        "Operating Expense": NaN,
        "Other Operating Expenses": NaN,
        "Selling General And Administration": NaN,
        "General And Administrative Expense": NaN,
        "Other Gand A": NaN,
        "Salaries And Wages": NaN,
        "Gross Profit": NaN,
        "Cost Of Revenue": NaN,
        "Total Revenue": NaN,
        "Operating Revenue": NaN
    },
    "2023-03-31": {
        "Tax Effect Of Unusual Items": NaN,
        "Tax Rate For Calcs": NaN,
        "Normalized EBITDA": NaN,
        "Total Unusual Items": NaN,
        "Total Unusual Items Excluding Goodwill": NaN,
        "Net Income From Continuing Operation Net Minority Interest": NaN,
        "Reconciled Depreciation": NaN,
        "Reconciled Cost Of Revenue": NaN,
        "EBITDA": NaN,
        "EBIT": NaN,
        "Net Interest Income": NaN,
        "Interest Income": NaN,
        "Normalized Income": NaN,
        "Net Income From Continuing And Discontinued Operation": NaN,
        "Total Expenses": NaN,
        "Diluted Average Shares": 152634678.0,
        "Basic Average Shares": 152634678.0,
        "Diluted EPS": -0.01,
        "Basic EPS": -0.01,
        "Diluted NI Availto Com Stockholders": NaN,
        "Net Income Common Stockholders": NaN,
        "Net Income": NaN,
        "Net Income Including Noncontrolling Interests": NaN,
        "Net Income Continuous Operations": NaN,
        "Pretax Income": NaN,
        "Other Income Expense": NaN,
        "Gain On Sale Of Security": NaN,
        "Net Non Operating Interest Income Expense": NaN,
        "Interest Income Non Operating": NaN,
        "Operating Income": NaN,
        "Operating Expense": NaN,
        "Other Operating Expenses": NaN,
        "Selling General And Administration": NaN,
        "General And Administrative Expense": NaN,
        "Other Gand A": NaN,
        "Salaries And Wages": NaN,
        "Gross Profit": NaN,
        "Cost Of Revenue": NaN,
        "Total Revenue": NaN,
        "Operating Revenue": NaN
    },
    "2024-03-31": {
        "Tax Effect Of Unusual Items": 0.0,
        "Tax Rate For Calcs": 0.0,
        "Normalized EBITDA": -2453290.0,
        "Total Unusual Items": 278399.0,
        "Total Unusual Items Excluding Goodwill": 278399.0,
        "Net Income From Continuing Operation Net Minority Interest": -1607351.0,
        "Reconciled Depreciation": 51734.0,
        "Reconciled Cost Of Revenue": 51734.0,
        "EBITDA": -2174891.0,
        "EBIT": -2226625.0,
        "Net Interest Income": 340875.0,
        "Interest Income": 340875.0,
        "Normalized Income": -1885750.0,
        "Net Income From Continuing And Discontinued Operation": -1607351.0,
        "Total Expenses": 2226625.0,
        "Diluted Average Shares": 167107495.0,
        "Basic Average Shares": 167107495.0,
        "Diluted EPS": -0.01,
        "Basic EPS": -0.01,
        "Diluted NI Availto Com Stockholders": -1607351.0,
        "Net Income Common Stockholders": -1607351.0,
        "Net Income": -1607351.0,
        "Net Income Including Noncontrolling Interests": -1607351.0,
        "Net Income Continuous Operations": -1607351.0,
        "Pretax Income": -1607351.0,
        "Other Income Expense": 278399.0,
        "Gain On Sale Of Security": 278399.0,
        "Net Non Operating Interest Income Expense": 340875.0,
        "Interest Income Non Operating": 340875.0,
        "Operating Income": -2226625.0,
        "Operating Expense": 2174891.0,
        "Other Operating Expenses": 223880.0,
        "Selling General And Administration": 1951011.0,
        "General And Administrative Expense": 1951011.0,
        "Other Gand A": 766390.0,
        "Salaries And Wages": 1184621.0,
        "Gross Profit": -51734.0,
        "Cost Of Revenue": 51734.0,
        "Total Revenue": 0.0,
        "Operating Revenue": 0.0
    },
    "2022-12-31": {
        "Tax Effect Of Unusual Items": NaN,
        "Tax Rate For Calcs": NaN,
        "Normalized EBITDA": NaN,
        "Total Unusual Items": NaN,
        "Total Unusual Items Excluding Goodwill": NaN,
        "Net Income From Continuing Operation Net Minority Interest": NaN,
        "Reconciled Depreciation": NaN,
        "Reconciled Cost Of Revenue": NaN,
        "EBITDA": NaN,
        "EBIT": NaN,
        "Net Interest Income": NaN,
        "Interest Income": NaN,
        "Normalized Income": NaN,
        "Net Income From Continuing And Discontinued Operation": NaN,
        "Total Expenses": NaN,
        "Diluted Average Shares": NaN,
        "Basic Average Shares": NaN,
        "Diluted EPS": NaN,
        "Basic EPS": NaN,
        "Diluted NI Availto Com Stockholders": NaN,
        "Net Income Common Stockholders": NaN,
        "Net Income": NaN,
        "Net Income Including Noncontrolling Interests": NaN,
        "Net Income Continuous Operations": NaN,
        "Pretax Income": NaN,
        "Other Income Expense": NaN,
        "Other Non Operating Income Expenses": 0.0,
        "Gain On Sale Of Security": NaN,
        "Net Non Operating Interest Income Expense": NaN,
        "Interest Income Non Operating": NaN,
        "Operating Income": NaN,
        "Operating Expense": NaN,
        "Other Operating Expenses": NaN,
        "Selling General And Administration": NaN,
        "General And Administrative Expense": NaN,
        "Other Gand A": NaN,
        "Salaries And Wages": NaN,
        "Gross Profit": NaN,
        "Cost Of Revenue": NaN,
        "Total Revenue": NaN,
        "Operating Revenue": NaN
    },
    "2022-09-30": {
        "Tax Effect Of Unusual Items": NaN,
        "Tax Rate For Calcs": NaN,
        "Normalized EBITDA": NaN,
        "Total Unusual Items": NaN,
        "Total Unusual Items Excluding Goodwill": NaN,
        "Net Income From Continuing Operation Net Minority Interest": NaN,
        "Reconciled Depreciation": NaN,
        "Reconciled Cost Of Revenue": NaN,
        "EBITDA": NaN,
        "EBIT": NaN,
        "Net Interest Income": NaN,
        "Interest Income": NaN,
        "Normalized Income": NaN,
        "Net Income From Continuing And Discontinued Operation": NaN,
        "Total Expenses": NaN,
        "Diluted Average Shares": 151581030.0,
        "Basic Average Shares": 151581030.0,
        "Diluted EPS": -0.004662,
        "Basic EPS": -0.004662,
        "Diluted NI Availto Com Stockholders": NaN,
        "Net Income Common Stockholders": NaN,
        "Net Income": NaN,
        "Net Income Including Noncontrolling Interests": NaN,
        "Net Income Continuous Operations": NaN,
        "Pretax Income": NaN,
        "Other Income Expense": NaN,
        "Other Non Operating Income Expenses": 252194.0,
        "Gain On Sale Of Security": NaN,
        "Net Non Operating Interest Income Expense": NaN,
        "Interest Income Non Operating": NaN,
        "Operating Income": NaN,
        "Operating Expense": NaN,
        "Other Operating Expenses": NaN,
        "Selling General And Administration": NaN,
        "General And Administrative Expense": NaN,
        "Other Gand A": NaN,
        "Salaries And Wages": NaN,
        "Gross Profit": NaN,
        "Cost Of Revenue": NaN,
        "Total Revenue": NaN,
        "Operating Revenue": NaN
    },
    "2024-06-30": {
        "Tax Effect Of Unusual Items": 0.0,
        "Tax Rate For Calcs": 0.0,
        "Normalized EBITDA": -2771234.0,
        "Total Unusual Items": -427815.0,
        "Total Unusual Items Excluding Goodwill": -427815.0,
        "Net Income From Continuing Operation Net Minority Interest": -3040114.0,
        "Reconciled Depreciation": 51134.0,
        "Reconciled Cost Of Revenue": 51134.0,
        "EBITDA": -3199049.0,
        "EBIT": -3250183.0,
        "Net Interest Income": 637884.0,
        "Interest Income": 637884.0,
        "Normalized Income": -2612299.0,
        "Net Income From Continuing And Discontinued Operation": -3040114.0,
        "Total Expenses": 3250183.0,
        "Diluted Average Shares": 187821573.0,
        "Basic Average Shares": 187821573.0,
        "Diluted EPS": -0.02,
        "Basic EPS": -0.02,
        "Diluted NI Availto Com Stockholders": -3040114.0,
        "Net Income Common Stockholders": -3040114.0,
        "Net Income": -3040114.0,
        "Net Income Including Noncontrolling Interests": -3040114.0,
        "Net Income Continuous Operations": -3040114.0,
        "Pretax Income": -3040114.0,
        "Other Income Expense": -427815.0,
        "Gain On Sale Of Security": -427815.0,
        "Net Non Operating Interest Income Expense": 637884.0,
        "Interest Income Non Operating": 637884.0,
        "Operating Income": -3250183.0,
        "Operating Expense": 3199049.0,
        "Other Operating Expenses": 100942.0,
        "Selling General And Administration": 3098107.0,
        "General And Administrative Expense": 3098107.0,
        "Other Gand A": 547860.0,
        "Salaries And Wages": 2550247.0,
        "Gross Profit": -51134.0,
        "Cost Of Revenue": 51134.0,
        "Total Revenue": 0.0,
        "Operating Revenue": 0.0
    },
    "2024-09-30": {
        "Tax Effect Of Unusual Items": 0.0,
        "Tax Rate For Calcs": 0.0,
        "Normalized EBITDA": -2236107.0,
        "Total Unusual Items": 343899.0,
        "Total Unusual Items Excluding Goodwill": 343899.0,
        "Net Income From Continuing Operation Net Minority Interest": -680737.0,
        "Reconciled Depreciation": 38817.0,
        "Reconciled Cost Of Revenue": 38817.0,
        "EBITDA": -1892208.0,
        "EBIT": -1931025.0,
        "Net Interest Income": 906389.0,
        "Interest Income": 906389.0,
        "Normalized Income": -1024636.0,
        "Net Income From Continuing And Discontinued Operation": -680737.0,
        "Total Expenses": 1931025.0,
        "Diluted Average Shares": 198219077.0,
        "Basic Average Shares": 198219077.0,
        "Diluted EPS": -0.003434,
        "Basic EPS": -0.003434,
        "Diluted NI Availto Com Stockholders": -680737.0,
        "Net Income Common Stockholders": -680737.0,
        "Net Income": -680737.0,
        "Net Income Including Noncontrolling Interests": -680737.0,
        "Net Income Continuous Operations": -680737.0,
        "Pretax Income": -680737.0,
        "Other Income Expense": 343899.0,
        "Gain On Sale Of Security": 343899.0,
        "Net Non Operating Interest Income Expense": 906389.0,
        "Interest Income Non Operating": 906389.0,
        "Operating Income": -1931025.0,
        "Operating Expense": 1892208.0,
        "Other Operating Expenses": 12714.0,
        "Selling General And Administration": 1879494.0,
        "General And Administrative Expense": 1879494.0,
        "Other Gand A": 383775.0,
        "Salaries And Wages": 1495719.0,
        "Gross Profit": -38817.0,
        "Cost Of Revenue": 38817.0,
        "Total Revenue": 0.0,
        "Operating Revenue": 0.0
    }
}