{
    "2023-03-31": {
        "Tax Effect Of Unusual Items": NaN,
        "Tax Rate For Calcs": NaN,
        "Normalized EBITDA": NaN,
        "Total Unusual Items": NaN,
        "Total Unusual Items Excluding Goodwill": NaN,
        "Net Income From Continuing Operation Net Minority Interest": NaN,
        "Reconciled Depreciation": NaN,
        "Reconciled Cost Of Revenue": NaN,
        "EBITDA": NaN,
        "EBIT": NaN,
        "Net Interest Income": NaN,
        "Interest Expense": NaN,
        "Normalized Income": NaN,
        "Net Income From Continuing And Discontinued Operation": NaN,
        "Total Expenses": NaN,
        "Total Operating Income As Reported": NaN,
        "Diluted Average Shares": NaN,
        "Basic Average Shares": NaN,
        "Diluted EPS": NaN,
        "Basic EPS": NaN,
        "Diluted NI Availto Com Stockholders": NaN,
        "Net Income Common Stockholders": NaN,
        "Preferred Stock Dividends": NaN,
        "Net Income": NaN,
        "Net Income Including Noncontrolling Interests": NaN,
        "Net Income Discontinuous Operations": NaN,
        "Net Income Continuous Operations": NaN,
        "Earnings From Equity Interest Net Of Tax": NaN,
        "Tax Provision": NaN,
        "Pretax Income": NaN,
        "Other Income Expense": NaN,
        "Other Non Operating Income Expenses": NaN,
        "Special Income Charges": NaN,
        "Gain On Sale Of Ppe": 603000.0,
        "Other Special Charges": NaN,
        "Write Off": 627000.0,
        "Impairment Of Capital Assets": NaN,
        "Net Non Operating Interest Income Expense": NaN,
        "Interest Expense Non Operating": NaN,
        "Operating Income": NaN,
        "Operating Expense": NaN,
        "Other Operating Expenses": NaN,
        "Depreciation Amortization Depletion Income Statement": NaN,
        "Depreciation And Amortization In Income Statement": NaN,
        "Depreciation Income Statement": NaN,
        "Selling General And Administration": NaN,
        "Gross Profit": NaN,
        "Cost Of Revenue": NaN,
        "Total Revenue": NaN,
        "Operating Revenue": NaN
    },
    "2022-12-31": {
        "Tax Effect Of Unusual Items": NaN,
        "Tax Rate For Calcs": NaN,
        "Normalized EBITDA": NaN,
        "Total Unusual Items": NaN,
        "Total Unusual Items Excluding Goodwill": NaN,
        "Net Income From Continuing Operation Net Minority Interest": NaN,
        "Reconciled Depreciation": NaN,
        "Reconciled Cost Of Revenue": NaN,
        "EBITDA": NaN,
        "EBIT": NaN,
        "Net Interest Income": NaN,
        "Interest Expense": NaN,
        "Normalized Income": NaN,
        "Net Income From Continuing And Discontinued Operation": NaN,
        "Total Expenses": NaN,
        "Total Operating Income As Reported": NaN,
        "Diluted Average Shares": NaN,
        "Basic Average Shares": NaN,
        "Diluted EPS": NaN,
        "Basic EPS": NaN,
        "Diluted NI Availto Com Stockholders": NaN,
        "Net Income Common Stockholders": NaN,
        "Preferred Stock Dividends": NaN,
        "Net Income": NaN,
        "Net Income Including Noncontrolling Interests": NaN,
        "Net Income Discontinuous Operations": NaN,
        "Net Income Continuous Operations": NaN,
        "Earnings From Equity Interest Net Of Tax": NaN,
        "Tax Provision": NaN,
        "Pretax Income": NaN,
        "Other Income Expense": NaN,
        "Other Non Operating Income Expenses": NaN,
        "Special Income Charges": NaN,
        "Gain On Sale Of Ppe": NaN,
        "Other Special Charges": NaN,
        "Write Off": 775000.0,
        "Impairment Of Capital Assets": NaN,
        "Net Non Operating Interest Income Expense": NaN,
        "Interest Expense Non Operating": NaN,
        "Operating Income": NaN,
        "Operating Expense": NaN,
        "Other Operating Expenses": NaN,
        "Depreciation Amortization Depletion Income Statement": NaN,
        "Depreciation And Amortization In Income Statement": NaN,
        "Depreciation Income Statement": NaN,
        "Selling General And Administration": NaN,
        "Gross Profit": NaN,
        "Cost Of Revenue": NaN,
        "Total Revenue": NaN,
        "Operating Revenue": NaN
    },
    "2022-09-30": {
        "Tax Effect Of Unusual Items": NaN,
        "Tax Rate For Calcs": NaN,
        "Normalized EBITDA": NaN,
        "Total Unusual Items": NaN,
        "Total Unusual Items Excluding Goodwill": NaN,
        "Net Income From Continuing Operation Net Minority Interest": NaN,
        "Reconciled Depreciation": NaN,
        "Reconciled Cost Of Revenue": NaN,
        "EBITDA": NaN,
        "EBIT": NaN,
        "Net Interest Income": NaN,
        "Interest Expense": NaN,
        "Normalized Income": NaN,
        "Net Income From Continuing And Discontinued Operation": NaN,
        "Total Expenses": NaN,
        "Total Operating Income As Reported": NaN,
        "Diluted Average Shares": 108839269.0,
        "Basic Average Shares": 108839269.0,
        "Diluted EPS": -0.32,
        "Basic EPS": -0.32,
        "Diluted NI Availto Com Stockholders": NaN,
        "Net Income Common Stockholders": NaN,
        "Preferred Stock Dividends": NaN,
        "Net Income": NaN,
        "Net Income Including Noncontrolling Interests": NaN,
        "Net Income Discontinuous Operations": NaN,
        "Net Income Continuous Operations": NaN,
        "Earnings From Equity Interest Net Of Tax": NaN,
        "Tax Provision": NaN,
        "Pretax Income": NaN,
        "Other Income Expense": NaN,
        "Other Non Operating Income Expenses": -804000.0,
        "Special Income Charges": NaN,
        "Gain On Sale Of Ppe": 0.0,
        "Other Special Charges": NaN,
        "Write Off": 119000.0,
        "Impairment Of Capital Assets": NaN,
        "Net Non Operating Interest Income Expense": NaN,
        "Interest Expense Non Operating": NaN,
        "Operating Income": NaN,
        "Operating Expense": NaN,
        "Other Operating Expenses": NaN,
        "Depreciation Amortization Depletion Income Statement": NaN,
        "Depreciation And Amortization In Income Statement": NaN,
        "Depreciation Income Statement": NaN,
        "Selling General And Administration": NaN,
        "Gross Profit": NaN,
        "Cost Of Revenue": NaN,
        "Total Revenue": NaN,
        "Operating Revenue": NaN
    },
    "2022-06-30": {
        "Tax Effect Of Unusual Items": 0.0,
        "Tax Rate For Calcs": 0.0,
        "Normalized EBITDA": -7058000.0,
        "Total Unusual Items": -558000.0,
        "Total Unusual Items Excluding Goodwill": -558000.0,
        "Net Income From Continuing Operation Net Minority Interest": -13039000.0,
        "Reconciled Depreciation": 200000.0,
        "Reconciled Cost Of Revenue": 591000.0,
        "EBITDA": -7616000.0,
        "EBIT": -7816000.0,
        "Net Interest Income": -4139000.0,
        "Interest Expense": 4139000.0,
        "Normalized Income": -12481000.0,
        "Net Income From Continuing And Discontinued Operation": -13669000.0,
        "Total Expenses": 8643000.0,
        "Total Operating Income As Reported": -7816000.0,
        "Diluted Average Shares": 104119328.0,
        "Basic Average Shares": 104119328.0,
        "Diluted EPS": -0.14,
        "Basic EPS": -0.14,
        "Diluted NI Availto Com Stockholders": -13908000.0,
        "Net Income Common Stockholders": -13908000.0,
        "Preferred Stock Dividends": 239000.0,
        "Net Income": -13669000.0,
        "Net Income Including Noncontrolling Interests": -13669000.0,
        "Net Income Discontinuous Operations": -630000.0,
        "Net Income Continuous Operations": -13039000.0,
        "Earnings From Equity Interest Net Of Tax": -1084000.0,
        "Tax Provision": 0.0,
        "Pretax Income": -11955000.0,
        "Other Income Expense": -558000.0,
        "Other Non Operating Income Expenses": NaN,
        "Special Income Charges": -558000.0,
        "Write Off": 558000.0,
        "Net Non Operating Interest Income Expense": -4139000.0,
        "Interest Expense Non Operating": 4139000.0,
        "Operating Income": -7258000.0,
        "Operating Expense": 8052000.0,
        "Other Operating Expenses": 1095000.0,
        "Depreciation Amortization Depletion Income Statement": 200000.0,
        "Depreciation And Amortization In Income Statement": 200000.0,
        "Depreciation Income Statement": 200000.0,
        "Selling General And Administration": 6757000.0,
        "Gross Profit": 794000.0,
        "Cost Of Revenue": 591000.0,
        "Total Revenue": 1385000.0,
        "Operating Revenue": 1385000.0
    },
    "2022-03-31": {
        "Diluted EPS": -0.18,
        "Total Revenue": 0,
        "Gross Profit": 0,
        "Operating Income": -9,
        "EBIT": -7,
        "Net Income": -18
    },
    "2021-12-31": {
        "Diluted EPS": -0.98,
        "Total Revenue": NaN,
        "Gross Profit": NaN,
        "Operating Income": -31,
        "EBIT": -31,
        "Net Income": -83
    },
    "2021-09-30": {
        "Diluted EPS": -0.07,
        "Total Revenue": NaN,
        "Gross Profit": NaN,
        "Operating Income": -6,
        "EBIT": -6,
        "Net Income": -6
    },
    "2021-06-30": {
        "Diluted EPS": -0.05,
        "Total Revenue": NaN,
        "Gross Profit": NaN,
        "Operating Income": -4,
        "EBIT": -4,
        "Net Income": -4
    },
    "2021-03-31": {
        "Diluted EPS": -0.03,
        "Total Revenue": NaN,
        "Gross Profit": NaN,
        "Operating Income": -2,
        "EBIT": -2,
        "Net Income": -2
    },
    "2020-12-31": {
        "Diluted EPS": 0.75,
        "Total Revenue": 4,
        "Gross Profit": 1,
        "Operating Income": 0,
        "EBIT": 0,
        "Net Income": 1
    },
    "2020-09-30": {
        "Diluted EPS": -0.14,
        "Total Revenue": 3,
        "Gross Profit": 1,
        "Operating Income": 0,
        "EBIT": 0,
        "Net Income": 0
    },
    "2020-06-30": {
        "Diluted EPS": -0.53,
        "Total Revenue": 3,
        "Gross Profit": 0,
        "Operating Income": -1,
        "EBIT": -1,
        "Net Income": -1
    },
    "2020-03-31": {
        "Diluted EPS": -0.3,
        "Total Revenue": 3,
        "Gross Profit": 1,
        "Operating Income": -1,
        "EBIT": -1,
        "Net Income": -1
    },
    "2019-12-31": {
        "Diluted EPS": -0.04,
        "Total Revenue": 5,
        "Gross Profit": 2,
        "Operating Income": 0,
        "EBIT": 0,
        "Net Income": 0
    },
    "2019-09-30": {
        "Diluted EPS": -0.08,
        "Total Revenue": 5,
        "Gross Profit": 1,
        "Operating Income": 0,
        "EBIT": 0,
        "Net Income": 0
    },
    "2019-06-30": {
        "Diluted EPS": -0.06,
        "Total Revenue": 5,
        "Gross Profit": 1,
        "Operating Income": 0,
        "EBIT": 0,
        "Net Income": 0
    },
    "2019-03-31": {
        "Diluted EPS": -0.23,
        "Total Revenue": 4,
        "Gross Profit": 1,
        "Operating Income": -1,
        "EBIT": 0,
        "Net Income": 0
    },
    "2018-12-31": {
        "Diluted EPS": 0.08,
        "Total Revenue": 5,
        "Gross Profit": 2,
        "Operating Income": 0,
        "EBIT": 0,
        "Net Income": 0
    },
    "2018-09-30": {
        "Diluted EPS": -0.01,
        "Total Revenue": 5,
        "Gross Profit": 2,
        "Operating Income": 0,
        "EBIT": 0,
        "Net Income": 0
    },
    "2018-06-30": {
        "Diluted EPS": 0.07,
        "Total Revenue": 5,
        "Gross Profit": 2,
        "Operating Income": 0,
        "EBIT": 0,
        "Net Income": 0
    },
    "2018-03-31": {
        "Diluted EPS": -0.07,
        "Total Revenue": 4,
        "Gross Profit": 1,
        "Operating Income": 0,
        "EBIT": 0,
        "Net Income": 0
    },
    "2017-12-31": {
        "Diluted EPS": 0.19,
        "Total Revenue": 5,
        "Gross Profit": 2,
        "Operating Income": 0,
        "EBIT": 1,
        "Net Income": 0
    },
    "2017-09-30": {
        "Diluted EPS": -0.06,
        "Total Revenue": 4,
        "Gross Profit": 1,
        "Operating Income": 0,
        "EBIT": 0,
        "Net Income": 0
    },
    "2017-06-30": {
        "Diluted EPS": -0.05,
        "Total Revenue": 5,
        "Gross Profit": 1,
        "Operating Income": 0,
        "EBIT": 0,
        "Net Income": 0
    },
    "2017-03-31": {
        "Diluted EPS": -0.19,
        "Total Revenue": 4,
        "Gross Profit": 1,
        "Operating Income": -1,
        "EBIT": 0,
        "Net Income": 0
    },
    "2016-12-31": {
        "Diluted EPS": 0.01,
        "Total Revenue": 5,
        "Gross Profit": 2,
        "Operating Income": 0,
        "EBIT": 0,
        "Net Income": 0
    },
    "2016-09-30": {
        "Diluted EPS": 0.04,
        "Total Revenue": 5,
        "Gross Profit": 2,
        "Operating Income": 0,
        "EBIT": 0,
        "Net Income": 0
    },
    "2016-06-30": {
        "Diluted EPS": 0.02,
        "Total Revenue": 4,
        "Gross Profit": 2,
        "Operating Income": 0,
        "EBIT": 0,
        "Net Income": 0
    },
    "2016-03-31": {
        "Diluted EPS": -0.1,
        "Total Revenue": 4,
        "Gross Profit": 1,
        "Operating Income": 0,
        "EBIT": 0,
        "Net Income": 0
    },
    "2015-12-31": {
        "Diluted EPS": 0.11,
        "Total Revenue": 5,
        "Gross Profit": 2,
        "Operating Income": 0,
        "EBIT": 0,
        "Net Income": 0
    },
    "2015-09-30": {
        "Diluted EPS": 0.06,
        "Total Revenue": 5,
        "Gross Profit": 2,
        "Operating Income": 0,
        "EBIT": 0,
        "Net Income": 0
    },
    "2015-06-30": {
        "Diluted EPS": 0.01,
        "Total Revenue": 5,
        "Gross Profit": 2,
        "Operating Income": 0,
        "EBIT": 0,
        "Net Income": 0
    },
    "2015-03-31": {
        "Diluted EPS": -0.11,
        "Total Revenue": 4,
        "Gross Profit": 1,
        "Operating Income": 0,
        "EBIT": 0,
        "Net Income": 0
    },
    "2014-12-31": {
        "Diluted EPS": 0.05,
        "Total Revenue": 5,
        "Gross Profit": 2,
        "Operating Income": 0,
        "EBIT": 0,
        "Net Income": 0
    },
    "2014-09-30": {
        "Diluted EPS": 0.07,
        "Total Revenue": 4,
        "Gross Profit": 2,
        "Operating Income": 0,
        "EBIT": 0,
        "Net Income": 0
    },
    "2014-06-30": {
        "Diluted EPS": 0.1,
        "Total Revenue": 5,
        "Gross Profit": 2,
        "Operating Income": 0,
        "EBIT": 0,
        "Net Income": 0
    },
    "2014-03-31": {
        "Diluted EPS": 0.1,
        "Total Revenue": 4,
        "Gross Profit": 2,
        "Operating Income": 0,
        "EBIT": 0,
        "Net Income": 0
    },
    "2013-12-31": {
        "Diluted EPS": 0.17,
        "Total Revenue": 5,
        "Gross Profit": 2,
        "Operating Income": 1,
        "EBIT": 1,
        "Net Income": 0
    },
    "2013-09-30": {
        "Diluted EPS": 0.06,
        "Total Revenue": 4,
        "Gross Profit": 2,
        "Operating Income": 0,
        "EBIT": 0,
        "Net Income": 0
    },
    "2013-06-30": {
        "Diluted EPS": 0.15,
        "Total Revenue": 5,
        "Gross Profit": 2,
        "Operating Income": 0,
        "EBIT": 1,
        "Net Income": 0
    },
    "2013-03-31": {
        "Diluted EPS": -0.04,
        "Total Revenue": 4,
        "Gross Profit": 1,
        "Operating Income": 0,
        "EBIT": 0,
        "Net Income": 0
    },
    "2012-12-31": {
        "Diluted EPS": 0.15,
        "Total Revenue": 5,
        "Gross Profit": 2,
        "Operating Income": 0,
        "EBIT": 1,
        "Net Income": 0
    },
    "2012-09-30": {
        "Diluted EPS": 0.11,
        "Total Revenue": 4,
        "Gross Profit": 2,
        "Operating Income": 0,
        "EBIT": 0,
        "Net Income": 0
    },
    "2012-06-30": {
        "Diluted EPS": 0.12,
        "Total Revenue": 5,
        "Gross Profit": 2,
        "Operating Income": 0,
        "EBIT": 0,
        "Net Income": 0
    },
    "2012-03-31": {
        "Diluted EPS": -0.03,
        "Total Revenue": 4,
        "Gross Profit": 2,
        "Operating Income": 0,
        "EBIT": 0,
        "Net Income": 0
    },
    "2011-12-31": {
        "Diluted EPS": 0.07,
        "Total Revenue": 4,
        "Gross Profit": 2,
        "Operating Income": 0,
        "EBIT": 0,
        "Net Income": 0
    },
    "2011-09-30": {
        "Diluted EPS": 0.11,
        "Total Revenue": 4,
        "Gross Profit": 2,
        "Operating Income": 0,
        "EBIT": 0,
        "Net Income": 0
    },
    "2011-06-30": {
        "Diluted EPS": 0.16,
        "Total Revenue": 5,
        "Gross Profit": 2,
        "Operating Income": 0,
        "EBIT": 1,
        "Net Income": 0
    },
    "2011-03-31": {
        "Diluted EPS": 0.02,
        "Total Revenue": 4,
        "Gross Profit": 1,
        "Operating Income": 0,
        "EBIT": 0,
        "Net Income": 0
    },
    "2010-12-31": {
        "Diluted EPS": 0.17,
        "Total Revenue": 4,
        "Gross Profit": 2,
        "Operating Income": 0,
        "EBIT": 1,
        "Net Income": 0
    },
    "2010-09-30": {
        "Diluted EPS": 0.15,
        "Total Revenue": 4,
        "Gross Profit": 2,
        "Operating Income": 0,
        "EBIT": 1,
        "Net Income": 0
    },
    "2010-06-30": {
        "Diluted EPS": 0.17,
        "Total Revenue": 4,
        "Gross Profit": 2,
        "Operating Income": 1,
        "EBIT": 1,
        "Net Income": 0
    },
    "2010-03-31": {
        "Diluted EPS": 0.08,
        "Total Revenue": 4,
        "Gross Profit": 1,
        "Operating Income": 0,
        "EBIT": 0,
        "Net Income": 0
    },
    "2009-12-31": {
        "Diluted EPS": 0.1,
        "Total Revenue": 4,
        "Gross Profit": 2,
        "Operating Income": 0,
        "EBIT": 0,
        "Net Income": 0
    },
    "2009-09-30": {
        "Diluted EPS": -0.36,
        "Total Revenue": 4,
        "Gross Profit": 2,
        "Operating Income": 0,
        "EBIT": 0,
        "Net Income": -1
    },
    "2009-06-30": {
        "Diluted EPS": 0.07,
        "Total Revenue": 4,
        "Gross Profit": 1,
        "Operating Income": 0,
        "EBIT": 0,
        "Net Income": 0
    },
    "2009-03-31": {
        "Diluted EPS": 0.03,
        "Total Revenue": 4,
        "Gross Profit": 1,
        "Operating Income": 0,
        "EBIT": 0,
        "Net Income": 0
    },
    "2023-06-30": {
        "Tax Effect Of Unusual Items": NaN,
        "Tax Rate For Calcs": NaN,
        "Normalized EBITDA": NaN,
        "Total Unusual Items": NaN,
        "Total Unusual Items Excluding Goodwill": NaN,
        "Net Income From Continuing Operation Net Minority Interest": NaN,
        "Reconciled Depreciation": NaN,
        "Reconciled Cost Of Revenue": NaN,
        "EBITDA": NaN,
        "EBIT": NaN,
        "Net Interest Income": NaN,
        "Interest Expense": NaN,
        "Normalized Income": NaN,
        "Net Income From Continuing And Discontinued Operation": NaN,
        "Total Expenses": NaN,
        "Total Operating Income As Reported": NaN,
        "Diluted Average Shares": 210421237.0,
        "Basic Average Shares": 210421237.0,
        "Diluted EPS": -0.08,
        "Basic EPS": -0.08,
        "Diluted NI Availto Com Stockholders": NaN,
        "Net Income Common Stockholders": NaN,
        "Preferred Stock Dividends": NaN,
        "Net Income": NaN,
        "Net Income Including Noncontrolling Interests": NaN,
        "Net Income Discontinuous Operations": NaN,
        "Net Income Continuous Operations": NaN,
        "Earnings From Equity Interest Net Of Tax": NaN,
        "Tax Provision": NaN,
        "Pretax Income": NaN,
        "Other Income Expense": NaN,
        "Other Non Operating Income Expenses": NaN,
        "Special Income Charges": NaN,
        "Gain On Sale Of Ppe": NaN,
        "Other Special Charges": NaN,
        "Write Off": 682000.0,
        "Impairment Of Capital Assets": NaN,
        "Net Non Operating Interest Income Expense": NaN,
        "Interest Expense Non Operating": NaN,
        "Operating Income": NaN,
        "Operating Expense": NaN,
        "Other Operating Expenses": NaN,
        "Depreciation Amortization Depletion Income Statement": NaN,
        "Depreciation And Amortization In Income Statement": NaN,
        "Depreciation Income Statement": NaN,
        "Selling General And Administration": NaN,
        "Gross Profit": NaN,
        "Cost Of Revenue": NaN,
        "Total Revenue": NaN,
        "Operating Revenue": NaN
    },
    "2023-09-30": {
        "Tax Effect Of Unusual Items": 0.0,
        "Tax Rate For Calcs": 0.0,
        "Normalized EBITDA": -737000.0,
        "Total Unusual Items": -420000.0,
        "Total Unusual Items Excluding Goodwill": -420000.0,
        "Net Income From Continuing Operation Net Minority Interest": -19031000.0,
        "Reconciled Depreciation": 8473000.0,
        "Reconciled Cost Of Revenue": 8019000.0,
        "EBITDA": -1157000.0,
        "EBIT": -9630000.0,
        "Net Interest Income": -10251000.0,
        "Interest Expense": 10251000.0,
        "Normalized Income": -18611000.0,
        "Net Income From Continuing And Discontinued Operation": -19099000.0,
        "Total Expenses": 28921000.0,
        "Total Operating Income As Reported": -9689000.0,
        "Diluted Average Shares": 221718367.0,
        "Basic Average Shares": 221718367.0,
        "Diluted EPS": -0.09,
        "Basic EPS": -0.09,
        "Diluted NI Availto Com Stockholders": -19371000.0,
        "Net Income Common Stockholders": -19371000.0,
        "Preferred Stock Dividends": 272000.0,
        "Net Income": -19099000.0,
        "Net Income Including Noncontrolling Interests": -19099000.0,
        "Net Income Discontinuous Operations": -68000.0,
        "Net Income Continuous Operations": -19031000.0,
        "Earnings From Equity Interest Net Of Tax": 850000.0,
        "Tax Provision": 0.0,
        "Pretax Income": -19881000.0,
        "Other Income Expense": -361000.0,
        "Other Non Operating Income Expenses": 59000.0,
        "Special Income Charges": -420000.0,
        "Gain On Sale Of Ppe": -420000.0,
        "Other Special Charges": NaN,
        "Write Off": NaN,
        "Impairment Of Capital Assets": 0.0,
        "Net Non Operating Interest Income Expense": -10251000.0,
        "Interest Expense Non Operating": 10251000.0,
        "Operating Income": -9269000.0,
        "Operating Expense": 20653000.0,
        "Other Operating Expenses": 2143000.0,
        "Depreciation Amortization Depletion Income Statement": 8224000.0,
        "Depreciation And Amortization In Income Statement": 8224000.0,
        "Depreciation Income Statement": 8224000.0,
        "Selling General And Administration": 10286000.0,
        "Gross Profit": 11384000.0,
        "Cost Of Revenue": 8268000.0,
        "Total Revenue": 19652000.0,
        "Operating Revenue": 19652000.0
    },
    "2023-12-31": {
        "Tax Effect Of Unusual Items": 0.0,
        "Tax Rate For Calcs": 0.0,
        "Normalized EBITDA": 7452000.0,
        "Total Unusual Items": -3484000.0,
        "Total Unusual Items Excluding Goodwill": -3484000.0,
        "Net Income From Continuing Operation Net Minority Interest": -10502000.0,
        "Reconciled Depreciation": 8516000.0,
        "Reconciled Cost Of Revenue": 8681000.0,
        "EBITDA": 3968000.0,
        "EBIT": -4548000.0,
        "Net Interest Income": -9277000.0,
        "Interest Expense": 9277000.0,
        "Normalized Income": -7018000.0,
        "Net Income From Continuing And Discontinued Operation": -10525000.0,
        "Total Expenses": 24467000.0,
        "Total Operating Income As Reported": -4666000.0,
        "Diluted Average Shares": NaN,
        "Basic Average Shares": NaN,
        "Diluted EPS": NaN,
        "Basic EPS": NaN,
        "Diluted NI Availto Com Stockholders": -10803000.0,
        "Net Income Common Stockholders": -10803000.0,
        "Preferred Stock Dividends": 278000.0,
        "Net Income": -10525000.0,
        "Net Income Including Noncontrolling Interests": -10525000.0,
        "Net Income Discontinuous Operations": -23000.0,
        "Net Income Continuous Operations": -10502000.0,
        "Earnings From Equity Interest Net Of Tax": 3323000.0,
        "Tax Provision": 0.0,
        "Pretax Income": -13825000.0,
        "Other Income Expense": -3366000.0,
        "Other Non Operating Income Expenses": 118000.0,
        "Special Income Charges": -3484000.0,
        "Gain On Sale Of Ppe": -2672000.0,
        "Other Special Charges": NaN,
        "Write Off": NaN,
        "Impairment Of Capital Assets": 812000.0,
        "Net Non Operating Interest Income Expense": -9277000.0,
        "Interest Expense Non Operating": 9277000.0,
        "Operating Income": -1182000.0,
        "Operating Expense": 15535000.0,
        "Other Operating Expenses": -1518000.0,
        "Depreciation Amortization Depletion Income Statement": 8265000.0,
        "Depreciation And Amortization In Income Statement": 8265000.0,
        "Depreciation Income Statement": 8265000.0,
        "Selling General And Administration": 8788000.0,
        "Gross Profit": 14353000.0,
        "Cost Of Revenue": 8932000.0,
        "Total Revenue": 23285000.0,
        "Operating Revenue": 23285000.0
    },
    "2024-03-31": {
        "Tax Effect Of Unusual Items": 0.0,
        "Tax Rate For Calcs": 0.0,
        "Normalized EBITDA": 13524000.0,
        "Total Unusual Items": -2027000.0,
        "Total Unusual Items Excluding Goodwill": -2027000.0,
        "Net Income From Continuing Operation Net Minority Interest": -9613000.0,
        "Reconciled Depreciation": 15340000.0,
        "Reconciled Cost Of Revenue": 14156000.0,
        "EBITDA": 11497000.0,
        "EBIT": -3843000.0,
        "Net Interest Income": -11045000.0,
        "Interest Expense": 11045000.0,
        "Normalized Income": -7586000.0,
        "Net Income From Continuing And Discontinued Operation": -9613000.0,
        "Total Expenses": 44749000.0,
        "Total Operating Income As Reported": -2316000.0,
        "Diluted Average Shares": 290602725.0,
        "Basic Average Shares": 290602725.0,
        "Diluted EPS": -0.03,
        "Basic EPS": -0.03,
        "Diluted NI Availto Com Stockholders": -9899000.0,
        "Net Income Common Stockholders": -9899000.0,
        "Preferred Stock Dividends": 286000.0,
        "Net Income": -9613000.0,
        "Net Income Including Noncontrolling Interests": -9613000.0,
        "Net Income Discontinuous Operations": 0.0,
        "Net Income Continuous Operations": -9613000.0,
        "Earnings From Equity Interest Net Of Tax": 5275000.0,
        "Tax Provision": 0.0,
        "Pretax Income": -14888000.0,
        "Other Income Expense": -1527000.0,
        "Other Non Operating Income Expenses": 500000.0,
        "Special Income Charges": -2027000.0,
        "Gain On Sale Of Ppe": 0.0,
        "Other Special Charges": 2027000.0,
        "Write Off": NaN,
        "Impairment Of Capital Assets": 0.0,
        "Net Non Operating Interest Income Expense": -11045000.0,
        "Interest Expense Non Operating": 11045000.0,
        "Operating Income": -2316000.0,
        "Operating Expense": 30341000.0,
        "Other Operating Expenses": 344000.0,
        "Depreciation Amortization Depletion Income Statement": 15088000.0,
        "Depreciation And Amortization In Income Statement": 15088000.0,
        "Depreciation Income Statement": 15088000.0,
        "Selling General And Administration": 14909000.0,
        "Gross Profit": 28025000.0,
        "Cost Of Revenue": 14408000.0,
        "Total Revenue": 42433000.0,
        "Operating Revenue": 42433000.0
    },
    "2024-06-30": {
        "Tax Effect Of Unusual Items": 0.0,
        "Tax Rate For Calcs": 0.0,
        "Normalized EBITDA": 8066000.0,
        "Total Unusual Items": 0.0,
        "Total Unusual Items Excluding Goodwill": 0.0,
        "Net Income From Continuing Operation Net Minority Interest": -10876000.0,
        "Reconciled Depreciation": 14384000.0,
        "Reconciled Cost Of Revenue": 13667000.0,
        "EBITDA": 8066000.0,
        "EBIT": -6318000.0,
        "Net Interest Income": -5325000.0,
        "Interest Expense": 5325000.0,
        "Normalized Income": -10876000.0,
        "Net Income From Continuing And Discontinued Operation": -10876000.0,
        "Total Expenses": 42339000.0,
        "Total Operating Income As Reported": -6765000.0,
        "Diluted Average Shares": 340662826.0,
        "Basic Average Shares": 340662826.0,
        "Diluted EPS": -0.03,
        "Basic EPS": -0.03,
        "Diluted NI Availto Com Stockholders": -11168000.0,
        "Net Income Common Stockholders": -11168000.0,
        "Preferred Stock Dividends": 292000.0,
        "Net Income": -10876000.0,
        "Net Income Including Noncontrolling Interests": -10876000.0,
        "Net Income Discontinuous Operations": 0.0,
        "Net Income Continuous Operations": -10876000.0,
        "Earnings From Equity Interest Net Of Tax": 767000.0,
        "Tax Provision": 0.0,
        "Pretax Income": -11643000.0,
        "Other Income Expense": 447000.0,
        "Other Non Operating Income Expenses": 447000.0,
        "Special Income Charges": 0.0,
        "Gain On Sale Of Ppe": NaN,
        "Other Special Charges": NaN,
        "Write Off": NaN,
        "Impairment Of Capital Assets": 0.0,
        "Net Non Operating Interest Income Expense": -5325000.0,
        "Interest Expense Non Operating": 5325000.0,
        "Operating Income": -6765000.0,
        "Operating Expense": 28421000.0,
        "Other Operating Expenses": 2372000.0,
        "Depreciation Amortization Depletion Income Statement": 14133000.0,
        "Depreciation And Amortization In Income Statement": 14133000.0,
        "Depreciation Income Statement": 14133000.0,
        "Selling General And Administration": 11916000.0,
        "Gross Profit": 21656000.0,
        "Cost Of Revenue": 13918000.0,
        "Total Revenue": 35574000.0,
        "Operating Revenue": 35574000.0
    },
    "2024-09-30": {
        "Tax Effect Of Unusual Items": 0.0,
        "Tax Rate For Calcs": 0.0,
        "Normalized EBITDA": 878000.0,
        "Total Unusual Items": -4628000.0,
        "Total Unusual Items Excluding Goodwill": -4628000.0,
        "Net Income From Continuing Operation Net Minority Interest": -22733000.0,
        "Reconciled Depreciation": 15895000.0,
        "Reconciled Cost Of Revenue": 14408000.0,
        "EBITDA": -3750000.0,
        "EBIT": -19645000.0,
        "Net Interest Income": -409000.0,
        "Interest Expense": 409000.0,
        "Normalized Income": -18105000.0,
        "Net Income From Continuing And Discontinued Operation": -22733000.0,
        "Total Expenses": 42415000.0,
        "Total Operating Income As Reported": -15711000.0,
        "Diluted Average Shares": 382086768.0,
        "Basic Average Shares": 382086768.0,
        "Diluted EPS": -0.06,
        "Basic EPS": -0.06,
        "Diluted NI Availto Com Stockholders": -23033000.0,
        "Net Income Common Stockholders": -23033000.0,
        "Preferred Stock Dividends": 300000.0,
        "Net Income": -22733000.0,
        "Net Income Including Noncontrolling Interests": -22733000.0,
        "Net Income Discontinuous Operations": 0.0,
        "Net Income Continuous Operations": -22733000.0,
        "Earnings From Equity Interest Net Of Tax": -2679000.0,
        "Tax Provision": 0.0,
        "Pretax Income": -20054000.0,
        "Other Income Expense": -4289000.0,
        "Other Non Operating Income Expenses": 339000.0,
        "Special Income Charges": -4628000.0,
        "Gain On Sale Of Ppe": 0.0,
        "Other Special Charges": 4273000.0,
        "Write Off": NaN,
        "Impairment Of Capital Assets": 355000.0,
        "Net Non Operating Interest Income Expense": -409000.0,
        "Interest Expense Non Operating": 409000.0,
        "Operating Income": -15356000.0,
        "Operating Expense": 27755000.0,
        "Other Operating Expenses": 634000.0,
        "Depreciation Amortization Depletion Income Statement": 15643000.0,
        "Depreciation And Amortization In Income Statement": 15643000.0,
        "Depreciation Income Statement": 15643000.0,
        "Selling General And Administration": 11478000.0,
        "Gross Profit": 12399000.0,
        "Cost Of Revenue": 14660000.0,
        "Total Revenue": 27059000.0,
        "Operating Revenue": 27059000.0
    }
}