{
    "2023-03-31": {
        "Tax Effect Of Unusual Items": NaN,
        "Tax Rate For Calcs": NaN,
        "Normalized EBITDA": NaN,
        "Total Unusual Items": NaN,
        "Total Unusual Items Excluding Goodwill": NaN,
        "Net Income From Continuing Operation Net Minority Interest": NaN,
        "Reconciled Depreciation": NaN,
        "EBITDA": NaN,
        "EBIT": NaN,
        "Normalized Income": NaN,
        "Net Income From Continuing And Discontinued Operation": NaN,
        "Total Expenses": NaN,
        "Total Operating Income As Reported": NaN,
        "Diluted Average Shares": 102056712.0,
        "Basic Average Shares": 102056712.0,
        "Diluted EPS": -0.27,
        "Basic EPS": -0.27,
        "Diluted NI Availto Com Stockholders": NaN,
        "Net Income Common Stockholders": NaN,
        "Otherunder Preferred Stock Dividend": NaN,
        "Net Income": NaN,
        "Net Income Including Noncontrolling Interests": NaN,
        "Net Income Continuous Operations": NaN,
        "Tax Provision": NaN,
        "Pretax Income": NaN,
        "Other Income Expense": NaN,
        "Other Non Operating Income Expenses": NaN,
        "Gain On Sale Of Security": NaN,
        "Operating Income": NaN,
        "Operating Expense": NaN,
        "Research And Development": NaN,
        "Selling General And Administration": NaN,
        "General And Administrative Expense": NaN,
        "Other Gand A": NaN,
        "Total Revenue": NaN,
        "Operating Revenue": NaN
    },
    "2022-12-31": {
        "Tax Effect Of Unusual Items": NaN,
        "Tax Rate For Calcs": NaN,
        "Normalized EBITDA": NaN,
        "Total Unusual Items": NaN,
        "Total Unusual Items Excluding Goodwill": NaN,
        "Net Income From Continuing Operation Net Minority Interest": NaN,
        "Reconciled Depreciation": NaN,
        "EBITDA": NaN,
        "EBIT": NaN,
        "Normalized Income": NaN,
        "Net Income From Continuing And Discontinued Operation": NaN,
        "Total Expenses": NaN,
        "Total Operating Income As Reported": NaN,
        "Diluted Average Shares": 93993638.0,
        "Basic Average Shares": 93993638.0,
        "Diluted EPS": -0.47,
        "Basic EPS": -0.47,
        "Diluted NI Availto Com Stockholders": NaN,
        "Net Income Common Stockholders": NaN,
        "Otherunder Preferred Stock Dividend": NaN,
        "Net Income": NaN,
        "Net Income Including Noncontrolling Interests": NaN,
        "Net Income Continuous Operations": NaN,
        "Tax Provision": NaN,
        "Pretax Income": NaN,
        "Other Income Expense": NaN,
        "Other Non Operating Income Expenses": NaN,
        "Gain On Sale Of Security": NaN,
        "Operating Income": NaN,
        "Operating Expense": NaN,
        "Research And Development": NaN,
        "Selling General And Administration": NaN,
        "General And Administrative Expense": NaN,
        "Other Gand A": NaN,
        "Total Revenue": NaN,
        "Operating Revenue": NaN
    },
    "2022-09-30": {
        "Tax Effect Of Unusual Items": NaN,
        "Tax Rate For Calcs": NaN,
        "Normalized EBITDA": NaN,
        "Total Unusual Items": NaN,
        "Total Unusual Items Excluding Goodwill": NaN,
        "Net Income From Continuing Operation Net Minority Interest": NaN,
        "Reconciled Depreciation": NaN,
        "EBITDA": NaN,
        "EBIT": NaN,
        "Normalized Income": NaN,
        "Net Income From Continuing And Discontinued Operation": NaN,
        "Total Expenses": NaN,
        "Total Operating Income As Reported": NaN,
        "Diluted Average Shares": NaN,
        "Basic Average Shares": NaN,
        "Diluted EPS": NaN,
        "Basic EPS": NaN,
        "Diluted NI Availto Com Stockholders": NaN,
        "Net Income Common Stockholders": NaN,
        "Otherunder Preferred Stock Dividend": 0.0,
        "Net Income": NaN,
        "Net Income Including Noncontrolling Interests": NaN,
        "Net Income Continuous Operations": NaN,
        "Tax Provision": NaN,
        "Pretax Income": NaN,
        "Other Income Expense": NaN,
        "Other Non Operating Income Expenses": NaN,
        "Gain On Sale Of Security": NaN,
        "Operating Income": NaN,
        "Operating Expense": NaN,
        "Research And Development": NaN,
        "Selling General And Administration": NaN,
        "General And Administrative Expense": NaN,
        "Other Gand A": NaN,
        "Total Revenue": NaN,
        "Operating Revenue": NaN
    },
    "2022-06-30": {
        "Tax Effect Of Unusual Items": 0.0,
        "Tax Rate For Calcs": 0.0,
        "Normalized EBITDA": -39784000.0,
        "Total Unusual Items": 124000.0,
        "Total Unusual Items Excluding Goodwill": 124000.0,
        "Net Income From Continuing Operation Net Minority Interest": -41296000.0,
        "Reconciled Depreciation": 2504000.0,
        "EBITDA": -39660000.0,
        "EBIT": -42164000.0,
        "Net Interest Income": NaN,
        "Interest Income": NaN,
        "Normalized Income": -41420000.0,
        "Net Income From Continuing And Discontinued Operation": -41296000.0,
        "Total Expenses": 42539000.0,
        "Total Operating Income As Reported": -42164000.0,
        "Diluted Average Shares": 66479293.0,
        "Basic Average Shares": 66479293.0,
        "Diluted EPS": -0.62,
        "Basic EPS": -0.62,
        "Diluted NI Availto Com Stockholders": -41296000.0,
        "Net Income Common Stockholders": -41296000.0,
        "Net Income": -41296000.0,
        "Net Income Including Noncontrolling Interests": -41296000.0,
        "Net Income Continuous Operations": -41296000.0,
        "Tax Provision": 0.0,
        "Pretax Income": -41296000.0,
        "Other Income Expense": 868000.0,
        "Other Non Operating Income Expenses": 744000.0,
        "Gain On Sale Of Security": 124000.0,
        "Net Non Operating Interest Income Expense": NaN,
        "Interest Income Non Operating": NaN,
        "Operating Income": -42164000.0,
        "Operating Expense": 42539000.0,
        "Research And Development": 29733000.0,
        "Selling General And Administration": 12806000.0,
        "General And Administrative Expense": 12806000.0,
        "Other Gand A": 12806000.0,
        "Total Revenue": 375000.0,
        "Operating Revenue": 375000.0
    },
    "2023-06-30": {
        "Tax Effect Of Unusual Items": NaN,
        "Tax Rate For Calcs": NaN,
        "Normalized EBITDA": NaN,
        "Total Unusual Items": NaN,
        "Total Unusual Items Excluding Goodwill": NaN,
        "Net Income From Continuing Operation Net Minority Interest": NaN,
        "Reconciled Depreciation": NaN,
        "EBITDA": NaN,
        "EBIT": NaN,
        "Normalized Income": NaN,
        "Net Income From Continuing And Discontinued Operation": NaN,
        "Total Expenses": NaN,
        "Total Operating Income As Reported": NaN,
        "Diluted Average Shares": 105462414.0,
        "Basic Average Shares": 105462414.0,
        "Diluted EPS": -0.2,
        "Basic EPS": -0.2,
        "Diluted NI Availto Com Stockholders": NaN,
        "Net Income Common Stockholders": NaN,
        "Otherunder Preferred Stock Dividend": NaN,
        "Net Income": NaN,
        "Net Income Including Noncontrolling Interests": NaN,
        "Net Income Continuous Operations": NaN,
        "Tax Provision": NaN,
        "Pretax Income": NaN,
        "Other Income Expense": NaN,
        "Other Non Operating Income Expenses": NaN,
        "Gain On Sale Of Security": NaN,
        "Operating Income": NaN,
        "Operating Expense": NaN,
        "Research And Development": NaN,
        "Selling General And Administration": NaN,
        "General And Administrative Expense": NaN,
        "Other Gand A": NaN,
        "Total Revenue": NaN,
        "Operating Revenue": NaN
    },
    "2022-03-31": {
        "Diluted EPS": -0.62,
        "Total Revenue": 2,
        "Gross Profit": 2,
        "Operating Income": -38,
        "EBIT": -36,
        "Net Income": -38
    },
    "2021-12-31": {
        "Diluted EPS": -0.6,
        "Total Revenue": 2,
        "Gross Profit": 2,
        "Operating Income": -36,
        "EBIT": -34,
        "Net Income": -35
    },
    "2021-09-30": {
        "Diluted EPS": -0.12,
        "Total Revenue": 36,
        "Gross Profit": 36,
        "Operating Income": -8,
        "EBIT": -5,
        "Net Income": -6
    },
    "2021-06-30": {
        "Diluted EPS": -0.78,
        "Total Revenue": 3,
        "Gross Profit": 3,
        "Operating Income": -40,
        "EBIT": -37,
        "Net Income": -39
    },
    "2021-03-31": {
        "Diluted EPS": -0.86,
        "Total Revenue": NaN,
        "Gross Profit": NaN,
        "Operating Income": -43,
        "EBIT": -41,
        "Net Income": -42
    },
    "2020-12-31": {
        "Diluted EPS": -0.43,
        "Total Revenue": 9,
        "Gross Profit": 9,
        "Operating Income": -30,
        "EBIT": -28,
        "Net Income": -29
    },
    "2020-09-30": {
        "Diluted EPS": -0.86,
        "Total Revenue": 3,
        "Gross Profit": 3,
        "Operating Income": -34,
        "EBIT": -32,
        "Net Income": -33
    },
    "2020-06-30": {
        "Diluted EPS": -1.15,
        "Total Revenue": 3,
        "Gross Profit": 3,
        "Operating Income": -39,
        "EBIT": -36,
        "Net Income": -41
    },
    "2020-03-31": {
        "Diluted EPS": -1.38,
        "Total Revenue": 4,
        "Gross Profit": 4,
        "Operating Income": -50,
        "EBIT": -48,
        "Net Income": -47
    },
    "2019-12-31": {
        "Diluted EPS": -1.66,
        "Total Revenue": 2,
        "Gross Profit": 2,
        "Operating Income": -61,
        "EBIT": -58,
        "Net Income": -57
    },
    "2019-09-30": {
        "Diluted EPS": -1.48,
        "Total Revenue": 3,
        "Gross Profit": 3,
        "Operating Income": -54,
        "EBIT": -52,
        "Net Income": -51
    },
    "2019-06-30": {
        "Diluted EPS": -1.22,
        "Total Revenue": 8,
        "Gross Profit": 8,
        "Operating Income": -46,
        "EBIT": -42,
        "Net Income": -42
    },
    "2019-03-31": {
        "Diluted EPS": -1.36,
        "Total Revenue": 3,
        "Gross Profit": 3,
        "Operating Income": -48,
        "EBIT": -48,
        "Net Income": -44
    },
    "2018-12-31": {
        "Diluted EPS": -1.29,
        "Total Revenue": 4,
        "Gross Profit": 4,
        "Operating Income": -49,
        "EBIT": -48,
        "Net Income": -38
    },
    "2018-09-30": {
        "Diluted EPS": -1.28,
        "Total Revenue": 4,
        "Gross Profit": 4,
        "Operating Income": -38,
        "EBIT": -37,
        "Net Income": -38
    },
    "2018-06-30": {
        "Diluted EPS": -1.23,
        "Total Revenue": 5,
        "Gross Profit": 5,
        "Operating Income": -37,
        "EBIT": -36,
        "Net Income": -36
    },
    "2018-03-31": {
        "Diluted EPS": -1.26,
        "Total Revenue": 1,
        "Gross Profit": 1,
        "Operating Income": -36,
        "EBIT": -35,
        "Net Income": -35
    },
    "2017-12-31": {
        "Diluted EPS": -1.12,
        "Total Revenue": 1,
        "Gross Profit": 1,
        "Operating Income": -31,
        "EBIT": -30,
        "Net Income": -31
    },
    "2017-09-30": {
        "Diluted EPS": -0.92,
        "Total Revenue": 1,
        "Gross Profit": 1,
        "Operating Income": -26,
        "EBIT": -26,
        "Net Income": -25
    },
    "2017-06-30": {
        "Diluted EPS": -0.91,
        "Total Revenue": 1,
        "Gross Profit": 1,
        "Operating Income": -25,
        "EBIT": -24,
        "Net Income": -25
    },
    "2017-03-31": {
        "Diluted EPS": -0.9,
        "Total Revenue": 0,
        "Gross Profit": 0,
        "Operating Income": -20,
        "EBIT": -20,
        "Net Income": -21
    },
    "2016-12-31": {
        "Diluted EPS": -0.82,
        "Total Revenue": 0,
        "Gross Profit": 0,
        "Operating Income": -19,
        "EBIT": -19,
        "Net Income": -19
    },
    "2016-09-30": {
        "Diluted EPS": -0.75,
        "Total Revenue": 0,
        "Gross Profit": 0,
        "Operating Income": -17,
        "EBIT": -17,
        "Net Income": -18
    },
    "2016-06-30": {
        "Diluted EPS": -0.51,
        "Total Revenue": 0,
        "Gross Profit": 0,
        "Operating Income": -12,
        "EBIT": -11,
        "Net Income": -12
    },
    "2016-03-31": {
        "Diluted EPS": -0.36,
        "Total Revenue": NaN,
        "Gross Profit": NaN,
        "Operating Income": -8,
        "EBIT": -8,
        "Net Income": -8
    },
    "2015-12-31": {
        "Diluted EPS": -0.47,
        "Total Revenue": 0,
        "Gross Profit": 0,
        "Operating Income": -7,
        "EBIT": -7,
        "Net Income": -7
    },
    "2015-09-30": {
        "Diluted EPS": -0.54,
        "Total Revenue": NaN,
        "Gross Profit": NaN,
        "Operating Income": -5,
        "EBIT": -5,
        "Net Income": -5
    },
    "2015-06-30": {
        "Diluted EPS": -0.4,
        "Total Revenue": 0,
        "Gross Profit": 0,
        "Operating Income": -4,
        "EBIT": -4,
        "Net Income": -4
    },
    "2015-03-31": {
        "Diluted EPS": -0.42,
        "Total Revenue": 0,
        "Gross Profit": 0,
        "Operating Income": -3,
        "EBIT": -3,
        "Net Income": -3
    },
    "2014-12-31": {
        "Diluted EPS": 0.0,
        "Total Revenue": NaN,
        "Gross Profit": NaN,
        "Operating Income": NaN,
        "EBIT": NaN,
        "Net Income": NaN
    },
    "2014-09-30": {
        "Diluted EPS": -0.32,
        "Total Revenue": NaN,
        "Gross Profit": NaN,
        "Operating Income": -1,
        "EBIT": -1,
        "Net Income": -1
    },
    "2013-12-31": {
        "Diluted EPS": 0.0,
        "Total Revenue": NaN,
        "Gross Profit": NaN,
        "Operating Income": NaN,
        "EBIT": NaN,
        "Net Income": NaN
    },
    "2023-09-30": {
        "Tax Effect Of Unusual Items": 333200.0,
        "Tax Rate For Calcs": 0.17,
        "Normalized EBITDA": 4748000.0,
        "Total Unusual Items": 1960000.0,
        "Total Unusual Items Excluding Goodwill": 1960000.0,
        "Net Income From Continuing Operation Net Minority Interest": 7252000.0,
        "Reconciled Depreciation": 2264000.0,
        "EBITDA": 6708000.0,
        "EBIT": 4444000.0,
        "Normalized Income": 5625200.0,
        "Net Income From Continuing And Discontinued Operation": 7252000.0,
        "Total Expenses": 44770000.0,
        "Total Operating Income As Reported": 4444000.0,
        "Diluted Average Shares": 106975231.0,
        "Basic Average Shares": 106025063.0,
        "Diluted EPS": 0.07,
        "Basic EPS": 0.07,
        "Diluted NI Availto Com Stockholders": 6995000.0,
        "Net Income Common Stockholders": 6995000.0,
        "Otherunder Preferred Stock Dividend": 257000.0,
        "Net Income": 7252000.0,
        "Net Income Including Noncontrolling Interests": 7252000.0,
        "Net Income Continuous Operations": 7252000.0,
        "Tax Provision": -677000.0,
        "Pretax Income": 6575000.0,
        "Other Income Expense": 2131000.0,
        "Other Non Operating Income Expenses": 171000.0,
        "Gain On Sale Of Security": 1960000.0,
        "Operating Income": 4444000.0,
        "Operating Expense": 44770000.0,
        "Research And Development": 31642000.0,
        "Selling General And Administration": 13128000.0,
        "General And Administrative Expense": 13128000.0,
        "Other Gand A": 13128000.0,
        "Total Revenue": 49214000.0,
        "Operating Revenue": 49214000.0
    },
    "2023-12-31": {
        "Tax Effect Of Unusual Items": 0.0,
        "Tax Rate For Calcs": 0.0,
        "Normalized EBITDA": -18344000.0,
        "Total Unusual Items": 1844000.0,
        "Total Unusual Items Excluding Goodwill": 1844000.0,
        "Net Income From Continuing Operation Net Minority Interest": -16256000.0,
        "Reconciled Depreciation": 2182000.0,
        "EBITDA": -16500000.0,
        "EBIT": -18682000.0,
        "Normalized Income": -18100000.0,
        "Net Income From Continuing And Discontinued Operation": -16256000.0,
        "Total Expenses": 47738000.0,
        "Total Operating Income As Reported": -18682000.0,
        "Diluted Average Shares": NaN,
        "Basic Average Shares": NaN,
        "Diluted EPS": NaN,
        "Basic EPS": NaN,
        "Diluted NI Availto Com Stockholders": -16256000.0,
        "Net Income Common Stockholders": -16256000.0,
        "Otherunder Preferred Stock Dividend": NaN,
        "Net Income": -16256000.0,
        "Net Income Including Noncontrolling Interests": -16256000.0,
        "Net Income Continuous Operations": -16256000.0,
        "Tax Provision": 0.0,
        "Pretax Income": -16256000.0,
        "Other Income Expense": 2426000.0,
        "Other Non Operating Income Expenses": 582000.0,
        "Gain On Sale Of Security": 1844000.0,
        "Operating Income": -18682000.0,
        "Operating Expense": 47738000.0,
        "Research And Development": 34074000.0,
        "Selling General And Administration": 13664000.0,
        "General And Administrative Expense": 13664000.0,
        "Other Gand A": 13664000.0,
        "Total Revenue": 29056000.0,
        "Operating Revenue": 29056000.0
    },
    "2024-03-31": {
        "Tax Effect Of Unusual Items": 0.0,
        "Tax Rate For Calcs": 0.0,
        "Normalized EBITDA": -34816000.0,
        "Total Unusual Items": 2535000.0,
        "Total Unusual Items Excluding Goodwill": 2535000.0,
        "Net Income From Continuing Operation Net Minority Interest": -31558000.0,
        "Reconciled Depreciation": 2177000.0,
        "EBITDA": -32281000.0,
        "EBIT": -34458000.0,
        "Normalized Income": -34093000.0,
        "Net Income From Continuing And Discontinued Operation": -31558000.0,
        "Total Expenses": 46996000.0,
        "Total Operating Income As Reported": -34458000.0,
        "Diluted Average Shares": 129271678.0,
        "Basic Average Shares": 129271678.0,
        "Diluted EPS": -0.24,
        "Basic EPS": -0.24,
        "Diluted NI Availto Com Stockholders": -31558000.0,
        "Net Income Common Stockholders": -31558000.0,
        "Otherunder Preferred Stock Dividend": NaN,
        "Net Income": -31558000.0,
        "Net Income Including Noncontrolling Interests": -31558000.0,
        "Net Income Continuous Operations": -31558000.0,
        "Tax Provision": 0.0,
        "Pretax Income": -31558000.0,
        "Other Income Expense": 2900000.0,
        "Other Non Operating Income Expenses": 365000.0,
        "Gain On Sale Of Security": 2535000.0,
        "Operating Income": -34458000.0,
        "Operating Expense": 46996000.0,
        "Research And Development": 33447000.0,
        "Selling General And Administration": 13549000.0,
        "General And Administrative Expense": 13549000.0,
        "Other Gand A": 13549000.0,
        "Total Revenue": 12538000.0,
        "Operating Revenue": 12538000.0
    },
    "2024-06-30": {
        "Tax Effect Of Unusual Items": 0.0,
        "Tax Rate For Calcs": 0.0,
        "Normalized EBITDA": -34917000.0,
        "Total Unusual Items": 2092000.0,
        "Total Unusual Items Excluding Goodwill": 2092000.0,
        "Net Income From Continuing Operation Net Minority Interest": -32923000.0,
        "Reconciled Depreciation": 2172000.0,
        "EBITDA": -32825000.0,
        "EBIT": -34997000.0,
        "Normalized Income": -35015000.0,
        "Net Income From Continuing And Discontinued Operation": -32923000.0,
        "Total Expenses": 54689000.0,
        "Total Operating Income As Reported": -34997000.0,
        "Diluted Average Shares": 129527003.0,
        "Basic Average Shares": 129527003.0,
        "Diluted EPS": -0.25,
        "Basic EPS": -0.25,
        "Diluted NI Availto Com Stockholders": -32923000.0,
        "Net Income Common Stockholders": -32923000.0,
        "Otherunder Preferred Stock Dividend": NaN,
        "Net Income": -32923000.0,
        "Net Income Including Noncontrolling Interests": -32923000.0,
        "Net Income Continuous Operations": -32923000.0,
        "Tax Provision": 0.0,
        "Pretax Income": -32923000.0,
        "Other Income Expense": 2074000.0,
        "Other Non Operating Income Expenses": -18000.0,
        "Gain On Sale Of Security": 2092000.0,
        "Operating Income": -34997000.0,
        "Operating Expense": 54689000.0,
        "Research And Development": 40393000.0,
        "Selling General And Administration": 14296000.0,
        "General And Administrative Expense": 14296000.0,
        "Other Gand A": 14296000.0,
        "Total Revenue": 19692000.0,
        "Operating Revenue": 19692000.0
    },
    "2024-09-30": {
        "Tax Effect Of Unusual Items": 0.0,
        "Tax Rate For Calcs": 0.0,
        "Normalized EBITDA": -63555000.0,
        "Total Unusual Items": 1798000.0,
        "Total Unusual Items Excluding Goodwill": 1798000.0,
        "Net Income From Continuing Operation Net Minority Interest": -61780000.0,
        "Reconciled Depreciation": 2158000.0,
        "EBITDA": -61757000.0,
        "EBIT": -63915000.0,
        "Normalized Income": -63578000.0,
        "Net Income From Continuing And Discontinued Operation": -61780000.0,
        "Total Expenses": 56239000.0,
        "Total Operating Income As Reported": -63915000.0,
        "Diluted Average Shares": 132563467.0,
        "Basic Average Shares": 132563467.0,
        "Diluted EPS": -0.47,
        "Basic EPS": -0.47,
        "Diluted NI Availto Com Stockholders": -61780000.0,
        "Net Income Common Stockholders": -61780000.0,
        "Otherunder Preferred Stock Dividend": 0.0,
        "Net Income": -61780000.0,
        "Net Income Including Noncontrolling Interests": -61780000.0,
        "Net Income Continuous Operations": -61780000.0,
        "Tax Provision": 0.0,
        "Pretax Income": -61780000.0,
        "Other Income Expense": 2135000.0,
        "Other Non Operating Income Expenses": 337000.0,
        "Gain On Sale Of Security": 1798000.0,
        "Operating Income": -63915000.0,
        "Operating Expense": 56239000.0,
        "Research And Development": 41197000.0,
        "Selling General And Administration": 15042000.0,
        "General And Administrative Expense": 15042000.0,
        "Other Gand A": 15042000.0,
        "Total Revenue": -7676000.0,
        "Operating Revenue": -7676000.0
    }
}