{
    "2023-03-31": {
        "Tax Effect Of Unusual Items": NaN,
        "Tax Rate For Calcs": NaN,
        "Normalized EBITDA": NaN,
        "Net Income From Continuing Operation Net Minority Interest": NaN,
        "Reconciled Depreciation": NaN,
        "Reconciled Cost Of Revenue": NaN,
        "EBITDA": NaN,
        "EBIT": NaN,
        "Net Interest Income": NaN,
        "Interest Expense": NaN,
        "Interest Income": 0.0,
        "Normalized Income": NaN,
        "Net Income From Continuing And Discontinued Operation": NaN,
        "Total Expenses": NaN,
        "Total Operating Income As Reported": NaN,
        "Diluted Average Shares": NaN,
        "Basic Average Shares": NaN,
        "Diluted EPS": NaN,
        "Basic EPS": NaN,
        "Diluted NI Availto Com Stockholders": NaN,
        "Net Income Common Stockholders": NaN,
        "Preferred Stock Dividends": NaN,
        "Net Income": NaN,
        "Net Income Including Noncontrolling Interests": NaN,
        "Net Income Continuous Operations": NaN,
        "Tax Provision": NaN,
        "Pretax Income": NaN,
        "Other Income Expense": NaN,
        "Other Non Operating Income Expenses": NaN,
        "Net Non Operating Interest Income Expense": NaN,
        "Interest Expense Non Operating": NaN,
        "Interest Income Non Operating": 0.0,
        "Operating Income": NaN,
        "Operating Expense": NaN,
        "Selling General And Administration": NaN,
        "Selling And Marketing Expense": NaN,
        "General And Administrative Expense": NaN,
        "Other Gand A": NaN,
        "Gross Profit": NaN,
        "Cost Of Revenue": NaN,
        "Total Revenue": NaN,
        "Operating Revenue": NaN
    },
    "2022-12-31": {
        "Tax Effect Of Unusual Items": NaN,
        "Tax Rate For Calcs": NaN,
        "Normalized EBITDA": NaN,
        "Net Income From Continuing Operation Net Minority Interest": NaN,
        "Reconciled Depreciation": NaN,
        "Reconciled Cost Of Revenue": NaN,
        "EBITDA": NaN,
        "EBIT": NaN,
        "Net Interest Income": NaN,
        "Interest Expense": NaN,
        "Interest Income": 917.0,
        "Normalized Income": NaN,
        "Net Income From Continuing And Discontinued Operation": NaN,
        "Total Expenses": NaN,
        "Total Operating Income As Reported": NaN,
        "Diluted Average Shares": NaN,
        "Basic Average Shares": NaN,
        "Diluted EPS": NaN,
        "Basic EPS": NaN,
        "Diluted NI Availto Com Stockholders": NaN,
        "Net Income Common Stockholders": NaN,
        "Preferred Stock Dividends": NaN,
        "Net Income": NaN,
        "Net Income Including Noncontrolling Interests": NaN,
        "Net Income Continuous Operations": NaN,
        "Tax Provision": NaN,
        "Pretax Income": NaN,
        "Other Income Expense": NaN,
        "Other Non Operating Income Expenses": NaN,
        "Net Non Operating Interest Income Expense": NaN,
        "Interest Expense Non Operating": NaN,
        "Interest Income Non Operating": 917.0,
        "Operating Income": NaN,
        "Operating Expense": NaN,
        "Selling General And Administration": NaN,
        "Selling And Marketing Expense": NaN,
        "General And Administrative Expense": NaN,
        "Other Gand A": NaN,
        "Gross Profit": NaN,
        "Cost Of Revenue": NaN,
        "Total Revenue": NaN,
        "Operating Revenue": NaN
    },
    "2022-09-30": {
        "Tax Effect Of Unusual Items": NaN,
        "Tax Rate For Calcs": NaN,
        "Normalized EBITDA": NaN,
        "Net Income From Continuing Operation Net Minority Interest": NaN,
        "Reconciled Depreciation": NaN,
        "Reconciled Cost Of Revenue": NaN,
        "EBITDA": NaN,
        "EBIT": NaN,
        "Net Interest Income": NaN,
        "Interest Expense": NaN,
        "Interest Income": NaN,
        "Normalized Income": NaN,
        "Net Income From Continuing And Discontinued Operation": NaN,
        "Total Expenses": NaN,
        "Total Operating Income As Reported": NaN,
        "Diluted Average Shares": 4964529.0,
        "Basic Average Shares": 4964529.0,
        "Diluted EPS": -0.29,
        "Basic EPS": -0.29,
        "Diluted NI Availto Com Stockholders": NaN,
        "Net Income Common Stockholders": NaN,
        "Preferred Stock Dividends": NaN,
        "Net Income": NaN,
        "Net Income Including Noncontrolling Interests": NaN,
        "Net Income Discontinuous Operations": 358414.0,
        "Net Income Continuous Operations": NaN,
        "Tax Provision": NaN,
        "Pretax Income": NaN,
        "Other Income Expense": NaN,
        "Other Non Operating Income Expenses": NaN,
        "Net Non Operating Interest Income Expense": NaN,
        "Interest Expense Non Operating": NaN,
        "Interest Income Non Operating": NaN,
        "Operating Income": NaN,
        "Operating Expense": NaN,
        "Selling General And Administration": NaN,
        "Selling And Marketing Expense": NaN,
        "General And Administrative Expense": NaN,
        "Other Gand A": NaN,
        "Gross Profit": NaN,
        "Cost Of Revenue": NaN,
        "Total Revenue": NaN,
        "Operating Revenue": NaN
    },
    "2022-06-30": {
        "Tax Effect Of Unusual Items": 0.0,
        "Tax Rate For Calcs": 0.274152,
        "Normalized EBITDA": 987688.0,
        "Net Income From Continuing Operation Net Minority Interest": 257401.0,
        "Reconciled Depreciation": 542696.0,
        "Reconciled Cost Of Revenue": 3873604.0,
        "EBITDA": 987688.0,
        "EBIT": 444992.0,
        "Net Interest Income": -89467.0,
        "Interest Expense": 90371.0,
        "Interest Income": 904.0,
        "Normalized Income": 257401.0,
        "Net Income From Continuing And Discontinued Operation": 257401.0,
        "Total Expenses": 8256418.0,
        "Total Operating Income As Reported": 444443.0,
        "Diluted Average Shares": 4964529.0,
        "Basic Average Shares": 4964529.0,
        "Diluted EPS": -0.04,
        "Basic EPS": -0.04,
        "Diluted NI Availto Com Stockholders": -209212.0,
        "Net Income Common Stockholders": -209212.0,
        "Preferred Stock Dividends": 466613.0,
        "Net Income": 257401.0,
        "Net Income Including Noncontrolling Interests": 257401.0,
        "Net Income Discontinuous Operations": NaN,
        "Net Income Continuous Operations": 257401.0,
        "Tax Provision": 97220.0,
        "Pretax Income": 354621.0,
        "Other Income Expense": -355.0,
        "Other Non Operating Income Expenses": -355.0,
        "Net Non Operating Interest Income Expense": -89467.0,
        "Interest Expense Non Operating": 90371.0,
        "Interest Income Non Operating": 904.0,
        "Operating Income": 444443.0,
        "Operating Expense": 4382814.0,
        "Selling General And Administration": 4382814.0,
        "Selling And Marketing Expense": 3019613.0,
        "General And Administrative Expense": 1363201.0,
        "Other Gand A": 1363201.0,
        "Gross Profit": 4827257.0,
        "Cost Of Revenue": 3873604.0,
        "Total Revenue": 8700861.0,
        "Operating Revenue": 8700861.0
    },
    "2022-03-31": {
        "Diluted EPS": -0.11,
        "Total Revenue": 6,
        "Gross Profit": 4,
        "Operating Income": 0,
        "EBIT": 0,
        "Net Income": -1
    },
    "2021-12-31": {
        "Diluted EPS": 0.09,
        "Total Revenue": 9,
        "Gross Profit": 6,
        "Operating Income": 1,
        "EBIT": 2,
        "Net Income": 0
    },
    "2021-09-30": {
        "Diluted EPS": 0.02,
        "Total Revenue": 8,
        "Gross Profit": 4,
        "Operating Income": 1,
        "EBIT": 1,
        "Net Income": 0
    },
    "2021-06-30": {
        "Diluted EPS": 0.14,
        "Total Revenue": 9,
        "Gross Profit": 5,
        "Operating Income": 2,
        "EBIT": 2,
        "Net Income": 1
    },
    "2021-03-31": {
        "Diluted EPS": -0.05,
        "Total Revenue": 6,
        "Gross Profit": 3,
        "Operating Income": 0,
        "EBIT": 1,
        "Net Income": 0
    },
    "2020-12-31": {
        "Diluted EPS": 0.15,
        "Total Revenue": 8,
        "Gross Profit": 5,
        "Operating Income": 2,
        "EBIT": 2,
        "Net Income": 1
    },
    "2020-09-30": {
        "Diluted EPS": 0.13,
        "Total Revenue": 7,
        "Gross Profit": 4,
        "Operating Income": 1,
        "EBIT": 2,
        "Net Income": 1
    },
    "2020-06-30": {
        "Diluted EPS": 0.07,
        "Total Revenue": 6,
        "Gross Profit": 4,
        "Operating Income": 1,
        "EBIT": 1,
        "Net Income": 0
    },
    "2020-03-31": {
        "Diluted EPS": 0.11,
        "Total Revenue": 7,
        "Gross Profit": 4,
        "Operating Income": 1,
        "EBIT": 2,
        "Net Income": 1
    },
    "2019-12-31": {
        "Diluted EPS": 0.13,
        "Total Revenue": 7,
        "Gross Profit": 4,
        "Operating Income": 1,
        "EBIT": 2,
        "Net Income": 1
    },
    "2019-09-30": {
        "Diluted EPS": 0.12,
        "Total Revenue": 7,
        "Gross Profit": 4,
        "Operating Income": 1,
        "EBIT": 2,
        "Net Income": 1
    },
    "2019-06-30": {
        "Diluted EPS": 0.02,
        "Total Revenue": 6,
        "Gross Profit": 3,
        "Operating Income": 1,
        "EBIT": 1,
        "Net Income": 0
    },
    "2019-03-31": {
        "Diluted EPS": 0.03,
        "Total Revenue": 5,
        "Gross Profit": 3,
        "Operating Income": 1,
        "EBIT": 1,
        "Net Income": 0
    },
    "2018-12-31": {
        "Diluted EPS": 0.16,
        "Total Revenue": 7,
        "Gross Profit": 5,
        "Operating Income": 2,
        "EBIT": 2,
        "Net Income": 1
    },
    "2018-09-30": {
        "Diluted EPS": 0.08,
        "Total Revenue": 5,
        "Gross Profit": 4,
        "Operating Income": 1,
        "EBIT": 1,
        "Net Income": 0
    },
    "2018-06-30": {
        "Diluted EPS": 0.11,
        "Total Revenue": 6,
        "Gross Profit": 4,
        "Operating Income": 1,
        "EBIT": 2,
        "Net Income": 1
    },
    "2018-03-31": {
        "Diluted EPS": 0.02,
        "Total Revenue": 5,
        "Gross Profit": 3,
        "Operating Income": 0,
        "EBIT": 1,
        "Net Income": 0
    },
    "2017-12-31": {
        "Diluted EPS": 0.24,
        "Total Revenue": 6,
        "Gross Profit": 4,
        "Operating Income": 1,
        "EBIT": 1,
        "Net Income": 1
    },
    "2017-09-30": {
        "Diluted EPS": 0.09,
        "Total Revenue": 5,
        "Gross Profit": 3,
        "Operating Income": 1,
        "EBIT": 1,
        "Net Income": 0
    },
    "2017-06-30": {
        "Diluted EPS": 0.09,
        "Total Revenue": 5,
        "Gross Profit": 3,
        "Operating Income": 1,
        "EBIT": 1,
        "Net Income": 0
    },
    "2017-03-31": {
        "Diluted EPS": 0.04,
        "Total Revenue": 4,
        "Gross Profit": 3,
        "Operating Income": 1,
        "EBIT": 1,
        "Net Income": 0
    },
    "2016-12-31": {
        "Diluted EPS": 0.19,
        "Total Revenue": 6,
        "Gross Profit": 4,
        "Operating Income": 2,
        "EBIT": 2,
        "Net Income": 1
    },
    "2016-09-30": {
        "Diluted EPS": 0.09,
        "Total Revenue": 5,
        "Gross Profit": 3,
        "Operating Income": 1,
        "EBIT": 1,
        "Net Income": 0
    },
    "2016-06-30": {
        "Diluted EPS": 0.07,
        "Total Revenue": 5,
        "Gross Profit": 3,
        "Operating Income": 1,
        "EBIT": 1,
        "Net Income": 0
    },
    "2016-03-31": {
        "Diluted EPS": 0.08,
        "Total Revenue": 4,
        "Gross Profit": 3,
        "Operating Income": 1,
        "EBIT": 1,
        "Net Income": 0
    },
    "2015-12-31": {
        "Diluted EPS": 0.12,
        "Total Revenue": 5,
        "Gross Profit": 3,
        "Operating Income": 1,
        "EBIT": 2,
        "Net Income": 1
    },
    "2015-09-30": {
        "Diluted EPS": 0.09,
        "Total Revenue": 4,
        "Gross Profit": 3,
        "Operating Income": 1,
        "EBIT": 1,
        "Net Income": 0
    },
    "2015-06-30": {
        "Diluted EPS": 0.1,
        "Total Revenue": 5,
        "Gross Profit": 3,
        "Operating Income": 1,
        "EBIT": 1,
        "Net Income": 1
    },
    "2015-03-31": {
        "Diluted EPS": 0.06,
        "Total Revenue": 4,
        "Gross Profit": 2,
        "Operating Income": 0,
        "EBIT": 1,
        "Net Income": 0
    },
    "2014-12-31": {
        "Diluted EPS": 0.17,
        "Total Revenue": 4,
        "Gross Profit": 3,
        "Operating Income": 1,
        "EBIT": 1,
        "Net Income": 1
    },
    "2014-09-30": {
        "Diluted EPS": 0.12,
        "Total Revenue": 4,
        "Gross Profit": 3,
        "Operating Income": 1,
        "EBIT": 1,
        "Net Income": 1
    },
    "2014-06-30": {
        "Diluted EPS": 0.11,
        "Total Revenue": 4,
        "Gross Profit": 2,
        "Operating Income": 1,
        "EBIT": 1,
        "Net Income": 1
    },
    "2014-03-31": {
        "Diluted EPS": 0.04,
        "Total Revenue": 3,
        "Gross Profit": 2,
        "Operating Income": 0,
        "EBIT": 0,
        "Net Income": 0
    },
    "2013-12-31": {
        "Diluted EPS": 0.07,
        "Total Revenue": 4,
        "Gross Profit": 2,
        "Operating Income": 1,
        "EBIT": 1,
        "Net Income": 0
    },
    "2013-09-30": {
        "Diluted EPS": 0.05,
        "Total Revenue": 3,
        "Gross Profit": 2,
        "Operating Income": 0,
        "EBIT": 1,
        "Net Income": 0
    },
    "2013-06-30": {
        "Diluted EPS": 0.11,
        "Total Revenue": 4,
        "Gross Profit": 2,
        "Operating Income": 1,
        "EBIT": 1,
        "Net Income": 1
    },
    "2013-03-31": {
        "Diluted EPS": 0.06,
        "Total Revenue": 3,
        "Gross Profit": 2,
        "Operating Income": 0,
        "EBIT": 1,
        "Net Income": 0
    },
    "2012-12-31": {
        "Diluted EPS": 0.1,
        "Total Revenue": 4,
        "Gross Profit": 2,
        "Operating Income": 1,
        "EBIT": 1,
        "Net Income": 1
    },
    "2012-09-30": {
        "Diluted EPS": 0.06,
        "Total Revenue": 3,
        "Gross Profit": 2,
        "Operating Income": 1,
        "EBIT": 1,
        "Net Income": 0
    },
    "2012-06-30": {
        "Diluted EPS": 0.05,
        "Total Revenue": 3,
        "Gross Profit": 2,
        "Operating Income": 0,
        "EBIT": 1,
        "Net Income": 0
    },
    "2012-03-31": {
        "Diluted EPS": 0.04,
        "Total Revenue": 3,
        "Gross Profit": 2,
        "Operating Income": 0,
        "EBIT": 1,
        "Net Income": 0
    },
    "2011-12-31": {
        "Diluted EPS": 0.06,
        "Total Revenue": 4,
        "Gross Profit": 3,
        "Operating Income": 2,
        "EBIT": 3,
        "Net Income": 0
    },
    "2011-09-30": {
        "Diluted EPS": 0.08,
        "Total Revenue": 3,
        "Gross Profit": 2,
        "Operating Income": 1,
        "EBIT": 1,
        "Net Income": 0
    },
    "2011-06-30": {
        "Diluted EPS": 0.04,
        "Total Revenue": 3,
        "Gross Profit": 2,
        "Operating Income": 1,
        "EBIT": 1,
        "Net Income": 0
    },
    "2011-03-31": {
        "Diluted EPS": 0.01,
        "Total Revenue": 4,
        "Gross Profit": 2,
        "Operating Income": 0,
        "EBIT": 0,
        "Net Income": 0
    },
    "2010-12-31": {
        "Diluted EPS": 0.06,
        "Total Revenue": 5,
        "Gross Profit": 2,
        "Operating Income": 1,
        "EBIT": 1,
        "Net Income": 0
    },
    "2010-09-30": {
        "Diluted EPS": 0.03,
        "Total Revenue": 5,
        "Gross Profit": 2,
        "Operating Income": 0,
        "EBIT": 1,
        "Net Income": 0
    },
    "2010-06-30": {
        "Diluted EPS": 0.03,
        "Total Revenue": 4,
        "Gross Profit": 2,
        "Operating Income": 0,
        "EBIT": 0,
        "Net Income": 0
    },
    "2010-03-31": {
        "Diluted EPS": -0.04,
        "Total Revenue": 4,
        "Gross Profit": 1,
        "Operating Income": 0,
        "EBIT": 0,
        "Net Income": 0
    },
    "2009-12-31": {
        "Diluted EPS": 0.01,
        "Total Revenue": 5,
        "Gross Profit": 2,
        "Operating Income": 0,
        "EBIT": 0,
        "Net Income": 0
    },
    "2009-09-30": {
        "Diluted EPS": 0.05,
        "Total Revenue": 4,
        "Gross Profit": 2,
        "Operating Income": 0,
        "EBIT": 1,
        "Net Income": 0
    },
    "2009-06-30": {
        "Diluted EPS": 0.05,
        "Total Revenue": 4,
        "Gross Profit": 2,
        "Operating Income": 0,
        "EBIT": 1,
        "Net Income": 0
    },
    "2009-03-31": {
        "Diluted EPS": 0.03,
        "Total Revenue": 3,
        "Gross Profit": 2,
        "Operating Income": 0,
        "EBIT": 0,
        "Net Income": 0
    },
    "2023-06-30": {
        "Tax Effect Of Unusual Items": NaN,
        "Tax Rate For Calcs": NaN,
        "Normalized EBITDA": NaN,
        "Net Income From Continuing Operation Net Minority Interest": NaN,
        "Reconciled Depreciation": NaN,
        "Reconciled Cost Of Revenue": NaN,
        "EBITDA": NaN,
        "EBIT": NaN,
        "Net Interest Income": NaN,
        "Interest Expense": NaN,
        "Interest Income": 5.0,
        "Normalized Income": NaN,
        "Net Income From Continuing And Discontinued Operation": NaN,
        "Total Expenses": NaN,
        "Total Operating Income As Reported": 308839.0,
        "Diluted Average Shares": 4964529.0,
        "Basic Average Shares": 4964529.0,
        "Diluted EPS": -0.08,
        "Basic EPS": -0.08,
        "Diluted NI Availto Com Stockholders": NaN,
        "Net Income Common Stockholders": NaN,
        "Preferred Stock Dividends": NaN,
        "Net Income": NaN,
        "Net Income Including Noncontrolling Interests": NaN,
        "Net Income Continuous Operations": NaN,
        "Tax Provision": NaN,
        "Pretax Income": NaN,
        "Other Income Expense": NaN,
        "Other Non Operating Income Expenses": NaN,
        "Net Non Operating Interest Income Expense": NaN,
        "Interest Expense Non Operating": NaN,
        "Interest Income Non Operating": 5.0,
        "Operating Income": NaN,
        "Operating Expense": NaN,
        "Selling General And Administration": NaN,
        "Selling And Marketing Expense": NaN,
        "General And Administrative Expense": NaN,
        "Other Gand A": NaN,
        "Gross Profit": NaN,
        "Cost Of Revenue": NaN,
        "Total Revenue": NaN,
        "Operating Revenue": NaN
    },
    "2023-09-30": {
        "Tax Effect Of Unusual Items": 0.0,
        "Tax Rate For Calcs": 0.273899,
        "Normalized EBITDA": 500131.0,
        "Net Income From Continuing Operation Net Minority Interest": -326982.0,
        "Reconciled Depreciation": 779185.0,
        "Reconciled Cost Of Revenue": 3663488.0,
        "EBITDA": 500131.0,
        "EBIT": -279054.0,
        "Net Interest Income": -171272.0,
        "Interest Expense": 171272.0,
        "Interest Income": 14.0,
        "Normalized Income": -326982.0,
        "Net Income From Continuing And Discontinued Operation": -326982.0,
        "Total Expenses": 9630834.0,
        "Total Operating Income As Reported": -282768.0,
        "Diluted Average Shares": 4964529.0,
        "Basic Average Shares": 4964529.0,
        "Diluted EPS": -0.17,
        "Basic EPS": -0.17,
        "Diluted NI Availto Com Stockholders": -838701.0,
        "Net Income Common Stockholders": -838701.0,
        "Preferred Stock Dividends": 511719.0,
        "Net Income": -326982.0,
        "Net Income Including Noncontrolling Interests": -326982.0,
        "Net Income Continuous Operations": -326982.0,
        "Tax Provision": -123344.0,
        "Pretax Income": -450326.0,
        "Other Income Expense": 3714.0,
        "Other Non Operating Income Expenses": 3714.0,
        "Net Non Operating Interest Income Expense": -171272.0,
        "Interest Expense Non Operating": 171272.0,
        "Interest Income Non Operating": 14.0,
        "Operating Income": -282768.0,
        "Operating Expense": 5967346.0,
        "Selling General And Administration": 5967346.0,
        "Selling And Marketing Expense": 4351879.0,
        "General And Administrative Expense": 1615467.0,
        "Other Gand A": 1615467.0,
        "Gross Profit": 5684578.0,
        "Cost Of Revenue": 3663488.0,
        "Total Revenue": 9348066.0,
        "Operating Revenue": 9348066.0
    },
    "2023-12-31": {
        "Tax Effect Of Unusual Items": 0.0,
        "Tax Rate For Calcs": 0.346019,
        "Normalized EBITDA": 880611.0,
        "Net Income From Continuing Operation Net Minority Interest": -235241.0,
        "Reconciled Depreciation": 1106520.0,
        "Reconciled Cost Of Revenue": 4609356.0,
        "EBITDA": 880611.0,
        "EBIT": -225909.0,
        "Net Interest Income": -133789.0,
        "Interest Expense": 133797.0,
        "Interest Income": 8.0,
        "Normalized Income": -235241.0,
        "Net Income From Continuing And Discontinued Operation": -235241.0,
        "Total Expenses": 11011188.0,
        "Total Operating Income As Reported": -258323.0,
        "Diluted Average Shares": NaN,
        "Basic Average Shares": NaN,
        "Diluted EPS": NaN,
        "Basic EPS": NaN,
        "Diluted NI Availto Com Stockholders": -747180.0,
        "Net Income Common Stockholders": -747180.0,
        "Preferred Stock Dividends": 511939.0,
        "Net Income": -235241.0,
        "Net Income Including Noncontrolling Interests": -235241.0,
        "Net Income Continuous Operations": -235241.0,
        "Tax Provision": -124465.0,
        "Pretax Income": -359706.0,
        "Other Income Expense": 32406.0,
        "Other Non Operating Income Expenses": 32406.0,
        "Net Non Operating Interest Income Expense": -133789.0,
        "Interest Expense Non Operating": 133797.0,
        "Interest Income Non Operating": 8.0,
        "Operating Income": -258323.0,
        "Operating Expense": 6401832.0,
        "Selling General And Administration": 6401832.0,
        "Selling And Marketing Expense": 4878601.0,
        "General And Administrative Expense": 1523231.0,
        "Other Gand A": 1523231.0,
        "Gross Profit": 6143509.0,
        "Cost Of Revenue": 4609356.0,
        "Total Revenue": 10752865.0,
        "Operating Revenue": 11184579.0
    },
    "2024-03-31": {
        "Tax Effect Of Unusual Items": 0.0,
        "Tax Rate For Calcs": 0.289299,
        "Normalized EBITDA": 328985.0,
        "Net Income From Continuing Operation Net Minority Interest": -521805.0,
        "Reconciled Depreciation": 833510.0,
        "Reconciled Cost Of Revenue": 3530358.0,
        "EBITDA": 328985.0,
        "EBIT": -504525.0,
        "Net Interest Income": -229687.0,
        "Interest Expense": 229687.0,
        "Interest Income": NaN,
        "Normalized Income": -521805.0,
        "Net Income From Continuing And Discontinued Operation": -521805.0,
        "Total Expenses": 9405657.0,
        "Total Operating Income As Reported": -602577.0,
        "Diluted Average Shares": 4964529.0,
        "Basic Average Shares": 4964529.0,
        "Diluted EPS": -0.22,
        "Basic EPS": -0.22,
        "Diluted NI Availto Com Stockholders": -1084982.0,
        "Net Income Common Stockholders": -1084982.0,
        "Preferred Stock Dividends": 563177.0,
        "Net Income": -521805.0,
        "Net Income Including Noncontrolling Interests": -521805.0,
        "Net Income Continuous Operations": -521805.0,
        "Tax Provision": -212407.0,
        "Pretax Income": -734212.0,
        "Other Income Expense": 98052.0,
        "Other Non Operating Income Expenses": 98052.0,
        "Net Non Operating Interest Income Expense": -229687.0,
        "Interest Expense Non Operating": 229687.0,
        "Interest Income Non Operating": NaN,
        "Operating Income": -602577.0,
        "Operating Expense": 5875299.0,
        "Selling General And Administration": 5875299.0,
        "Selling And Marketing Expense": 4027782.0,
        "General And Administrative Expense": 1847517.0,
        "Other Gand A": 1847517.0,
        "Gross Profit": 5272722.0,
        "Cost Of Revenue": 3530358.0,
        "Total Revenue": 8803080.0,
        "Operating Revenue": 8803080.0
    },
    "2024-06-30": {
        "Tax Effect Of Unusual Items": 0.0,
        "Tax Rate For Calcs": 0.289299,
        "Normalized EBITDA": 1371940.0,
        "Net Income From Continuing Operation Net Minority Interest": 195978.0,
        "Reconciled Depreciation": 832493.0,
        "Reconciled Cost Of Revenue": 3860668.0,
        "EBITDA": 1371940.0,
        "EBIT": 539447.0,
        "Net Interest Income": -263694.0,
        "Interest Expense": 263694.0,
        "Interest Income": NaN,
        "Normalized Income": 195978.0,
        "Net Income From Continuing And Discontinued Operation": 195978.0,
        "Total Expenses": 9795452.0,
        "Total Operating Income As Reported": 536906.0,
        "Diluted Average Shares": 4964529.0,
        "Basic Average Shares": 4964529.0,
        "Diluted EPS": -0.07,
        "Basic EPS": -0.07,
        "Diluted NI Availto Com Stockholders": -367271.0,
        "Net Income Common Stockholders": -367271.0,
        "Preferred Stock Dividends": 563249.0,
        "Net Income": 195978.0,
        "Net Income Including Noncontrolling Interests": 195978.0,
        "Net Income Continuous Operations": 195978.0,
        "Tax Provision": 79775.0,
        "Pretax Income": 275753.0,
        "Other Income Expense": 2541.0,
        "Other Non Operating Income Expenses": 2541.0,
        "Net Non Operating Interest Income Expense": -263694.0,
        "Interest Expense Non Operating": 263694.0,
        "Interest Income Non Operating": NaN,
        "Operating Income": 536906.0,
        "Operating Expense": 5934784.0,
        "Selling General And Administration": 5934784.0,
        "Selling And Marketing Expense": 4338171.0,
        "General And Administrative Expense": 1596613.0,
        "Other Gand A": 1596613.0,
        "Gross Profit": 6471690.0,
        "Cost Of Revenue": 3860668.0,
        "Total Revenue": 10332358.0,
        "Operating Revenue": 10332358.0
    },
    "2024-09-30": {
        "Tax Effect Of Unusual Items": 0.0,
        "Tax Rate For Calcs": 0.289301,
        "Normalized EBITDA": 686173.0,
        "Net Income From Continuing Operation Net Minority Interest": -282945.0,
        "Reconciled Depreciation": 827103.0,
        "Reconciled Cost Of Revenue": 3562599.0,
        "EBITDA": 686173.0,
        "EBIT": -140930.0,
        "Net Interest Income": -257192.0,
        "Interest Expense": 257192.0,
        "Interest Income": NaN,
        "Normalized Income": -282945.0,
        "Net Income From Continuing And Discontinued Operation": -282945.0,
        "Total Expenses": 9507219.0,
        "Total Operating Income As Reported": NaN,
        "Diluted Average Shares": 4964529.0,
        "Basic Average Shares": 4964529.0,
        "Diluted EPS": -0.17,
        "Basic EPS": -0.17,
        "Diluted NI Availto Com Stockholders": -846195.0,
        "Net Income Common Stockholders": -846195.0,
        "Preferred Stock Dividends": 563250.0,
        "Net Income": -282945.0,
        "Net Income Including Noncontrolling Interests": -282945.0,
        "Net Income Continuous Operations": -282945.0,
        "Tax Provision": -115177.0,
        "Pretax Income": -398122.0,
        "Other Income Expense": -4424.0,
        "Other Non Operating Income Expenses": -4424.0,
        "Net Non Operating Interest Income Expense": -257192.0,
        "Interest Expense Non Operating": 257192.0,
        "Interest Income Non Operating": NaN,
        "Operating Income": -136506.0,
        "Operating Expense": 5944620.0,
        "Selling General And Administration": 5944620.0,
        "Selling And Marketing Expense": 4326851.0,
        "General And Administrative Expense": 1617769.0,
        "Other Gand A": 1617769.0,
        "Gross Profit": 5808114.0,
        "Cost Of Revenue": 3562599.0,
        "Total Revenue": 9370713.0,
        "Operating Revenue": 9370713.0
    }
}