{
    "2023-03-31": {
        "Tax Effect Of Unusual Items": NaN,
        "Tax Rate For Calcs": NaN,
        "Normalized EBITDA": NaN,
        "Total Unusual Items": NaN,
        "Total Unusual Items Excluding Goodwill": NaN,
        "Net Income From Continuing Operation Net Minority Interest": NaN,
        "Reconciled Depreciation": NaN,
        "Reconciled Cost Of Revenue": NaN,
        "EBITDA": NaN,
        "EBIT": NaN,
        "Net Interest Income": NaN,
        "Interest Expense": NaN,
        "Normalized Income": NaN,
        "Net Income From Continuing And Discontinued Operation": NaN,
        "Total Expenses": NaN,
        "Total Operating Income As Reported": NaN,
        "Diluted Average Shares": 70596000.0,
        "Basic Average Shares": 70596000.0,
        "Diluted EPS": -1.68,
        "Basic EPS": -1.68,
        "Diluted NI Availto Com Stockholders": NaN,
        "Net Income Common Stockholders": NaN,
        "Net Income": NaN,
        "Net Income Including Noncontrolling Interests": NaN,
        "Net Income Continuous Operations": NaN,
        "Tax Provision": NaN,
        "Pretax Income": NaN,
        "Other Income Expense": NaN,
        "Other Non Operating Income Expenses": NaN,
        "Special Income Charges": NaN,
        "Impairment Of Capital Assets": NaN,
        "Net Non Operating Interest Income Expense": NaN,
        "Interest Expense Non Operating": NaN,
        "Operating Income": NaN,
        "Operating Expense": NaN,
        "Selling General And Administration": NaN,
        "Selling And Marketing Expense": NaN,
        "General And Administrative Expense": NaN,
        "Other Gand A": NaN,
        "Gross Profit": NaN,
        "Cost Of Revenue": NaN,
        "Total Revenue": NaN,
        "Operating Revenue": NaN
    },
    "2022-12-31": {
        "Tax Effect Of Unusual Items": -12088860.0,
        "Tax Rate For Calcs": 0.21,
        "Normalized EBITDA": 18851000.0,
        "Total Unusual Items": -57566000.0,
        "Total Unusual Items Excluding Goodwill": -57566000.0,
        "Net Income From Continuing Operation Net Minority Interest": -32501000.0,
        "Reconciled Depreciation": 10430000.0,
        "Reconciled Cost Of Revenue": 96935000.0,
        "EBITDA": -38715000.0,
        "EBIT": -49145000.0,
        "Net Interest Income": -22304000.0,
        "Interest Expense": 22304000.0,
        "Normalized Income": 12976140.0,
        "Net Income From Continuing And Discontinued Operation": -32501000.0,
        "Total Expenses": 217115000.0,
        "Total Operating Income As Reported": -50757000.0,
        "Diluted Average Shares": 70509000.0,
        "Basic Average Shares": 70509000.0,
        "Diluted EPS": -0.46,
        "Basic EPS": -0.46,
        "Diluted NI Availto Com Stockholders": -32501000.0,
        "Net Income Common Stockholders": -32501000.0,
        "Net Income": -32501000.0,
        "Net Income Including Noncontrolling Interests": -32501000.0,
        "Net Income Continuous Operations": -32501000.0,
        "Tax Provision": -38948000.0,
        "Pretax Income": -71449000.0,
        "Other Income Expense": -55954000.0,
        "Other Non Operating Income Expenses": 1612000.0,
        "Special Income Charges": -57566000.0,
        "Impairment Of Capital Assets": 57566000.0,
        "Net Non Operating Interest Income Expense": -22304000.0,
        "Interest Expense Non Operating": 22304000.0,
        "Operating Income": 6809000.0,
        "Operating Expense": 120180000.0,
        "Selling General And Administration": 120180000.0,
        "Selling And Marketing Expense": 49660000.0,
        "General And Administrative Expense": 70520000.0,
        "Other Gand A": 70520000.0,
        "Gross Profit": 126989000.0,
        "Cost Of Revenue": 96935000.0,
        "Total Revenue": 223924000.0,
        "Operating Revenue": 223924000.0
    },
    "2022-09-30": {
        "Tax Effect Of Unusual Items": -80061696.0,
        "Tax Rate For Calcs": 0.256,
        "Normalized EBITDA": 67447000.0,
        "Total Unusual Items": -312741000.0,
        "Total Unusual Items Excluding Goodwill": -312741000.0,
        "Net Income From Continuing Operation Net Minority Interest": -206036000.0,
        "Reconciled Depreciation": 10579000.0,
        "Reconciled Cost Of Revenue": 97367000.0,
        "EBITDA": -245294000.0,
        "EBIT": -255873000.0,
        "Net Interest Income": -20912000.0,
        "Interest Expense": 20912000.0,
        "Normalized Income": 26643304.0,
        "Net Income From Continuing And Discontinued Operation": -206036000.0,
        "Total Expenses": 191506000.0,
        "Total Operating Income As Reported": -254529000.0,
        "Diluted Average Shares": 70383000.0,
        "Basic Average Shares": 70383000.0,
        "Diluted EPS": -2.93,
        "Basic EPS": -2.93,
        "Diluted NI Availto Com Stockholders": -206036000.0,
        "Net Income Common Stockholders": -206036000.0,
        "Net Income": -206036000.0,
        "Net Income Including Noncontrolling Interests": -206036000.0,
        "Net Income Continuous Operations": -206036000.0,
        "Tax Provision": -70749000.0,
        "Pretax Income": -276785000.0,
        "Other Income Expense": -314085000.0,
        "Other Non Operating Income Expenses": -1344000.0,
        "Special Income Charges": -312741000.0,
        "Impairment Of Capital Assets": 312741000.0,
        "Net Non Operating Interest Income Expense": -20912000.0,
        "Interest Expense Non Operating": 20912000.0,
        "Operating Income": 58212000.0,
        "Operating Expense": 94139000.0,
        "Selling General And Administration": 94139000.0,
        "Selling And Marketing Expense": 35696000.0,
        "General And Administrative Expense": 58443000.0,
        "Other Gand A": 58443000.0,
        "Gross Profit": 152351000.0,
        "Cost Of Revenue": 97367000.0,
        "Total Revenue": 249718000.0,
        "Operating Revenue": 249718000.0
    },
    "2022-06-30": {
        "Tax Effect Of Unusual Items": -10145280.0,
        "Tax Rate For Calcs": 0.384,
        "Normalized EBITDA": 50206000.0,
        "Total Unusual Items": -26420000.0,
        "Total Unusual Items Excluding Goodwill": -26420000.0,
        "Net Income From Continuing Operation Net Minority Interest": -4623000.0,
        "Reconciled Depreciation": 12033000.0,
        "Reconciled Cost Of Revenue": 106492000.0,
        "EBITDA": 23786000.0,
        "EBIT": 11753000.0,
        "Net Interest Income": -19255000.0,
        "Interest Expense": 19255000.0,
        "Normalized Income": 11651720.0,
        "Net Income From Continuing And Discontinued Operation": -4623000.0,
        "Total Expenses": 229668000.0,
        "Total Operating Income As Reported": 13366000.0,
        "Diluted Average Shares": 70305000.0,
        "Basic Average Shares": 70305000.0,
        "Diluted EPS": -0.07,
        "Basic EPS": -0.07,
        "Diluted NI Availto Com Stockholders": -4623000.0,
        "Net Income Common Stockholders": -4623000.0,
        "Net Income": -4623000.0,
        "Net Income Including Noncontrolling Interests": -4623000.0,
        "Net Income Continuous Operations": -4623000.0,
        "Tax Provision": -2879000.0,
        "Pretax Income": -7502000.0,
        "Other Income Expense": -28033000.0,
        "Other Non Operating Income Expenses": -1613000.0,
        "Special Income Charges": -26420000.0,
        "Impairment Of Capital Assets": 26420000.0,
        "Net Non Operating Interest Income Expense": -19255000.0,
        "Interest Expense Non Operating": 19255000.0,
        "Operating Income": 39786000.0,
        "Operating Expense": 123176000.0,
        "Selling General And Administration": 123176000.0,
        "Selling And Marketing Expense": 51857000.0,
        "General And Administrative Expense": 71319000.0,
        "Other Gand A": 71319000.0,
        "Gross Profit": 162962000.0,
        "Cost Of Revenue": 106492000.0,
        "Total Revenue": 269454000.0,
        "Operating Revenue": 269454000.0
    },
    "2023-06-30": {
        "Tax Effect Of Unusual Items": 0.0,
        "Tax Rate For Calcs": 0.21,
        "Normalized EBITDA": 39717000.0,
        "Total Unusual Items": 0.0,
        "Total Unusual Items Excluding Goodwill": 0.0,
        "Net Income From Continuing Operation Net Minority Interest": 50828000.0,
        "Reconciled Depreciation": 12880000.0,
        "Reconciled Cost Of Revenue": 83650000.0,
        "EBITDA": 39717000.0,
        "EBIT": 26837000.0,
        "Net Interest Income": -24075000.0,
        "Interest Expense": 24075000.0,
        "Normalized Income": 50828000.0,
        "Net Income From Continuing And Discontinued Operation": 50828000.0,
        "Total Expenses": 200513000.0,
        "Total Operating Income As Reported": 26317000.0,
        "Diluted Average Shares": 78591000.0,
        "Basic Average Shares": 78007000.0,
        "Diluted EPS": 0.65,
        "Basic EPS": 0.65,
        "Diluted NI Availto Com Stockholders": 50828000.0,
        "Net Income Common Stockholders": 50828000.0,
        "Net Income": 50828000.0,
        "Net Income Including Noncontrolling Interests": 50828000.0,
        "Net Income Continuous Operations": 50828000.0,
        "Tax Provision": -48066000.0,
        "Pretax Income": 2762000.0,
        "Other Income Expense": 520000.0,
        "Other Non Operating Income Expenses": 520000.0,
        "Special Income Charges": 0.0,
        "Impairment Of Capital Assets": 0.0,
        "Net Non Operating Interest Income Expense": -24075000.0,
        "Interest Expense Non Operating": 24075000.0,
        "Operating Income": 26317000.0,
        "Operating Expense": 116863000.0,
        "Selling General And Administration": 116863000.0,
        "Selling And Marketing Expense": 51119000.0,
        "General And Administrative Expense": 65744000.0,
        "Other Gand A": 65744000.0,
        "Gross Profit": 143180000.0,
        "Cost Of Revenue": 83650000.0,
        "Total Revenue": 226830000.0,
        "Operating Revenue": 226830000.0
    },
    "2023-09-30": {
        "Tax Effect Of Unusual Items": 0.0,
        "Tax Rate For Calcs": 0.21,
        "Normalized EBITDA": 44728000.0,
        "Total Unusual Items": 0.0,
        "Total Unusual Items Excluding Goodwill": 0.0,
        "Net Income From Continuing Operation Net Minority Interest": 43731000.0,
        "Reconciled Depreciation": 14936000.0,
        "Reconciled Cost Of Revenue": 73116000.0,
        "EBITDA": 44728000.0,
        "EBIT": 29792000.0,
        "Net Interest Income": -24508000.0,
        "Interest Expense": 24508000.0,
        "Normalized Income": 43731000.0,
        "Net Income From Continuing And Discontinued Operation": 43731000.0,
        "Total Expenses": 184264000.0,
        "Total Operating Income As Reported": 30607000.0,
        "Diluted Average Shares": 80638000.0,
        "Basic Average Shares": 78979000.0,
        "Diluted EPS": 0.54,
        "Basic EPS": 0.55,
        "Diluted NI Availto Com Stockholders": 43731000.0,
        "Net Income Common Stockholders": 43731000.0,
        "Net Income": 43731000.0,
        "Net Income Including Noncontrolling Interests": 43731000.0,
        "Net Income Continuous Operations": 43731000.0,
        "Tax Provision": -38447000.0,
        "Pretax Income": 5284000.0,
        "Other Income Expense": -815000.0,
        "Other Non Operating Income Expenses": -815000.0,
        "Special Income Charges": 0.0,
        "Impairment Of Capital Assets": 0.0,
        "Net Non Operating Interest Income Expense": -24508000.0,
        "Interest Expense Non Operating": 24508000.0,
        "Operating Income": 30607000.0,
        "Operating Expense": 111148000.0,
        "Selling General And Administration": 111148000.0,
        "Selling And Marketing Expense": 48114000.0,
        "General And Administrative Expense": 63034000.0,
        "Other Gand A": 63034000.0,
        "Gross Profit": 141755000.0,
        "Cost Of Revenue": 73116000.0,
        "Total Revenue": 214871000.0,
        "Operating Revenue": 214871000.0
    },
    "2023-12-31": {
        "Tax Effect Of Unusual Items": -762930.0,
        "Tax Rate For Calcs": 0.21,
        "Normalized EBITDA": 10184000.0,
        "Total Unusual Items": -3633000.0,
        "Total Unusual Items Excluding Goodwill": -3633000.0,
        "Net Income From Continuing Operation Net Minority Interest": -88135000.0,
        "Reconciled Depreciation": 12666000.0,
        "Reconciled Cost Of Revenue": 81100000.0,
        "EBITDA": 6551000.0,
        "EBIT": -6115000.0,
        "Net Interest Income": -24464000.0,
        "Interest Expense": 24464000.0,
        "Normalized Income": -85264930.0,
        "Net Income From Continuing And Discontinued Operation": -88135000.0,
        "Total Expenses": 208331000.0,
        "Total Operating Income As Reported": -6007000.0,
        "Diluted Average Shares": 79125000.0,
        "Basic Average Shares": 79125000.0,
        "Diluted EPS": -1.11,
        "Basic EPS": -1.11,
        "Diluted NI Availto Com Stockholders": -88135000.0,
        "Net Income Common Stockholders": -88135000.0,
        "Net Income": -88135000.0,
        "Net Income Including Noncontrolling Interests": -88135000.0,
        "Net Income Continuous Operations": -88135000.0,
        "Tax Provision": 57556000.0,
        "Pretax Income": -30579000.0,
        "Other Income Expense": -3741000.0,
        "Other Non Operating Income Expenses": -108000.0,
        "Special Income Charges": -3633000.0,
        "Impairment Of Capital Assets": 3633000.0,
        "Net Non Operating Interest Income Expense": -24464000.0,
        "Interest Expense Non Operating": 24464000.0,
        "Operating Income": -2374000.0,
        "Operating Expense": 127231000.0,
        "Selling General And Administration": 127231000.0,
        "Selling And Marketing Expense": 50919000.0,
        "General And Administrative Expense": 76312000.0,
        "Other Gand A": 76312000.0,
        "Gross Profit": 124857000.0,
        "Cost Of Revenue": 81100000.0,
        "Total Revenue": 205957000.0,
        "Operating Revenue": 205957000.0
    },
    "2024-03-31": {
        "Tax Effect Of Unusual Items": -54177480.0,
        "Tax Rate For Calcs": 0.21,
        "Normalized EBITDA": 664000.0,
        "Total Unusual Items": -257988000.0,
        "Total Unusual Items Excluding Goodwill": -257988000.0,
        "Net Income From Continuing Operation Net Minority Interest": -347902000.0,
        "Reconciled Depreciation": 10403000.0,
        "Reconciled Cost Of Revenue": 68748000.0,
        "EBITDA": -257324000.0,
        "EBIT": -267727000.0,
        "Net Interest Income": -24727000.0,
        "Interest Expense": 24727000.0,
        "Normalized Income": -144091480.0,
        "Net Income From Continuing And Discontinued Operation": -347902000.0,
        "Total Expenses": 217892000.0,
        "Total Operating Income As Reported": -269332000.0,
        "Diluted Average Shares": 79208000.0,
        "Basic Average Shares": 79208000.0,
        "Diluted EPS": -4.39,
        "Basic EPS": -4.39,
        "Diluted NI Availto Com Stockholders": -347902000.0,
        "Net Income Common Stockholders": -347902000.0,
        "Net Income": -347902000.0,
        "Net Income Including Noncontrolling Interests": -347902000.0,
        "Net Income Continuous Operations": -347902000.0,
        "Tax Provision": 55448000.0,
        "Pretax Income": -292454000.0,
        "Other Income Expense": -256383000.0,
        "Other Non Operating Income Expenses": 1605000.0,
        "Special Income Charges": -257988000.0,
        "Impairment Of Capital Assets": 257988000.0,
        "Net Non Operating Interest Income Expense": -24727000.0,
        "Interest Expense Non Operating": 24727000.0,
        "Operating Income": -11344000.0,
        "Operating Expense": 149144000.0,
        "Selling General And Administration": 149144000.0,
        "Selling And Marketing Expense": 90162000.0,
        "General And Administrative Expense": 58982000.0,
        "Other Gand A": 58982000.0,
        "Gross Profit": 137800000.0,
        "Cost Of Revenue": 68748000.0,
        "Total Revenue": 206548000.0,
        "Operating Revenue": 204056000.0
    },
    "2024-06-30": {
        "Tax Effect Of Unusual Items": 0.0,
        "Tax Rate For Calcs": 0.21,
        "Normalized EBITDA": 45556000.0,
        "Total Unusual Items": 0.0,
        "Total Unusual Items Excluding Goodwill": 0.0,
        "Net Income From Continuing Operation Net Minority Interest": 23269000.0,
        "Reconciled Depreciation": 9545000.0,
        "Reconciled Cost Of Revenue": 64779000.0,
        "EBITDA": 45556000.0,
        "EBIT": 36011000.0,
        "Net Interest Income": -28577000.0,
        "Interest Expense": 28577000.0,
        "Normalized Income": 23269000.0,
        "Net Income From Continuing And Discontinued Operation": 23269000.0,
        "Total Expenses": 166140000.0,
        "Total Operating Income As Reported": 35933000.0,
        "Diluted Average Shares": 79825000.0,
        "Basic Average Shares": 79483000.0,
        "Diluted EPS": 0.29,
        "Basic EPS": 0.29,
        "Diluted NI Availto Com Stockholders": 23269000.0,
        "Net Income Common Stockholders": 23269000.0,
        "Net Income": 23269000.0,
        "Net Income Including Noncontrolling Interests": 23269000.0,
        "Net Income Continuous Operations": 23269000.0,
        "Tax Provision": -15835000.0,
        "Pretax Income": 7434000.0,
        "Other Income Expense": 78000.0,
        "Other Non Operating Income Expenses": 78000.0,
        "Special Income Charges": 0.0,
        "Impairment Of Capital Assets": 0.0,
        "Net Non Operating Interest Income Expense": -28577000.0,
        "Interest Expense Non Operating": 28577000.0,
        "Operating Income": 35933000.0,
        "Operating Expense": 101361000.0,
        "Selling General And Administration": 101361000.0,
        "Selling And Marketing Expense": 53696000.0,
        "General And Administrative Expense": 47665000.0,
        "Other Gand A": 47665000.0,
        "Gross Profit": 137294000.0,
        "Cost Of Revenue": 64779000.0,
        "Total Revenue": 202073000.0,
        "Operating Revenue": 199956000.0
    },
    "2024-09-30": {
        "Tax Effect Of Unusual Items": -21210928.142084,
        "Tax Rate For Calcs": 0.371828,
        "Normalized EBITDA": 21285000.0,
        "Total Unusual Items": -57045000.0,
        "Total Unusual Items Excluding Goodwill": -57045000.0,
        "Net Income From Continuing Operation Net Minority Interest": -46192000.0,
        "Reconciled Depreciation": 9155000.0,
        "Reconciled Cost Of Revenue": 63391000.0,
        "EBITDA": -35760000.0,
        "EBIT": -44915000.0,
        "Net Interest Income": -28619000.0,
        "Interest Expense": 28619000.0,
        "Normalized Income": -10357928.142084,
        "Net Income From Continuing And Discontinued Operation": -46192000.0,
        "Total Expenses": 174887000.0,
        "Total Operating Income As Reported": -39045000.0,
        "Diluted Average Shares": 79732000.0,
        "Basic Average Shares": 79732000.0,
        "Diluted EPS": -0.58,
        "Basic EPS": -0.58,
        "Diluted NI Availto Com Stockholders": -46192000.0,
        "Net Income Common Stockholders": -46192000.0,
        "Net Income": -46192000.0,
        "Net Income Including Noncontrolling Interests": -46192000.0,
        "Net Income Continuous Operations": -46192000.0,
        "Tax Provision": -27342000.0,
        "Pretax Income": -73534000.0,
        "Other Income Expense": -62915000.0,
        "Other Non Operating Income Expenses": -5870000.0,
        "Special Income Charges": -57045000.0,
        "Impairment Of Capital Assets": 57045000.0,
        "Net Non Operating Interest Income Expense": -28619000.0,
        "Interest Expense Non Operating": 28619000.0,
        "Operating Income": 18000000.0,
        "Operating Expense": 111496000.0,
        "Selling General And Administration": 111496000.0,
        "Selling And Marketing Expense": 44402000.0,
        "General And Administrative Expense": 67094000.0,
        "Other Gand A": 67094000.0,
        "Gross Profit": 129496000.0,
        "Cost Of Revenue": 63391000.0,
        "Total Revenue": 192887000.0,
        "Operating Revenue": 192887000.0
    }
}