{
    "2023-03-31": {
        "Tax Effect Of Unusual Items": 3383100.0,
        "Tax Rate For Calcs": 0.21,
        "Normalized EBITDA": 342606000.0,
        "Total Unusual Items": 16110000.0,
        "Total Unusual Items Excluding Goodwill": 16110000.0,
        "Net Income From Continuing Operation Net Minority Interest": 12332000.0,
        "Reconciled Depreciation": 168812000.0,
        "Reconciled Cost Of Revenue": 819188000.0,
        "EBITDA": 358716000.0,
        "EBIT": 189904000.0,
        "Net Interest Income": -159783000.0,
        "Interest Expense": 187740000.0,
        "Interest Income": 40193000.0,
        "Normalized Income": -394900.0,
        "Net Income From Continuing And Discontinued Operation": 12332000.0,
        "Total Expenses": 1247228000.0,
        "Total Operating Income As Reported": 169515000.0,
        "Diluted Average Shares": 113116000.0,
        "Basic Average Shares": 112753000.0,
        "Diluted EPS": -0.02,
        "Basic EPS": 0.11,
        "Diluted NI Availto Com Stockholders": -2234000.0,
        "Average Dilution Earnings": -14566000.0,
        "Net Income Common Stockholders": 12332000.0,
        "Net Income": 12332000.0,
        "Minority Interests": 11186000.0,
        "Net Income Including Noncontrolling Interests": 1146000.0,
        "Net Income Continuous Operations": 1146000.0,
        "Tax Provision": 1018000.0,
        "Pretax Income": 2164000.0,
        "Other Income Expense": -14504000.0,
        "Other Non Operating Income Expenses": -30614000.0,
        "Special Income Charges": -6936000.0,
        "Other Special Charges": 6936000.0,
        "Impairment Of Capital Assets": NaN,
        "Gain On Sale Of Security": 23046000.0,
        "Net Non Operating Interest Income Expense": -159783000.0,
        "Total Other Finance Cost": 12236000.0,
        "Interest Expense Non Operating": 187740000.0,
        "Interest Income Non Operating": 40193000.0,
        "Operating Income": 176451000.0,
        "Operating Expense": 428040000.0,
        "Other Operating Expenses": 4478000.0,
        "Provision For Doubtful Accounts": -544000.0,
        "Depreciation Amortization Depletion Income Statement": 168812000.0,
        "Depreciation And Amortization In Income Statement": 168812000.0,
        "Selling General And Administration": 259772000.0,
        "General And Administrative Expense": 259772000.0,
        "Other Gand A": 259772000.0,
        "Salaries And Wages": NaN,
        "Gross Profit": 604491000.0,
        "Cost Of Revenue": 819188000.0,
        "Total Revenue": 1423679000.0,
        "Operating Revenue": 1423679000.0
    },
    "2022-12-31": {
        "Tax Effect Of Unusual Items": 13176450.0,
        "Tax Rate For Calcs": 0.21,
        "Normalized EBITDA": 260706000.0,
        "Total Unusual Items": 62745000.0,
        "Total Unusual Items Excluding Goodwill": 62745000.0,
        "Net Income From Continuing Operation Net Minority Interest": 32411000.0,
        "Reconciled Depreciation": 172292000.0,
        "Reconciled Cost Of Revenue": 636336000.0,
        "EBITDA": 323451000.0,
        "EBIT": 151159000.0,
        "Net Interest Income": -159725000.0,
        "Interest Expense": 178620000.0,
        "Interest Income": 18895000.0,
        "Normalized Income": -17157550.0,
        "Net Income From Continuing And Discontinued Operation": 32411000.0,
        "Total Expenses": 967319000.0,
        "Total Operating Income As Reported": 99208000.0,
        "Diluted Average Shares": 112795000.0,
        "Basic Average Shares": 112321000.0,
        "Diluted EPS": 0.29,
        "Basic EPS": 0.29,
        "Diluted NI Availto Com Stockholders": 32411000.0,
        "Average Dilution Earnings": NaN,
        "Net Income Common Stockholders": 32411000.0,
        "Net Income": 32411000.0,
        "Minority Interests": 65956000.0,
        "Net Income Including Noncontrolling Interests": -33545000.0,
        "Net Income Continuous Operations": -33545000.0,
        "Tax Provision": 6084000.0,
        "Pretax Income": -27461000.0,
        "Other Income Expense": 94646000.0,
        "Other Non Operating Income Expenses": 31901000.0,
        "Special Income Charges": -120399000.0,
        "Other Special Charges": 120399000.0,
        "Impairment Of Capital Assets": NaN,
        "Gain On Sale Of Security": 183144000.0,
        "Net Non Operating Interest Income Expense": -159725000.0,
        "Total Other Finance Cost": NaN,
        "Interest Expense Non Operating": 178620000.0,
        "Interest Income Non Operating": 18895000.0,
        "Operating Income": 37618000.0,
        "Operating Expense": 330983000.0,
        "Other Operating Expenses": 7247000.0,
        "Provision For Doubtful Accounts": 4036000.0,
        "Depreciation Amortization Depletion Income Statement": 172292000.0,
        "Depreciation And Amortization In Income Statement": 172292000.0,
        "Selling General And Administration": 232017000.0,
        "General And Administrative Expense": 232017000.0,
        "Other Gand A": 232017000.0,
        "Salaries And Wages": NaN,
        "Gross Profit": 368601000.0,
        "Cost Of Revenue": 636336000.0,
        "Total Revenue": 1004937000.0,
        "Operating Revenue": 1004937000.0
    },
    "2022-09-30": {
        "Tax Effect Of Unusual Items": 2335600.0,
        "Tax Rate For Calcs": 0.4,
        "Normalized EBITDA": 125539000.0,
        "Total Unusual Items": 5839000.0,
        "Total Unusual Items Excluding Goodwill": 5839000.0,
        "Net Income From Continuing Operation Net Minority Interest": -142892000.0,
        "Reconciled Depreciation": 172502000.0,
        "Reconciled Cost Of Revenue": 565942000.0,
        "EBITDA": 131378000.0,
        "EBIT": -41124000.0,
        "Net Interest Income": -158385000.0,
        "Interest Expense": 165277000.0,
        "Interest Income": 6892000.0,
        "Normalized Income": -146395400.0,
        "Net Income From Continuing And Discontinued Operation": -142892000.0,
        "Total Expenses": 937980000.0,
        "Total Operating Income As Reported": -52991000.0,
        "Diluted Average Shares": 112709000.0,
        "Basic Average Shares": 112709000.0,
        "Diluted EPS": -1.27,
        "Basic EPS": -1.27,
        "Diluted NI Availto Com Stockholders": -142892000.0,
        "Average Dilution Earnings": NaN,
        "Net Income Common Stockholders": -142892000.0,
        "Net Income": -142892000.0,
        "Minority Interests": 64899000.0,
        "Net Income Including Noncontrolling Interests": -207791000.0,
        "Net Income Continuous Operations": -207791000.0,
        "Tax Provision": 1390000.0,
        "Pretax Income": -206401000.0,
        "Other Income Expense": 242000.0,
        "Other Non Operating Income Expenses": -5597000.0,
        "Special Income Charges": 0.0,
        "Other Special Charges": 6447000.0,
        "Impairment Of Capital Assets": NaN,
        "Gain On Sale Of Security": 5839000.0,
        "Net Non Operating Interest Income Expense": -158385000.0,
        "Total Other Finance Cost": NaN,
        "Interest Expense Non Operating": 165277000.0,
        "Interest Income Non Operating": 6892000.0,
        "Operating Income": -48258000.0,
        "Operating Expense": 372038000.0,
        "Other Operating Expenses": 6447000.0,
        "Provision For Doubtful Accounts": -8186000.0,
        "Depreciation Amortization Depletion Income Statement": 172502000.0,
        "Depreciation And Amortization In Income Statement": 172502000.0,
        "Selling General And Administration": 201275000.0,
        "General And Administrative Expense": 201275000.0,
        "Other Gand A": 201275000.0,
        "Salaries And Wages": NaN,
        "Gross Profit": 323780000.0,
        "Cost Of Revenue": 565942000.0,
        "Total Revenue": 889722000.0,
        "Operating Revenue": 889722000.0
    },
    "2022-06-30": {
        "Tax Effect Of Unusual Items": 624800.0,
        "Tax Rate For Calcs": 0.4,
        "Normalized EBITDA": 103532000.0,
        "Total Unusual Items": 1562000.0,
        "Total Unusual Items Excluding Goodwill": 1562000.0,
        "Net Income From Continuing Operation Net Minority Interest": -130051000.0,
        "Reconciled Depreciation": 162968000.0,
        "Reconciled Cost Of Revenue": 569590000.0,
        "EBITDA": 105094000.0,
        "EBIT": -57874000.0,
        "Net Interest Income": -152139000.0,
        "Interest Expense": 154830000.0,
        "Interest Income": 2691000.0,
        "Normalized Income": -130988200.0,
        "Net Income From Continuing And Discontinued Operation": -130051000.0,
        "Total Expenses": 933951000.0,
        "Total Operating Income As Reported": -52028000.0,
        "Diluted Average Shares": 114471000.0,
        "Basic Average Shares": 114471000.0,
        "Diluted EPS": -1.14,
        "Basic EPS": -1.14,
        "Diluted NI Availto Com Stockholders": -130051000.0,
        "Average Dilution Earnings": NaN,
        "Net Income Common Stockholders": -130051000.0,
        "Net Income": -130051000.0,
        "Minority Interests": 83371000.0,
        "Net Income Including Noncontrolling Interests": -213422000.0,
        "Net Income Continuous Operations": -213422000.0,
        "Tax Provision": 718000.0,
        "Pretax Income": -212704000.0,
        "Other Income Expense": -35446000.0,
        "Other Non Operating Income Expenses": -37008000.0,
        "Special Income Charges": 0.0,
        "Other Special Charges": NaN,
        "Gain On Sale Of Security": 1562000.0,
        "Net Non Operating Interest Income Expense": -152139000.0,
        "Total Other Finance Cost": NaN,
        "Interest Expense Non Operating": 154830000.0,
        "Interest Income Non Operating": 2691000.0,
        "Operating Income": -25119000.0,
        "Operating Expense": 364361000.0,
        "Other Operating Expenses": 4502000.0,
        "Provision For Doubtful Accounts": -3487000.0,
        "Depreciation Amortization Depletion Income Statement": 162968000.0,
        "Depreciation And Amortization In Income Statement": 162968000.0,
        "Selling General And Administration": 200378000.0,
        "General And Administrative Expense": 200378000.0,
        "Other Gand A": 200378000.0,
        "Salaries And Wages": NaN,
        "Gross Profit": 339242000.0,
        "Cost Of Revenue": 569590000.0,
        "Total Revenue": 908832000.0,
        "Operating Revenue": 908832000.0
    },
    "2022-03-31": {
        "Diluted EPS": -1.59,
        "Total Revenue": 953,
        "Gross Profit": 335,
        "Operating Income": -95,
        "EBIT": 97,
        "Net Income": -183
    },
    "2021-12-31": {
        "Diluted EPS": -1.51,
        "Total Revenue": NaN,
        "Gross Profit": 334,
        "Operating Income": -106,
        "EBIT": 72,
        "Net Income": -177
    },
    "2021-09-30": {
        "Diluted EPS": -1.45,
        "Total Revenue": 995,
        "Gross Profit": 307,
        "Operating Income": -84,
        "EBIT": 100,
        "Net Income": -166
    },
    "2021-06-30": {
        "Diluted EPS": -1.15,
        "Total Revenue": 990,
        "Gross Profit": 360,
        "Operating Income": -30,
        "EBIT": 160,
        "Net Income": -131
    },
    "2021-03-31": {
        "Diluted EPS": -2.53,
        "Total Revenue": 737,
        "Gross Profit": 204,
        "Operating Income": -176,
        "EBIT": 16,
        "Net Income": -281
    },
    "2020-12-31": {
        "Diluted EPS": -2.53,
        "Total Revenue": 686,
        "Gross Profit": 207,
        "Operating Income": -179,
        "EBIT": 13,
        "Net Income": -270
    },
    "2020-09-30": {
        "Diluted EPS": -7.1,
        "Total Revenue": 370,
        "Gross Profit": 84,
        "Operating Income": -283,
        "EBIT": -92,
        "Net Income": -758
    },
    "2020-06-30": {
        "Diluted EPS": -5.97,
        "Total Revenue": 86,
        "Gross Profit": -155,
        "Operating Income": -523,
        "EBIT": -337,
        "Net Income": -638
    },
    "2020-03-31": {
        "Diluted EPS": -3.77,
        "Total Revenue": 954,
        "Gross Profit": 216,
        "Operating Income": -247,
        "EBIT": -62,
        "Net Income": -402
    },
    "2019-12-31": {
        "Diluted EPS": -0.68,
        "Total Revenue": NaN,
        "Gross Profit": 646,
        "Operating Income": 227,
        "EBIT": 408,
        "Net Income": -73
    },
    "2019-09-30": {
        "Diluted EPS": -0.03,
        "Total Revenue": NaN,
        "Gross Profit": 611,
        "Operating Income": 178,
        "EBIT": 358,
        "Net Income": -3
    },
    "2019-06-30": {
        "Diluted EPS": 0.88,
        "Total Revenue": NaN,
        "Gross Profit": 642,
        "Operating Income": 219,
        "EBIT": 366,
        "Net Income": 95
    },
    "2019-03-31": {
        "Diluted EPS": 0.98,
        "Total Revenue": NaN,
        "Gross Profit": 645,
        "Operating Income": 255,
        "EBIT": 399,
        "Net Income": 105
    },
    "2018-12-31": {
        "Diluted EPS": 4.46,
        "Total Revenue": NaN,
        "Gross Profit": 653,
        "Operating Income": 246,
        "EBIT": 397,
        "Net Income": 465
    },
    "2018-09-30": {
        "Diluted EPS": 1.44,
        "Total Revenue": NaN,
        "Gross Profit": 657,
        "Operating Income": 291,
        "EBIT": 436,
        "Net Income": 156
    },
    "2018-06-30": {
        "Diluted EPS": 1.44,
        "Total Revenue": NaN,
        "Gross Profit": 620,
        "Operating Income": 280,
        "EBIT": 426,
        "Net Income": 156
    },
    "2018-03-31": {
        "Diluted EPS": -1.99,
        "Total Revenue": NaN,
        "Gross Profit": 702,
        "Operating Income": -81,
        "EBIT": 64,
        "Net Income": -204
    },
    "2017-12-31": {
        "Diluted EPS": 4.78,
        "Total Revenue": NaN,
        "Gross Profit": 617,
        "Operating Income": 301,
        "EBIT": 445,
        "Net Income": 492
    },
    "2017-09-30": {
        "Diluted EPS": 0.78,
        "Total Revenue": NaN,
        "Gross Profit": 611,
        "Operating Income": 257,
        "EBIT": 402,
        "Net Income": 80
    },
    "2017-06-30": {
        "Diluted EPS": 0.73,
        "Total Revenue": NaN,
        "Gross Profit": 561,
        "Operating Income": 247,
        "EBIT": 391,
        "Net Income": 75
    },
    "2017-03-31": {
        "Diluted EPS": 0.99,
        "Total Revenue": NaN,
        "Gross Profit": 554,
        "Operating Income": 250,
        "EBIT": 396,
        "Net Income": 101
    },
    "2016-12-31": {
        "Diluted EPS": 1.12,
        "Total Revenue": NaN,
        "Gross Profit": 481,
        "Operating Income": 139,
        "EBIT": 286,
        "Net Income": 114
    },
    "2016-09-30": {
        "Diluted EPS": -0.17,
        "Total Revenue": NaN,
        "Gross Profit": 415,
        "Operating Income": 77,
        "EBIT": 190,
        "Net Income": -17
    },
    "2016-06-30": {
        "Diluted EPS": 0.69,
        "Total Revenue": NaN,
        "Gross Profit": 407,
        "Operating Income": 148,
        "EBIT": 233,
        "Net Income": 70
    },
    "2016-03-31": {
        "Diluted EPS": 0.74,
        "Total Revenue": 998,
        "Gross Profit": 390,
        "Operating Income": 158,
        "EBIT": 242,
        "Net Income": 75
    },
    "2015-12-31": {
        "Diluted EPS": 0.85,
        "Total Revenue": 947,
        "Gross Profit": 371,
        "Operating Income": 152,
        "EBIT": 236,
        "Net Income": 87
    },
    "2015-09-30": {
        "Diluted EPS": 0.95,
        "Total Revenue": 996,
        "Gross Profit": 373,
        "Operating Income": 153,
        "EBIT": 235,
        "Net Income": 96
    },
    "2015-06-30": {
        "Diluted EPS": 0.56,
        "Total Revenue": NaN,
        "Gross Profit": 386,
        "Operating Income": 169,
        "EBIT": 256,
        "Net Income": 56
    },
    "2015-03-31": {
        "Diluted EPS": -0.44,
        "Total Revenue": NaN,
        "Gross Profit": 415,
        "Operating Income": 185,
        "EBIT": 274,
        "Net Income": -45
    },
    "2014-12-31": {
        "Diluted EPS": 1.08,
        "Total Revenue": NaN,
        "Gross Profit": 438,
        "Operating Income": 216,
        "EBIT": 312,
        "Net Income": 109
    },
    "2014-09-30": {
        "Diluted EPS": 1.88,
        "Total Revenue": NaN,
        "Gross Profit": 551,
        "Operating Income": 333,
        "EBIT": 420,
        "Net Income": 191
    },
    "2014-06-30": {
        "Diluted EPS": 2.0,
        "Total Revenue": NaN,
        "Gross Profit": 553,
        "Operating Income": 341,
        "EBIT": 425,
        "Net Income": 204
    },
    "2014-03-31": {
        "Diluted EPS": 2.22,
        "Total Revenue": NaN,
        "Gross Profit": 575,
        "Operating Income": 377,
        "EBIT": 460,
        "Net Income": 227
    },
    "2013-12-31": {
        "Diluted EPS": 2.1,
        "Total Revenue": NaN,
        "Gross Profit": 587,
        "Operating Income": 368,
        "EBIT": 469,
        "Net Income": 214
    },
    "2013-09-30": {
        "Diluted EPS": 1.79,
        "Total Revenue": NaN,
        "Gross Profit": 527,
        "Operating Income": 314,
        "EBIT": 413,
        "Net Income": 182
    },
    "2013-06-30": {
        "Diluted EPS": 1.28,
        "Total Revenue": NaN,
        "Gross Profit": 494,
        "Operating Income": 274,
        "EBIT": 371,
        "Net Income": 130
    },
    "2013-03-31": {
        "Diluted EPS": 2.0,
        "Total Revenue": NaN,
        "Gross Profit": 534,
        "Operating Income": 334,
        "EBIT": 431,
        "Net Income": 203
    },
    "2012-12-31": {
        "Diluted EPS": 1.11,
        "Total Revenue": NaN,
        "Gross Profit": 487,
        "Operating Income": 258,
        "EBIT": 356,
        "Net Income": 111
    },
    "2012-09-30": {
        "Diluted EPS": 1.11,
        "Total Revenue": NaN,
        "Gross Profit": 485,
        "Operating Income": 247,
        "EBIT": 347,
        "Net Income": 112
    },
    "2012-06-30": {
        "Diluted EPS": 1.37,
        "Total Revenue": NaN,
        "Gross Profit": 444,
        "Operating Income": 264,
        "EBIT": 363,
        "Net Income": 138
    },
    "2012-03-31": {
        "Diluted EPS": 1.23,
        "Total Revenue": NaN,
        "Gross Profit": 487,
        "Operating Income": 260,
        "EBIT": 359,
        "Net Income": 141
    },
    "2011-12-31": {
        "Diluted EPS": 1.51,
        "Total Revenue": NaN,
        "Gross Profit": 493,
        "Operating Income": 275,
        "EBIT": 374,
        "Net Income": 190
    },
    "2011-09-30": {
        "Diluted EPS": 1.01,
        "Total Revenue": NaN,
        "Gross Profit": 462,
        "Operating Income": 240,
        "EBIT": 346,
        "Net Income": 127
    },
    "2011-06-30": {
        "Diluted EPS": 0.97,
        "Total Revenue": NaN,
        "Gross Profit": 522,
        "Operating Income": 213,
        "EBIT": 321,
        "Net Income": 122
    },
    "2011-03-31": {
        "Diluted EPS": 1.39,
        "Total Revenue": NaN,
        "Gross Profit": 483,
        "Operating Income": 281,
        "EBIT": 385,
        "Net Income": 174
    },
    "2010-12-31": {
        "Diluted EPS": 0.92,
        "Total Revenue": NaN,
        "Gross Profit": 453,
        "Operating Income": 230,
        "EBIT": 336,
        "Net Income": 114
    },
    "2010-09-30": {
        "Diluted EPS": -0.27,
        "Total Revenue": NaN,
        "Gross Profit": 353,
        "Operating Income": 132,
        "EBIT": 239,
        "Net Income": -34
    },
    "2010-06-30": {
        "Diluted EPS": 0.42,
        "Total Revenue": NaN,
        "Gross Profit": 362,
        "Operating Income": 148,
        "EBIT": 256,
        "Net Income": 52
    },
    "2010-03-31": {
        "Diluted EPS": 0.22,
        "Total Revenue": 909,
        "Gross Profit": 318,
        "Operating Income": 115,
        "EBIT": 225,
        "Net Income": 27
    },
    "2009-12-31": {
        "Diluted EPS": -0.02,
        "Total Revenue": 809,
        "Gross Profit": 271,
        "Operating Income": 46,
        "EBIT": 155,
        "Net Income": -5
    },
    "2009-09-30": {
        "Diluted EPS": 0.28,
        "Total Revenue": 773,
        "Gross Profit": 277,
        "Operating Income": 79,
        "EBIT": 187,
        "Net Income": 34
    },
    "2009-06-30": {
        "Diluted EPS": 0.21,
        "Total Revenue": 723,
        "Gross Profit": 265,
        "Operating Income": 83,
        "EBIT": 193,
        "Net Income": 25
    },
    "2009-03-31": {
        "Diluted EPS": -0.3,
        "Total Revenue": 740,
        "Gross Profit": 242,
        "Operating Income": 27,
        "EBIT": 137,
        "Net Income": -34
    },
    "2023-06-30": {
        "Tax Effect Of Unusual Items": 744725.253519,
        "Tax Rate For Calcs": 0.032579,
        "Normalized EBITDA": 469486000.0,
        "Total Unusual Items": 22859000.0,
        "Total Unusual Items Excluding Goodwill": 22859000.0,
        "Net Income From Continuing Operation Net Minority Interest": 105184000.0,
        "Reconciled Depreciation": 169962000.0,
        "Reconciled Cost Of Revenue": 907347000.0,
        "EBITDA": 492345000.0,
        "EBIT": 322383000.0,
        "Net Interest Income": -149491000.0,
        "Interest Expense": 190243000.0,
        "Interest Income": 44127000.0,
        "Normalized Income": 83069725.253519,
        "Net Income From Continuing And Discontinued Operation": 105184000.0,
        "Total Expenses": 1344009000.0,
        "Total Operating Income As Reported": 250336000.0,
        "Diluted Average Shares": 113198000.0,
        "Basic Average Shares": 112889000.0,
        "Diluted EPS": 0.84,
        "Basic EPS": 0.93,
        "Diluted NI Availto Com Stockholders": 94555000.0,
        "Average Dilution Earnings": -10629000.0,
        "Net Income Common Stockholders": 105184000.0,
        "Net Income": 105184000.0,
        "Minority Interests": -22651000.0,
        "Net Income Including Noncontrolling Interests": 127835000.0,
        "Net Income Continuous Operations": 127835000.0,
        "Tax Provision": 4305000.0,
        "Pretax Income": 132140000.0,
        "Other Income Expense": 29818000.0,
        "Other Non Operating Income Expenses": 6959000.0,
        "Special Income Charges": -1477000.0,
        "Other Special Charges": 1477000.0,
        "Impairment Of Capital Assets": NaN,
        "Gain On Sale Of Security": 24336000.0,
        "Net Non Operating Interest Income Expense": -149491000.0,
        "Total Other Finance Cost": 3375000.0,
        "Interest Expense Non Operating": 190243000.0,
        "Interest Income Non Operating": 44127000.0,
        "Operating Income": 251813000.0,
        "Operating Expense": 436662000.0,
        "Other Operating Expenses": 16019000.0,
        "Provision For Doubtful Accounts": -6640000.0,
        "Depreciation Amortization Depletion Income Statement": 169962000.0,
        "Depreciation And Amortization In Income Statement": 169962000.0,
        "Selling General And Administration": 257321000.0,
        "General And Administrative Expense": 257321000.0,
        "Other Gand A": 257321000.0,
        "Salaries And Wages": 14339000.0,
        "Gross Profit": 688475000.0,
        "Cost Of Revenue": 907347000.0,
        "Total Revenue": 1595822000.0,
        "Operating Revenue": 1595822000.0
    },
    "2023-09-30": {
        "Tax Effect Of Unusual Items": -3244083.104875,
        "Tax Rate For Calcs": 0.022297,
        "Normalized EBITDA": 382744000.0,
        "Total Unusual Items": -145494000.0,
        "Total Unusual Items Excluding Goodwill": -145494000.0,
        "Net Income From Continuing Operation Net Minority Interest": -116678000.0,
        "Reconciled Depreciation": 171969000.0,
        "Reconciled Cost Of Revenue": 958912000.0,
        "EBITDA": 237250000.0,
        "EBIT": 65281000.0,
        "Net Interest Income": -139109000.0,
        "Interest Expense": 188571000.0,
        "Interest Income": 46534000.0,
        "Normalized Income": 25571916.895125,
        "Net Income From Continuing And Discontinued Operation": -116678000.0,
        "Total Expenses": 1514484000.0,
        "Total Operating Income As Reported": 62595000.0,
        "Diluted Average Shares": 112797000.0,
        "Basic Average Shares": 112797000.0,
        "Diluted EPS": -1.03,
        "Basic EPS": -1.03,
        "Diluted NI Availto Com Stockholders": -116678000.0,
        "Average Dilution Earnings": 0.0,
        "Net Income Common Stockholders": -116678000.0,
        "Net Income": -116678000.0,
        "Minority Interests": 3863000.0,
        "Net Income Including Noncontrolling Interests": -120541000.0,
        "Net Income Continuous Operations": -120541000.0,
        "Tax Provision": -2749000.0,
        "Pretax Income": -123290000.0,
        "Other Income Expense": -141633000.0,
        "Other Non Operating Income Expenses": 3861000.0,
        "Special Income Charges": -94857000.0,
        "Other Special Charges": 867000.0,
        "Impairment Of Capital Assets": 93990000.0,
        "Gain On Sale Of Security": -50637000.0,
        "Net Non Operating Interest Income Expense": -139109000.0,
        "Total Other Finance Cost": -2928000.0,
        "Interest Expense Non Operating": 188571000.0,
        "Interest Income Non Operating": 46534000.0,
        "Operating Income": 157452000.0,
        "Operating Expense": 555572000.0,
        "Other Operating Expenses": 114288000.0,
        "Provision For Doubtful Accounts": 870000.0,
        "Depreciation Amortization Depletion Income Statement": 171969000.0,
        "Depreciation And Amortization In Income Statement": 171969000.0,
        "Selling General And Administration": 268445000.0,
        "General And Administrative Expense": 268445000.0,
        "Other Gand A": 268445000.0,
        "Salaries And Wages": NaN,
        "Gross Profit": 713024000.0,
        "Cost Of Revenue": 958912000.0,
        "Total Revenue": 1671936000.0,
        "Operating Revenue": 1671936000.0
    },
    "2023-12-31": {
        "Tax Effect Of Unusual Items": NaN,
        "Tax Rate For Calcs": NaN,
        "Normalized EBITDA": NaN,
        "Total Unusual Items": NaN,
        "Total Unusual Items Excluding Goodwill": NaN,
        "Net Income From Continuing Operation Net Minority Interest": NaN,
        "Reconciled Depreciation": NaN,
        "Reconciled Cost Of Revenue": NaN,
        "EBITDA": NaN,
        "EBIT": NaN,
        "Net Interest Income": NaN,
        "Interest Expense": NaN,
        "Interest Income": NaN,
        "Normalized Income": NaN,
        "Net Income From Continuing And Discontinued Operation": NaN,
        "Total Expenses": NaN,
        "Total Operating Income As Reported": NaN,
        "Diluted Average Shares": 112033000.0,
        "Basic Average Shares": 111661000.0,
        "Diluted EPS": 6.19,
        "Basic EPS": 6.53,
        "Diluted NI Availto Com Stockholders": NaN,
        "Average Dilution Earnings": NaN,
        "Net Income Common Stockholders": NaN,
        "Net Income": NaN,
        "Minority Interests": NaN,
        "Net Income Including Noncontrolling Interests": NaN,
        "Net Income Continuous Operations": NaN,
        "Tax Provision": NaN,
        "Pretax Income": NaN,
        "Other Income Expense": NaN,
        "Other Non Operating Income Expenses": NaN,
        "Special Income Charges": NaN,
        "Other Special Charges": NaN,
        "Impairment Of Capital Assets": NaN,
        "Gain On Sale Of Security": NaN,
        "Net Non Operating Interest Income Expense": NaN,
        "Total Other Finance Cost": NaN,
        "Interest Expense Non Operating": NaN,
        "Interest Income Non Operating": NaN,
        "Operating Income": NaN,
        "Operating Expense": NaN,
        "Other Operating Expenses": NaN,
        "Provision For Doubtful Accounts": NaN,
        "Depreciation Amortization Depletion Income Statement": NaN,
        "Depreciation And Amortization In Income Statement": NaN,
        "Selling General And Administration": NaN,
        "General And Administrative Expense": NaN,
        "Other Gand A": NaN,
        "Salaries And Wages": NaN,
        "Gross Profit": NaN,
        "Cost Of Revenue": NaN,
        "Total Revenue": NaN,
        "Operating Revenue": NaN
    }
}