{
    "2023-06-30": {
        "Tax Effect Of Unusual Items": NaN,
        "Tax Rate For Calcs": NaN,
        "Normalized EBITDA": NaN,
        "Total Unusual Items": NaN,
        "Total Unusual Items Excluding Goodwill": NaN,
        "Net Income From Continuing Operation Net Minority Interest": NaN,
        "Reconciled Depreciation": NaN,
        "Reconciled Cost Of Revenue": NaN,
        "EBITDA": NaN,
        "EBIT": NaN,
        "Net Interest Income": NaN,
        "Interest Expense": NaN,
        "Interest Income": NaN,
        "Normalized Income": NaN,
        "Net Income From Continuing And Discontinued Operation": NaN,
        "Total Expenses": NaN,
        "Diluted Average Shares": NaN,
        "Basic Average Shares": NaN,
        "Diluted EPS": NaN,
        "Basic EPS": NaN,
        "Diluted NI Availto Com Stockholders": NaN,
        "Average Dilution Earnings": NaN,
        "Net Income Common Stockholders": NaN,
        "Net Income": NaN,
        "Minority Interests": NaN,
        "Net Income Including Noncontrolling Interests": NaN,
        "Net Income Continuous Operations": NaN,
        "Tax Provision": NaN,
        "Pretax Income": NaN,
        "Other Income Expense": NaN,
        "Other Non Operating Income Expenses": NaN,
        "Special Income Charges": NaN,
        "Other Special Charges": NaN,
        "Write Off": 0.0,
        "Impairment Of Capital Assets": 0.0,
        "Restructuring And Mergern Acquisition": NaN,
        "Earnings From Equity Interest": NaN,
        "Gain On Sale Of Security": NaN,
        "Net Non Operating Interest Income Expense": NaN,
        "Total Other Finance Cost": NaN,
        "Interest Expense Non Operating": NaN,
        "Interest Income Non Operating": NaN,
        "Operating Income": NaN,
        "Operating Expense": NaN,
        "Other Operating Expenses": NaN,
        "Depreciation Amortization Depletion Income Statement": NaN,
        "Selling General And Administration": NaN,
        "Gross Profit": NaN,
        "Cost Of Revenue": NaN,
        "Total Revenue": NaN,
        "Operating Revenue": NaN
    },
    "2023-03-31": {
        "Tax Effect Of Unusual Items": NaN,
        "Tax Rate For Calcs": NaN,
        "Normalized EBITDA": NaN,
        "Total Unusual Items": NaN,
        "Total Unusual Items Excluding Goodwill": NaN,
        "Net Income From Continuing Operation Net Minority Interest": NaN,
        "Reconciled Depreciation": NaN,
        "Reconciled Cost Of Revenue": NaN,
        "EBITDA": NaN,
        "EBIT": NaN,
        "Net Interest Income": NaN,
        "Interest Expense": NaN,
        "Interest Income": NaN,
        "Normalized Income": NaN,
        "Net Income From Continuing And Discontinued Operation": NaN,
        "Total Expenses": NaN,
        "Diluted Average Shares": NaN,
        "Basic Average Shares": NaN,
        "Diluted EPS": NaN,
        "Basic EPS": NaN,
        "Diluted NI Availto Com Stockholders": NaN,
        "Average Dilution Earnings": NaN,
        "Net Income Common Stockholders": NaN,
        "Net Income": NaN,
        "Minority Interests": NaN,
        "Net Income Including Noncontrolling Interests": NaN,
        "Net Income Continuous Operations": NaN,
        "Tax Provision": NaN,
        "Pretax Income": NaN,
        "Other Income Expense": NaN,
        "Other Non Operating Income Expenses": NaN,
        "Special Income Charges": NaN,
        "Gain On Sale Of Ppe": 2000000.0,
        "Other Special Charges": NaN,
        "Write Off": NaN,
        "Impairment Of Capital Assets": NaN,
        "Restructuring And Mergern Acquisition": NaN,
        "Earnings From Equity Interest": NaN,
        "Gain On Sale Of Security": NaN,
        "Net Non Operating Interest Income Expense": NaN,
        "Total Other Finance Cost": NaN,
        "Interest Expense Non Operating": NaN,
        "Interest Income Non Operating": NaN,
        "Operating Income": NaN,
        "Operating Expense": NaN,
        "Other Operating Expenses": NaN,
        "Depreciation Amortization Depletion Income Statement": NaN,
        "Selling General And Administration": NaN,
        "Gross Profit": NaN,
        "Cost Of Revenue": NaN,
        "Total Revenue": NaN,
        "Operating Revenue": NaN
    },
    "2022-12-31": {
        "Tax Effect Of Unusual Items": NaN,
        "Tax Rate For Calcs": NaN,
        "Normalized EBITDA": NaN,
        "Total Unusual Items": NaN,
        "Total Unusual Items Excluding Goodwill": NaN,
        "Net Income From Continuing Operation Net Minority Interest": NaN,
        "Reconciled Depreciation": NaN,
        "Reconciled Cost Of Revenue": NaN,
        "EBITDA": NaN,
        "EBIT": NaN,
        "Net Interest Income": NaN,
        "Interest Expense": NaN,
        "Interest Income": NaN,
        "Normalized Income": NaN,
        "Net Income From Continuing And Discontinued Operation": NaN,
        "Total Expenses": NaN,
        "Diluted Average Shares": NaN,
        "Basic Average Shares": NaN,
        "Diluted EPS": NaN,
        "Basic EPS": NaN,
        "Diluted NI Availto Com Stockholders": NaN,
        "Average Dilution Earnings": NaN,
        "Net Income Common Stockholders": NaN,
        "Net Income": NaN,
        "Minority Interests": NaN,
        "Net Income Including Noncontrolling Interests": NaN,
        "Net Income Continuous Operations": NaN,
        "Tax Provision": NaN,
        "Pretax Income": NaN,
        "Other Income Expense": NaN,
        "Other Non Operating Income Expenses": NaN,
        "Special Income Charges": NaN,
        "Gain On Sale Of Ppe": 2000000.0,
        "Gain On Sale Of Business": 0.0,
        "Other Special Charges": NaN,
        "Write Off": NaN,
        "Impairment Of Capital Assets": NaN,
        "Restructuring And Mergern Acquisition": NaN,
        "Earnings From Equity Interest": NaN,
        "Gain On Sale Of Security": NaN,
        "Net Non Operating Interest Income Expense": NaN,
        "Total Other Finance Cost": NaN,
        "Interest Expense Non Operating": NaN,
        "Interest Income Non Operating": NaN,
        "Operating Income": NaN,
        "Operating Expense": NaN,
        "Other Operating Expenses": NaN,
        "Depreciation Amortization Depletion Income Statement": NaN,
        "Selling General And Administration": NaN,
        "Gross Profit": NaN,
        "Cost Of Revenue": NaN,
        "Total Revenue": NaN,
        "Operating Revenue": NaN
    },
    "2022-09-30": {
        "Tax Effect Of Unusual Items": NaN,
        "Tax Rate For Calcs": NaN,
        "Normalized EBITDA": NaN,
        "Total Unusual Items": NaN,
        "Total Unusual Items Excluding Goodwill": NaN,
        "Net Income From Continuing Operation Net Minority Interest": NaN,
        "Reconciled Depreciation": NaN,
        "Reconciled Cost Of Revenue": NaN,
        "EBITDA": NaN,
        "EBIT": NaN,
        "Net Interest Income": NaN,
        "Interest Expense": NaN,
        "Interest Income": NaN,
        "Normalized Income": NaN,
        "Net Income From Continuing And Discontinued Operation": NaN,
        "Total Expenses": NaN,
        "Diluted Average Shares": NaN,
        "Basic Average Shares": NaN,
        "Diluted EPS": NaN,
        "Basic EPS": NaN,
        "Diluted NI Availto Com Stockholders": NaN,
        "Average Dilution Earnings": NaN,
        "Net Income Common Stockholders": NaN,
        "Net Income": NaN,
        "Minority Interests": NaN,
        "Net Income Including Noncontrolling Interests": NaN,
        "Net Income Continuous Operations": NaN,
        "Tax Provision": NaN,
        "Pretax Income": NaN,
        "Other Income Expense": NaN,
        "Other Non Operating Income Expenses": NaN,
        "Special Income Charges": NaN,
        "Gain On Sale Of Ppe": 6000000.0,
        "Gain On Sale Of Business": 0.0,
        "Other Special Charges": -2000000.0,
        "Impairment Of Capital Assets": NaN,
        "Restructuring And Mergern Acquisition": NaN,
        "Earnings From Equity Interest": NaN,
        "Gain On Sale Of Security": NaN,
        "Net Non Operating Interest Income Expense": NaN,
        "Total Other Finance Cost": NaN,
        "Interest Expense Non Operating": NaN,
        "Interest Income Non Operating": NaN,
        "Operating Income": NaN,
        "Operating Expense": NaN,
        "Other Operating Expenses": NaN,
        "Depreciation Amortization Depletion Income Statement": NaN,
        "Selling General And Administration": NaN,
        "Gross Profit": NaN,
        "Cost Of Revenue": NaN,
        "Total Revenue": NaN,
        "Operating Revenue": NaN
    },
    "2022-06-30": {
        "Tax Effect Of Unusual Items": -37806656.101426,
        "Tax Rate For Calcs": 0.22504,
        "Normalized EBITDA": 1667000000.0,
        "Total Unusual Items": -168000000.0,
        "Total Unusual Items Excluding Goodwill": -168000000.0,
        "Net Income From Continuing Operation Net Minority Interest": 978000000.0,
        "Reconciled Depreciation": 198000000.0,
        "Reconciled Cost Of Revenue": 4661000000.0,
        "EBITDA": 1499000000.0,
        "EBIT": 1301000000.0,
        "Net Interest Income": -51000000.0,
        "Interest Expense": 39000000.0,
        "Interest Income": 4000000.0,
        "Normalized Income": 1108193343.898574,
        "Net Income From Continuing And Discontinued Operation": 978000000.0,
        "Total Expenses": 4965000000.0,
        "Diluted Average Shares": 286680000.0,
        "Basic Average Shares": 257267000.0,
        "Diluted EPS": 3.42,
        "Basic EPS": 3.8,
        "Diluted NI Availto Com Stockholders": 981000000.0,
        "Average Dilution Earnings": 3000000.0,
        "Net Income Common Stockholders": 978000000.0,
        "Net Income": 978000000.0,
        "Minority Interests": 0.0,
        "Net Income Including Noncontrolling Interests": 978000000.0,
        "Net Income Continuous Operations": 978000000.0,
        "Tax Provision": 284000000.0,
        "Pretax Income": 1262000000.0,
        "Other Income Expense": -12000000.0,
        "Other Non Operating Income Expenses": 61000000.0,
        "Special Income Charges": -168000000.0,
        "Gain On Sale Of Ppe": 2000000.0,
        "Gain On Sale Of Business": NaN,
        "Other Special Charges": 2000000.0,
        "Impairment Of Capital Assets": 151000000.0,
        "Restructuring And Mergern Acquisition": 17000000.0,
        "Earnings From Equity Interest": 95000000.0,
        "Gain On Sale Of Security": NaN,
        "Net Non Operating Interest Income Expense": -51000000.0,
        "Total Other Finance Cost": 16000000.0,
        "Interest Expense Non Operating": 39000000.0,
        "Interest Income Non Operating": 4000000.0,
        "Operating Income": 1325000000.0,
        "Operating Expense": 304000000.0,
        "Other Operating Expenses": -6000000.0,
        "Depreciation Amortization Depletion Income Statement": 198000000.0,
        "Selling General And Administration": 112000000.0,
        "Gross Profit": 1629000000.0,
        "Cost Of Revenue": 4661000000.0,
        "Total Revenue": 6290000000.0,
        "Operating Revenue": 6290000000.0
    },
    "2023-09-30": {
        "Tax Effect Of Unusual Items": -1478005.865103,
        "Tax Rate For Calcs": 0.123167,
        "Normalized EBITDA": 599000000.0,
        "Total Unusual Items": -12000000.0,
        "Total Unusual Items Excluding Goodwill": -12000000.0,
        "Net Income From Continuing Operation Net Minority Interest": 299000000.0,
        "Reconciled Depreciation": 230000000.0,
        "Reconciled Cost Of Revenue": 3838000000.0,
        "EBITDA": 587000000.0,
        "EBIT": 357000000.0,
        "Net Interest Income": 16000000.0,
        "Interest Expense": 16000000.0,
        "Interest Income": 39000000.0,
        "Normalized Income": 309521994.134897,
        "Net Income From Continuing And Discontinued Operation": 299000000.0,
        "Total Expenses": 4187000000.0,
        "Diluted Average Shares": 253070000.0,
        "Basic Average Shares": 223109000.0,
        "Diluted EPS": 1.2,
        "Basic EPS": 1.34,
        "Diluted NI Availto Com Stockholders": 302000000.0,
        "Average Dilution Earnings": 3000000.0,
        "Net Income Common Stockholders": 299000000.0,
        "Net Income": 299000000.0,
        "Minority Interests": 0.0,
        "Net Income Including Noncontrolling Interests": 299000000.0,
        "Net Income Continuous Operations": 299000000.0,
        "Tax Provision": 42000000.0,
        "Pretax Income": 341000000.0,
        "Other Income Expense": 81000000.0,
        "Other Non Operating Income Expenses": 42000000.0,
        "Special Income Charges": -18000000.0,
        "Other Special Charges": NaN,
        "Write Off": NaN,
        "Impairment Of Capital Assets": 0.0,
        "Restructuring And Mergern Acquisition": 18000000.0,
        "Earnings From Equity Interest": 51000000.0,
        "Gain On Sale Of Security": 6000000.0,
        "Net Non Operating Interest Income Expense": 16000000.0,
        "Total Other Finance Cost": 7000000.0,
        "Interest Expense Non Operating": 16000000.0,
        "Interest Income Non Operating": 39000000.0,
        "Operating Income": 244000000.0,
        "Operating Expense": 349000000.0,
        "Other Operating Expenses": 1000000.0,
        "Depreciation Amortization Depletion Income Statement": 230000000.0,
        "Selling General And Administration": 118000000.0,
        "Gross Profit": 593000000.0,
        "Cost Of Revenue": 3838000000.0,
        "Total Revenue": 4431000000.0,
        "Operating Revenue": 4431000000.0
    },
    "2023-12-31": {
        "Tax Effect Of Unusual Items": -26880000.0,
        "Tax Rate For Calcs": 0.21,
        "Normalized EBITDA": 213000000.0,
        "Total Unusual Items": -128000000.0,
        "Total Unusual Items Excluding Goodwill": -128000000.0,
        "Net Income From Continuing Operation Net Minority Interest": -80000000.0,
        "Reconciled Depreciation": 241000000.0,
        "Reconciled Cost Of Revenue": 3851000000.0,
        "EBITDA": 85000000.0,
        "EBIT": -156000000.0,
        "Net Interest Income": 25000000.0,
        "Interest Expense": 9000000.0,
        "Interest Income": 38000000.0,
        "Normalized Income": 21120000.0,
        "Net Income From Continuing And Discontinued Operation": -80000000.0,
        "Total Expenses": 4274000000.0,
        "Diluted Average Shares": 223130000.0,
        "Basic Average Shares": 223130000.0,
        "Diluted EPS": -0.36,
        "Basic EPS": -0.36,
        "Diluted NI Availto Com Stockholders": -77000000.0,
        "Average Dilution Earnings": 3000000.0,
        "Net Income Common Stockholders": -80000000.0,
        "Net Income": -80000000.0,
        "Minority Interests": 0.0,
        "Net Income Including Noncontrolling Interests": -80000000.0,
        "Net Income Continuous Operations": -80000000.0,
        "Tax Provision": -85000000.0,
        "Pretax Income": -165000000.0,
        "Other Income Expense": -60000000.0,
        "Other Non Operating Income Expenses": 29000000.0,
        "Special Income Charges": -140000000.0,
        "Other Special Charges": NaN,
        "Write Off": NaN,
        "Impairment Of Capital Assets": 125000000.0,
        "Restructuring And Mergern Acquisition": 15000000.0,
        "Earnings From Equity Interest": 39000000.0,
        "Gain On Sale Of Security": 12000000.0,
        "Net Non Operating Interest Income Expense": 25000000.0,
        "Total Other Finance Cost": 4000000.0,
        "Interest Expense Non Operating": 9000000.0,
        "Interest Income Non Operating": 38000000.0,
        "Operating Income": -130000000.0,
        "Operating Expense": 423000000.0,
        "Other Operating Expenses": 1000000.0,
        "Depreciation Amortization Depletion Income Statement": 241000000.0,
        "Selling General And Administration": 181000000.0,
        "Gross Profit": 293000000.0,
        "Cost Of Revenue": 3851000000.0,
        "Total Revenue": 4144000000.0,
        "Operating Revenue": 4144000000.0
    },
    "2024-03-31": {
        "Tax Effect Of Unusual Items": -1818181.818182,
        "Tax Rate For Calcs": 0.181818,
        "Normalized EBITDA": 431000000.0,
        "Total Unusual Items": -10000000.0,
        "Total Unusual Items Excluding Goodwill": -10000000.0,
        "Net Income From Continuing Operation Net Minority Interest": 171000000.0,
        "Reconciled Depreciation": 210000000.0,
        "Reconciled Cost Of Revenue": 3665000000.0,
        "EBITDA": 421000000.0,
        "EBIT": 211000000.0,
        "Net Interest Income": 19000000.0,
        "Interest Expense": 2000000.0,
        "Interest Income": 32000000.0,
        "Normalized Income": 179181818.181818,
        "Net Income From Continuing And Discontinued Operation": 171000000.0,
        "Total Expenses": 4007000000.0,
        "Diluted Average Shares": 254584000.0,
        "Basic Average Shares": 224099000.0,
        "Diluted EPS": 0.68,
        "Basic EPS": 0.76,
        "Diluted NI Availto Com Stockholders": 174000000.0,
        "Average Dilution Earnings": 3000000.0,
        "Net Income Common Stockholders": 171000000.0,
        "Net Income": 171000000.0,
        "Minority Interests": 0.0,
        "Net Income Including Noncontrolling Interests": 171000000.0,
        "Net Income Continuous Operations": 171000000.0,
        "Tax Provision": 38000000.0,
        "Pretax Income": 209000000.0,
        "Other Income Expense": 37000000.0,
        "Other Non Operating Income Expenses": 33000000.0,
        "Special Income Charges": -14000000.0,
        "Other Special Charges": 1000000.0,
        "Write Off": NaN,
        "Impairment Of Capital Assets": 7000000.0,
        "Restructuring And Mergern Acquisition": 6000000.0,
        "Earnings From Equity Interest": 14000000.0,
        "Gain On Sale Of Security": 4000000.0,
        "Net Non Operating Interest Income Expense": 19000000.0,
        "Total Other Finance Cost": 11000000.0,
        "Interest Expense Non Operating": 2000000.0,
        "Interest Income Non Operating": 32000000.0,
        "Operating Income": 153000000.0,
        "Operating Expense": 342000000.0,
        "Other Operating Expenses": 13000000.0,
        "Depreciation Amortization Depletion Income Statement": 210000000.0,
        "Selling General And Administration": 119000000.0,
        "Gross Profit": 495000000.0,
        "Cost Of Revenue": 3665000000.0,
        "Total Revenue": 4160000000.0,
        "Operating Revenue": 4160000000.0
    },
    "2024-06-30": {
        "Tax Effect Of Unusual Items": -1171548.117155,
        "Tax Rate For Calcs": 0.23431,
        "Normalized EBITDA": 463000000.0,
        "Total Unusual Items": -5000000.0,
        "Total Unusual Items Excluding Goodwill": -5000000.0,
        "Net Income From Continuing Operation Net Minority Interest": 183000000.0,
        "Reconciled Depreciation": 217000000.0,
        "Reconciled Cost Of Revenue": 3629000000.0,
        "EBITDA": 458000000.0,
        "EBIT": 241000000.0,
        "Net Interest Income": 18000000.0,
        "Interest Expense": 2000000.0,
        "Interest Income": 25000000.0,
        "Normalized Income": 186828451.882845,
        "Net Income From Continuing And Discontinued Operation": 183000000.0,
        "Total Expenses": 3970000000.0,
        "Diluted Average Shares": 254248000.0,
        "Basic Average Shares": 224893000.0,
        "Diluted EPS": 0.72,
        "Basic EPS": 0.82,
        "Diluted NI Availto Com Stockholders": 184000000.0,
        "Average Dilution Earnings": 1000000.0,
        "Net Income Common Stockholders": 183000000.0,
        "Net Income": 183000000.0,
        "Minority Interests": 0.0,
        "Net Income Including Noncontrolling Interests": 183000000.0,
        "Net Income Continuous Operations": 183000000.0,
        "Tax Provision": 56000000.0,
        "Pretax Income": 239000000.0,
        "Other Income Expense": 73000000.0,
        "Other Non Operating Income Expenses": 33000000.0,
        "Special Income Charges": -13000000.0,
        "Other Special Charges": 1000000.0,
        "Write Off": 12000000.0,
        "Impairment Of Capital Assets": NaN,
        "Restructuring And Mergern Acquisition": 0.0,
        "Earnings From Equity Interest": 45000000.0,
        "Gain On Sale Of Security": 8000000.0,
        "Net Non Operating Interest Income Expense": 18000000.0,
        "Total Other Finance Cost": 5000000.0,
        "Interest Expense Non Operating": 2000000.0,
        "Interest Income Non Operating": 25000000.0,
        "Operating Income": 148000000.0,
        "Operating Expense": 341000000.0,
        "Other Operating Expenses": 19000000.0,
        "Depreciation Amortization Depletion Income Statement": 217000000.0,
        "Selling General And Administration": 105000000.0,
        "Gross Profit": 489000000.0,
        "Cost Of Revenue": 3629000000.0,
        "Total Revenue": 4118000000.0,
        "Operating Revenue": 4118000000.0
    },
    "2024-09-30": {
        "Tax Effect Of Unusual Items": 840000.0,
        "Tax Rate For Calcs": 0.21,
        "Normalized EBITDA": 345000000.0,
        "Total Unusual Items": 4000000.0,
        "Total Unusual Items Excluding Goodwill": 4000000.0,
        "Net Income From Continuing Operation Net Minority Interest": 119000000.0,
        "Reconciled Depreciation": 235000000.0,
        "Reconciled Cost Of Revenue": 3448000000.0,
        "EBITDA": 349000000.0,
        "EBIT": 114000000.0,
        "Net Interest Income": 19000000.0,
        "Interest Expense": 5000000.0,
        "Interest Income": 23000000.0,
        "Normalized Income": 115840000.0,
        "Net Income From Continuing And Discontinued Operation": 119000000.0,
        "Total Expenses": 3817000000.0,
        "Diluted Average Shares": 254060000.0,
        "Basic Average Shares": 225095000.0,
        "Diluted EPS": 0.48,
        "Basic EPS": 0.53,
        "Diluted NI Availto Com Stockholders": 122000000.0,
        "Average Dilution Earnings": 3000000.0,
        "Net Income Common Stockholders": 119000000.0,
        "Net Income": 119000000.0,
        "Minority Interests": 0.0,
        "Net Income Including Noncontrolling Interests": 119000000.0,
        "Net Income Continuous Operations": 119000000.0,
        "Tax Provision": -10000000.0,
        "Pretax Income": 109000000.0,
        "Other Income Expense": 54000000.0,
        "Other Non Operating Income Expenses": 33000000.0,
        "Special Income Charges": -5000000.0,
        "Other Special Charges": NaN,
        "Write Off": NaN,
        "Impairment Of Capital Assets": 0.0,
        "Restructuring And Mergern Acquisition": 5000000.0,
        "Earnings From Equity Interest": 17000000.0,
        "Gain On Sale Of Security": 9000000.0,
        "Net Non Operating Interest Income Expense": 19000000.0,
        "Total Other Finance Cost": -1000000.0,
        "Interest Expense Non Operating": 5000000.0,
        "Interest Income Non Operating": 23000000.0,
        "Operating Income": 36000000.0,
        "Operating Expense": 369000000.0,
        "Other Operating Expenses": 30000000.0,
        "Depreciation Amortization Depletion Income Statement": 235000000.0,
        "Selling General And Administration": 104000000.0,
        "Gross Profit": 405000000.0,
        "Cost Of Revenue": 3448000000.0,
        "Total Revenue": 3853000000.0,
        "Operating Revenue": 3853000000.0
    }
}