{
    "2023-03-31": {
        "Tax Effect Of Unusual Items": NaN,
        "Tax Rate For Calcs": NaN,
        "Normalized EBITDA": NaN,
        "Total Unusual Items": NaN,
        "Total Unusual Items Excluding Goodwill": NaN,
        "Net Income From Continuing Operation Net Minority Interest": NaN,
        "Reconciled Depreciation": NaN,
        "Reconciled Cost Of Revenue": NaN,
        "EBITDA": NaN,
        "EBIT": NaN,
        "Net Interest Income": NaN,
        "Interest Expense": NaN,
        "Normalized Income": NaN,
        "Net Income From Continuing And Discontinued Operation": NaN,
        "Total Expenses": NaN,
        "Total Operating Income As Reported": NaN,
        "Diluted Average Shares": NaN,
        "Basic Average Shares": NaN,
        "Diluted EPS": NaN,
        "Basic EPS": NaN,
        "Diluted NI Availto Com Stockholders": NaN,
        "Net Income Common Stockholders": NaN,
        "Net Income": NaN,
        "Minority Interests": NaN,
        "Net Income Including Noncontrolling Interests": NaN,
        "Net Income Continuous Operations": NaN,
        "Tax Provision": NaN,
        "Pretax Income": NaN,
        "Other Income Expense": NaN,
        "Other Non Operating Income Expenses": NaN,
        "Special Income Charges": -7615000.0,
        "Other Special Charges": 7615000.0,
        "Gain On Sale Of Security": NaN,
        "Net Non Operating Interest Income Expense": NaN,
        "Interest Expense Non Operating": NaN,
        "Operating Income": NaN,
        "Operating Expense": NaN,
        "Research And Development": NaN,
        "Selling General And Administration": NaN,
        "General And Administrative Expense": NaN,
        "Other Gand A": NaN,
        "Gross Profit": NaN,
        "Cost Of Revenue": NaN,
        "Total Revenue": NaN,
        "Operating Revenue": NaN
    },
    "2022-12-31": {
        "Tax Effect Of Unusual Items": NaN,
        "Tax Rate For Calcs": NaN,
        "Normalized EBITDA": NaN,
        "Total Unusual Items": NaN,
        "Total Unusual Items Excluding Goodwill": NaN,
        "Net Income From Continuing Operation Net Minority Interest": NaN,
        "Reconciled Depreciation": NaN,
        "Reconciled Cost Of Revenue": NaN,
        "EBITDA": NaN,
        "EBIT": NaN,
        "Net Interest Income": NaN,
        "Interest Expense": NaN,
        "Normalized Income": NaN,
        "Net Income From Continuing And Discontinued Operation": NaN,
        "Total Expenses": NaN,
        "Total Operating Income As Reported": NaN,
        "Diluted Average Shares": 29921254.0,
        "Basic Average Shares": 29921254.0,
        "Diluted EPS": -0.43,
        "Basic EPS": -0.43,
        "Diluted NI Availto Com Stockholders": NaN,
        "Net Income Common Stockholders": NaN,
        "Net Income": NaN,
        "Minority Interests": NaN,
        "Net Income Including Noncontrolling Interests": NaN,
        "Net Income Continuous Operations": NaN,
        "Tax Provision": NaN,
        "Pretax Income": NaN,
        "Other Income Expense": NaN,
        "Other Non Operating Income Expenses": NaN,
        "Special Income Charges": NaN,
        "Other Special Charges": NaN,
        "Gain On Sale Of Security": NaN,
        "Net Non Operating Interest Income Expense": NaN,
        "Interest Expense Non Operating": NaN,
        "Operating Income": NaN,
        "Operating Expense": NaN,
        "Research And Development": NaN,
        "Selling General And Administration": NaN,
        "General And Administrative Expense": NaN,
        "Other Gand A": NaN,
        "Gross Profit": NaN,
        "Cost Of Revenue": NaN,
        "Total Revenue": NaN,
        "Operating Revenue": NaN
    },
    "2022-09-30": {
        "Tax Effect Of Unusual Items": NaN,
        "Tax Rate For Calcs": NaN,
        "Normalized EBITDA": NaN,
        "Total Unusual Items": NaN,
        "Total Unusual Items Excluding Goodwill": NaN,
        "Net Income From Continuing Operation Net Minority Interest": NaN,
        "Reconciled Depreciation": NaN,
        "Reconciled Cost Of Revenue": NaN,
        "EBITDA": NaN,
        "EBIT": NaN,
        "Net Interest Income": NaN,
        "Interest Expense": NaN,
        "Normalized Income": NaN,
        "Net Income From Continuing And Discontinued Operation": NaN,
        "Total Expenses": NaN,
        "Total Operating Income As Reported": NaN,
        "Diluted Average Shares": 29898825.0,
        "Basic Average Shares": 29898825.0,
        "Diluted EPS": -0.4,
        "Basic EPS": -0.4,
        "Diluted NI Availto Com Stockholders": NaN,
        "Net Income Common Stockholders": NaN,
        "Net Income": NaN,
        "Minority Interests": NaN,
        "Net Income Including Noncontrolling Interests": NaN,
        "Net Income Continuous Operations": NaN,
        "Tax Provision": NaN,
        "Pretax Income": NaN,
        "Other Income Expense": NaN,
        "Other Non Operating Income Expenses": 88000.0,
        "Special Income Charges": NaN,
        "Other Special Charges": NaN,
        "Gain On Sale Of Security": NaN,
        "Net Non Operating Interest Income Expense": NaN,
        "Interest Expense Non Operating": NaN,
        "Operating Income": NaN,
        "Operating Expense": NaN,
        "Research And Development": NaN,
        "Selling General And Administration": NaN,
        "General And Administrative Expense": NaN,
        "Other Gand A": NaN,
        "Gross Profit": NaN,
        "Cost Of Revenue": NaN,
        "Total Revenue": NaN,
        "Operating Revenue": NaN
    },
    "2022-06-30": {
        "Tax Effect Of Unusual Items": 0.0,
        "Tax Rate For Calcs": 0.0,
        "Normalized EBITDA": -11240000.0,
        "Total Unusual Items": -177000.0,
        "Total Unusual Items Excluding Goodwill": -177000.0,
        "Net Income From Continuing Operation Net Minority Interest": -10934000.0,
        "Reconciled Depreciation": 190000.0,
        "Reconciled Cost Of Revenue": NaN,
        "EBITDA": -11417000.0,
        "EBIT": -11607000.0,
        "Net Interest Income": -48000.0,
        "Interest Expense": 48000.0,
        "Normalized Income": -10757000.0,
        "Net Income From Continuing And Discontinued Operation": -10934000.0,
        "Total Expenses": 11440000.0,
        "Total Operating Income As Reported": -11440000.0,
        "Diluted Average Shares": 29888004.0,
        "Basic Average Shares": 29888004.0,
        "Diluted EPS": -0.37,
        "Basic EPS": -0.37,
        "Diluted NI Availto Com Stockholders": -10934000.0,
        "Net Income Common Stockholders": -10934000.0,
        "Net Income": -10934000.0,
        "Minority Interests": 720000.0,
        "Net Income Including Noncontrolling Interests": -11655000.0,
        "Net Income Continuous Operations": -11655000.0,
        "Tax Provision": 0.0,
        "Pretax Income": -11655000.0,
        "Other Income Expense": -167000.0,
        "Other Non Operating Income Expenses": 10000.0,
        "Special Income Charges": NaN,
        "Other Special Charges": NaN,
        "Gain On Sale Of Security": -177000.0,
        "Net Non Operating Interest Income Expense": -48000.0,
        "Interest Expense Non Operating": 48000.0,
        "Operating Income": -11440000.0,
        "Operating Expense": 11440000.0,
        "Research And Development": 3226000.0,
        "Selling General And Administration": 8214000.0,
        "General And Administrative Expense": 8214000.0,
        "Other Gand A": 8214000.0,
        "Gross Profit": NaN,
        "Cost Of Revenue": NaN,
        "Total Revenue": 0.0,
        "Operating Revenue": 0.0
    },
    "2022-03-31": {
        "Diluted EPS": -0.72,
        "Total Revenue": NaN,
        "Gross Profit": NaN,
        "Operating Income": -20,
        "EBIT": -21,
        "Net Income": -20
    },
    "2021-12-31": {
        "Diluted EPS": -0.29,
        "Total Revenue": NaN,
        "Gross Profit": NaN,
        "Operating Income": -7,
        "EBIT": -7,
        "Net Income": -8
    },
    "2021-09-30": {
        "Diluted EPS": -0.36,
        "Total Revenue": NaN,
        "Gross Profit": NaN,
        "Operating Income": -6,
        "EBIT": -6,
        "Net Income": -9
    },
    "2021-06-30": {
        "Diluted EPS": -0.31,
        "Total Revenue": NaN,
        "Gross Profit": NaN,
        "Operating Income": -7,
        "EBIT": -7,
        "Net Income": -7
    },
    "2021-03-31": {
        "Diluted EPS": -0.23,
        "Total Revenue": 0,
        "Gross Profit": 0,
        "Operating Income": -5,
        "EBIT": -5,
        "Net Income": -5
    },
    "2020-12-31": {
        "Diluted EPS": -0.33,
        "Total Revenue": 0,
        "Gross Profit": 0,
        "Operating Income": -6,
        "EBIT": -6,
        "Net Income": -6
    },
    "2020-09-30": {
        "Diluted EPS": -0.3,
        "Total Revenue": 0,
        "Gross Profit": 0,
        "Operating Income": -5,
        "EBIT": -5,
        "Net Income": -5
    },
    "2020-06-30": {
        "Diluted EPS": -0.41,
        "Total Revenue": 0,
        "Gross Profit": 0,
        "Operating Income": -7,
        "EBIT": -7,
        "Net Income": -7
    },
    "2020-03-31": {
        "Diluted EPS": -0.36,
        "Total Revenue": 0,
        "Gross Profit": 0,
        "Operating Income": -5,
        "EBIT": -5,
        "Net Income": -5
    },
    "2019-12-31": {
        "Diluted EPS": -0.43,
        "Total Revenue": 0,
        "Gross Profit": 0,
        "Operating Income": -5,
        "EBIT": -5,
        "Net Income": -5
    },
    "2019-09-30": {
        "Diluted EPS": -0.38,
        "Total Revenue": 1,
        "Gross Profit": 1,
        "Operating Income": -4,
        "EBIT": -4,
        "Net Income": -4
    },
    "2019-06-30": {
        "Diluted EPS": -0.67,
        "Total Revenue": 1,
        "Gross Profit": 1,
        "Operating Income": -4,
        "EBIT": -4,
        "Net Income": -6
    },
    "2019-03-31": {
        "Diluted EPS": -0.01,
        "Total Revenue": 8,
        "Gross Profit": 8,
        "Operating Income": 4,
        "EBIT": 4,
        "Net Income": 0
    },
    "2018-12-31": {
        "Diluted EPS": -0.28,
        "Total Revenue": NaN,
        "Gross Profit": NaN,
        "Operating Income": -2,
        "EBIT": -2,
        "Net Income": -2
    },
    "2018-09-30": {
        "Diluted EPS": -0.28,
        "Total Revenue": NaN,
        "Gross Profit": NaN,
        "Operating Income": -2,
        "EBIT": -2,
        "Net Income": -2
    },
    "2018-06-30": {
        "Diluted EPS": -0.2,
        "Total Revenue": NaN,
        "Gross Profit": NaN,
        "Operating Income": -2,
        "EBIT": -2,
        "Net Income": -2
    },
    "2018-03-31": {
        "Diluted EPS": 0.0,
        "Total Revenue": NaN,
        "Gross Profit": NaN,
        "Operating Income": NaN,
        "EBIT": NaN,
        "Net Income": NaN
    },
    "2017-12-31": {
        "Diluted EPS": 0.0,
        "Total Revenue": NaN,
        "Gross Profit": NaN,
        "Operating Income": NaN,
        "EBIT": NaN,
        "Net Income": NaN
    },
    "2017-09-30": {
        "Diluted EPS": -1.18,
        "Total Revenue": NaN,
        "Gross Profit": NaN,
        "Operating Income": -2,
        "EBIT": -2,
        "Net Income": -7
    },
    "2017-06-30": {
        "Diluted EPS": -0.46,
        "Total Revenue": NaN,
        "Gross Profit": NaN,
        "Operating Income": -3,
        "EBIT": -3,
        "Net Income": -3
    },
    "2017-03-31": {
        "Diluted EPS": -1.12,
        "Total Revenue": NaN,
        "Gross Profit": NaN,
        "Operating Income": -4,
        "EBIT": -4,
        "Net Income": -6
    },
    "2016-12-31": {
        "Diluted EPS": 0.0,
        "Total Revenue": NaN,
        "Gross Profit": NaN,
        "Operating Income": -1,
        "EBIT": -1,
        "Net Income": -1
    },
    "2016-09-30": {
        "Diluted EPS": -0.44,
        "Total Revenue": NaN,
        "Gross Profit": NaN,
        "Operating Income": 0,
        "EBIT": 0,
        "Net Income": -1
    },
    "2016-06-30": {
        "Diluted EPS": -0.44,
        "Total Revenue": NaN,
        "Gross Profit": NaN,
        "Operating Income": -1,
        "EBIT": -1,
        "Net Income": -1
    },
    "2016-03-31": {
        "Diluted EPS": -0.58,
        "Total Revenue": NaN,
        "Gross Profit": NaN,
        "Operating Income": -1,
        "EBIT": 0,
        "Net Income": -1
    },
    "2015-12-31": {
        "Diluted EPS": 0.0,
        "Total Revenue": NaN,
        "Gross Profit": NaN,
        "Operating Income": NaN,
        "EBIT": NaN,
        "Net Income": NaN
    },
    "2023-06-30": {
        "Tax Effect Of Unusual Items": NaN,
        "Tax Rate For Calcs": NaN,
        "Normalized EBITDA": NaN,
        "Total Unusual Items": NaN,
        "Total Unusual Items Excluding Goodwill": NaN,
        "Net Income From Continuing Operation Net Minority Interest": NaN,
        "Reconciled Depreciation": NaN,
        "Reconciled Cost Of Revenue": NaN,
        "EBITDA": NaN,
        "EBIT": NaN,
        "Net Interest Income": NaN,
        "Interest Expense": NaN,
        "Normalized Income": NaN,
        "Net Income From Continuing And Discontinued Operation": NaN,
        "Total Expenses": NaN,
        "Total Operating Income As Reported": NaN,
        "Diluted Average Shares": 31382986.0,
        "Basic Average Shares": 31382986.0,
        "Diluted EPS": -0.45,
        "Basic EPS": -0.45,
        "Diluted NI Availto Com Stockholders": NaN,
        "Net Income Common Stockholders": NaN,
        "Net Income": NaN,
        "Minority Interests": NaN,
        "Net Income Including Noncontrolling Interests": NaN,
        "Net Income Continuous Operations": NaN,
        "Tax Provision": NaN,
        "Pretax Income": NaN,
        "Other Income Expense": NaN,
        "Other Non Operating Income Expenses": NaN,
        "Special Income Charges": -198000.0,
        "Gain On Sale Of Ppe": NaN,
        "Other Special Charges": 198000.0,
        "Gain On Sale Of Security": NaN,
        "Net Non Operating Interest Income Expense": NaN,
        "Interest Expense Non Operating": NaN,
        "Operating Income": NaN,
        "Operating Expense": NaN,
        "Research And Development": NaN,
        "Selling General And Administration": NaN,
        "General And Administrative Expense": NaN,
        "Other Gand A": NaN,
        "Gross Profit": NaN,
        "Cost Of Revenue": NaN,
        "Total Revenue": NaN,
        "Operating Revenue": NaN
    },
    "2023-09-30": {
        "Tax Effect Of Unusual Items": 0.0,
        "Tax Rate For Calcs": 0.0,
        "Normalized EBITDA": -17427000.0,
        "Total Unusual Items": 1423000.0,
        "Total Unusual Items Excluding Goodwill": 1423000.0,
        "Net Income From Continuing Operation Net Minority Interest": -16220000.0,
        "Reconciled Depreciation": 508000.0,
        "Reconciled Cost Of Revenue": 432000.0,
        "EBITDA": -16004000.0,
        "EBIT": -16512000.0,
        "Net Interest Income": -914000.0,
        "Interest Expense": 914000.0,
        "Normalized Income": -17643000.0,
        "Net Income From Continuing And Discontinued Operation": -16220000.0,
        "Total Expenses": 17773000.0,
        "Total Operating Income As Reported": -17535000.0,
        "Diluted Average Shares": 31800492.0,
        "Basic Average Shares": 31800492.0,
        "Diluted EPS": -0.51,
        "Basic EPS": -0.51,
        "Diluted NI Availto Com Stockholders": -16220000.0,
        "Net Income Common Stockholders": -16220000.0,
        "Net Income": -16220000.0,
        "Minority Interests": 1205000.0,
        "Net Income Including Noncontrolling Interests": -17426000.0,
        "Net Income Continuous Operations": -17426000.0,
        "Tax Provision": 0.0,
        "Pretax Income": -17426000.0,
        "Other Income Expense": 1023000.0,
        "Other Non Operating Income Expenses": -400000.0,
        "Special Income Charges": 0.0,
        "Gain On Sale Of Ppe": 0.0,
        "Other Special Charges": 400000.0,
        "Gain On Sale Of Security": 1423000.0,
        "Net Non Operating Interest Income Expense": -914000.0,
        "Interest Expense Non Operating": 914000.0,
        "Operating Income": -17534000.0,
        "Operating Expense": 17341000.0,
        "Research And Development": 7130000.0,
        "Selling General And Administration": 10211000.0,
        "General And Administrative Expense": 10211000.0,
        "Other Gand A": 10211000.0,
        "Gross Profit": -193000.0,
        "Cost Of Revenue": 432000.0,
        "Total Revenue": 239000.0,
        "Operating Revenue": 239000.0
    },
    "2023-12-31": {
        "Tax Effect Of Unusual Items": 0.0,
        "Tax Rate For Calcs": 0.0,
        "Normalized EBITDA": -16283000.0,
        "Total Unusual Items": 600000.0,
        "Total Unusual Items Excluding Goodwill": 600000.0,
        "Net Income From Continuing Operation Net Minority Interest": -16220000.0,
        "Reconciled Depreciation": 656000.0,
        "Reconciled Cost Of Revenue": 748000.0,
        "EBITDA": -15683000.0,
        "EBIT": -16339000.0,
        "Net Interest Income": -919000.0,
        "Interest Expense": 919000.0,
        "Normalized Income": -16820000.0,
        "Net Income From Continuing And Discontinued Operation": -16220000.0,
        "Total Expenses": 17354000.0,
        "Total Operating Income As Reported": -16963000.0,
        "Diluted Average Shares": 32462476.0,
        "Basic Average Shares": 32462476.0,
        "Diluted EPS": -0.5,
        "Basic EPS": -0.5,
        "Diluted NI Availto Com Stockholders": -16220000.0,
        "Net Income Common Stockholders": -16220000.0,
        "Net Income": -16220000.0,
        "Minority Interests": 1038000.0,
        "Net Income Including Noncontrolling Interests": -17258000.0,
        "Net Income Continuous Operations": -17258000.0,
        "Tax Provision": 0.0,
        "Pretax Income": -17258000.0,
        "Other Income Expense": 624000.0,
        "Other Non Operating Income Expenses": 24000.0,
        "Special Income Charges": -11000.0,
        "Gain On Sale Of Ppe": NaN,
        "Other Special Charges": 11000.0,
        "Gain On Sale Of Security": 600000.0,
        "Net Non Operating Interest Income Expense": -919000.0,
        "Interest Expense Non Operating": 919000.0,
        "Operating Income": -16962000.0,
        "Operating Expense": 16606000.0,
        "Research And Development": 6838000.0,
        "Selling General And Administration": 9768000.0,
        "General And Administrative Expense": 9768000.0,
        "Other Gand A": 9768000.0,
        "Gross Profit": -356000.0,
        "Cost Of Revenue": 748000.0,
        "Total Revenue": 391000.0,
        "Operating Revenue": 391000.0
    },
    "2024-03-31": {
        "Tax Effect Of Unusual Items": 0.0,
        "Tax Rate For Calcs": 0.0,
        "Normalized EBITDA": -12015000.0,
        "Total Unusual Items": -883000.0,
        "Total Unusual Items Excluding Goodwill": -883000.0,
        "Net Income From Continuing Operation Net Minority Interest": -13707000.0,
        "Reconciled Depreciation": 737000.0,
        "Reconciled Cost Of Revenue": 983000.0,
        "EBITDA": -12898000.0,
        "EBIT": -13635000.0,
        "Net Interest Income": -921000.0,
        "Interest Expense": 921000.0,
        "Normalized Income": -12824000.0,
        "Net Income From Continuing And Discontinued Operation": -13707000.0,
        "Total Expenses": 13104000.0,
        "Total Operating Income As Reported": -12634000.0,
        "Diluted Average Shares": NaN,
        "Basic Average Shares": NaN,
        "Diluted EPS": NaN,
        "Basic EPS": NaN,
        "Diluted NI Availto Com Stockholders": -13707000.0,
        "Net Income Common Stockholders": -13707000.0,
        "Net Income": -13707000.0,
        "Minority Interests": 849000.0,
        "Net Income Including Noncontrolling Interests": -14556000.0,
        "Net Income Continuous Operations": -14556000.0,
        "Tax Provision": 0.0,
        "Pretax Income": -14556000.0,
        "Other Income Expense": -999000.0,
        "Other Non Operating Income Expenses": -116000.0,
        "Special Income Charges": 11000.0,
        "Gain On Sale Of Ppe": NaN,
        "Other Special Charges": -11000.0,
        "Gain On Sale Of Security": -883000.0,
        "Net Non Operating Interest Income Expense": -921000.0,
        "Interest Expense Non Operating": 921000.0,
        "Operating Income": -12634000.0,
        "Operating Expense": 12121000.0,
        "Research And Development": 5699000.0,
        "Selling General And Administration": 6422000.0,
        "General And Administrative Expense": 6422000.0,
        "Other Gand A": 6422000.0,
        "Gross Profit": -513000.0,
        "Cost Of Revenue": 983000.0,
        "Total Revenue": 470000.0,
        "Operating Revenue": 470000.0
    },
    "2024-06-30": {
        "Tax Effect Of Unusual Items": 0.0,
        "Tax Rate For Calcs": 0.0,
        "Normalized EBITDA": -12753000.0,
        "Total Unusual Items": 1492000.0,
        "Total Unusual Items Excluding Goodwill": 1492000.0,
        "Net Income From Continuing Operation Net Minority Interest": -12201000.0,
        "Reconciled Depreciation": 830000.0,
        "Reconciled Cost Of Revenue": 1016000.0,
        "EBITDA": -11261000.0,
        "EBIT": -12091000.0,
        "Net Interest Income": -964000.0,
        "Interest Expense": 964000.0,
        "Normalized Income": -13693000.0,
        "Net Income From Continuing And Discontinued Operation": -12201000.0,
        "Total Expenses": 14264000.0,
        "Total Operating Income As Reported": -13580000.0,
        "Diluted Average Shares": 45900821.0,
        "Basic Average Shares": 45900821.0,
        "Diluted EPS": -0.27,
        "Basic EPS": -0.27,
        "Diluted NI Availto Com Stockholders": -12201000.0,
        "Net Income Common Stockholders": -12201000.0,
        "Net Income": -12201000.0,
        "Minority Interests": 854000.0,
        "Net Income Including Noncontrolling Interests": -13055000.0,
        "Net Income Continuous Operations": -13055000.0,
        "Tax Provision": 0.0,
        "Pretax Income": -13055000.0,
        "Other Income Expense": 1490000.0,
        "Other Non Operating Income Expenses": -2000.0,
        "Special Income Charges": NaN,
        "Gain On Sale Of Ppe": NaN,
        "Other Special Charges": NaN,
        "Gain On Sale Of Security": 1492000.0,
        "Net Non Operating Interest Income Expense": -964000.0,
        "Interest Expense Non Operating": 964000.0,
        "Operating Income": -13580000.0,
        "Operating Expense": 13248000.0,
        "Research And Development": 6009000.0,
        "Selling General And Administration": 7239000.0,
        "General And Administrative Expense": 7239000.0,
        "Other Gand A": 7239000.0,
        "Gross Profit": -332000.0,
        "Cost Of Revenue": 1016000.0,
        "Total Revenue": 683000.0,
        "Operating Revenue": 683000.0
    },
    "2024-09-30": {
        "Tax Effect Of Unusual Items": 0.0,
        "Tax Rate For Calcs": 0.0,
        "Normalized EBITDA": -11837000.0,
        "Total Unusual Items": -319000.0,
        "Total Unusual Items Excluding Goodwill": -319000.0,
        "Net Income From Continuing Operation Net Minority Interest": -13358000.0,
        "Reconciled Depreciation": 946000.0,
        "Reconciled Cost Of Revenue": 1882000.0,
        "EBITDA": -12156000.0,
        "EBIT": -13102000.0,
        "Net Interest Income": -927000.0,
        "Interest Expense": 927000.0,
        "Normalized Income": -13039000.0,
        "Net Income From Continuing And Discontinued Operation": -13358000.0,
        "Total Expenses": 13630000.0,
        "Total Operating Income As Reported": -12833000.0,
        "Diluted Average Shares": 47118535.0,
        "Basic Average Shares": 47118535.0,
        "Diluted EPS": -0.28,
        "Basic EPS": -0.28,
        "Diluted NI Availto Com Stockholders": -13358000.0,
        "Net Income Common Stockholders": -13358000.0,
        "Net Income": -13358000.0,
        "Minority Interests": 671000.0,
        "Net Income Including Noncontrolling Interests": -14029000.0,
        "Net Income Continuous Operations": -14029000.0,
        "Tax Provision": 0.0,
        "Pretax Income": -14029000.0,
        "Other Income Expense": -270000.0,
        "Other Non Operating Income Expenses": 49000.0,
        "Special Income Charges": -795000.0,
        "Gain On Sale Of Ppe": -171000.0,
        "Other Special Charges": 624000.0,
        "Gain On Sale Of Security": 476000.0,
        "Net Non Operating Interest Income Expense": -927000.0,
        "Interest Expense Non Operating": 927000.0,
        "Operating Income": -12832000.0,
        "Operating Expense": 11748000.0,
        "Research And Development": 4585000.0,
        "Selling General And Administration": 7163000.0,
        "General And Administrative Expense": 7163000.0,
        "Other Gand A": 7163000.0,
        "Gross Profit": -1084000.0,
        "Cost Of Revenue": 1882000.0,
        "Total Revenue": 798000.0,
        "Operating Revenue": 798000.0
    }
}