{
    "2023-03-31": {
        "Tax Effect Of Unusual Items": NaN,
        "Tax Rate For Calcs": NaN,
        "Normalized EBITDA": NaN,
        "Net Income From Continuing Operation Net Minority Interest": NaN,
        "Reconciled Depreciation": 0.0,
        "EBITDA": NaN,
        "EBIT": NaN,
        "Net Interest Income": NaN,
        "Interest Income": NaN,
        "Normalized Income": NaN,
        "Net Income From Continuing And Discontinued Operation": NaN,
        "Total Expenses": NaN,
        "Total Operating Income As Reported": NaN,
        "Diluted Average Shares": NaN,
        "Basic Average Shares": NaN,
        "Diluted EPS": NaN,
        "Basic EPS": NaN,
        "Diluted NI Availto Com Stockholders": NaN,
        "Net Income Common Stockholders": NaN,
        "Net Income": NaN,
        "Net Income Including Noncontrolling Interests": NaN,
        "Net Income Continuous Operations": NaN,
        "Pretax Income": NaN,
        "Other Income Expense": NaN,
        "Other Non Operating Income Expenses": NaN,
        "Net Non Operating Interest Income Expense": NaN,
        "Interest Income Non Operating": NaN,
        "Operating Income": NaN,
        "Operating Expense": NaN,
        "Research And Development": NaN,
        "Selling General And Administration": NaN,
        "General And Administrative Expense": NaN,
        "Other Gand A": NaN,
        "Total Revenue": NaN,
        "Operating Revenue": NaN
    },
    "2022-12-31": {
        "Tax Effect Of Unusual Items": NaN,
        "Tax Rate For Calcs": NaN,
        "Normalized EBITDA": NaN,
        "Net Income From Continuing Operation Net Minority Interest": NaN,
        "Reconciled Depreciation": 0.0,
        "EBITDA": NaN,
        "EBIT": NaN,
        "Net Interest Income": NaN,
        "Interest Income": NaN,
        "Normalized Income": NaN,
        "Net Income From Continuing And Discontinued Operation": NaN,
        "Total Expenses": NaN,
        "Total Operating Income As Reported": NaN,
        "Diluted Average Shares": NaN,
        "Basic Average Shares": NaN,
        "Diluted EPS": NaN,
        "Basic EPS": NaN,
        "Diluted NI Availto Com Stockholders": NaN,
        "Net Income Common Stockholders": NaN,
        "Net Income": NaN,
        "Net Income Including Noncontrolling Interests": NaN,
        "Net Income Continuous Operations": NaN,
        "Pretax Income": NaN,
        "Other Income Expense": NaN,
        "Other Non Operating Income Expenses": NaN,
        "Net Non Operating Interest Income Expense": NaN,
        "Interest Income Non Operating": NaN,
        "Operating Income": NaN,
        "Operating Expense": NaN,
        "Research And Development": NaN,
        "Selling General And Administration": NaN,
        "General And Administrative Expense": NaN,
        "Other Gand A": NaN,
        "Total Revenue": NaN,
        "Operating Revenue": NaN
    },
    "2022-09-30": {
        "Tax Effect Of Unusual Items": NaN,
        "Tax Rate For Calcs": NaN,
        "Normalized EBITDA": NaN,
        "Net Income From Continuing Operation Net Minority Interest": NaN,
        "Reconciled Depreciation": NaN,
        "EBITDA": NaN,
        "EBIT": NaN,
        "Net Interest Income": NaN,
        "Interest Income": NaN,
        "Normalized Income": NaN,
        "Net Income From Continuing And Discontinued Operation": NaN,
        "Total Expenses": NaN,
        "Total Operating Income As Reported": NaN,
        "Diluted Average Shares": 1431659.0,
        "Basic Average Shares": 1431659.0,
        "Diluted EPS": -0.56,
        "Basic EPS": -0.56,
        "Diluted NI Availto Com Stockholders": NaN,
        "Net Income Common Stockholders": NaN,
        "Net Income": NaN,
        "Net Income Including Noncontrolling Interests": NaN,
        "Net Income Continuous Operations": NaN,
        "Pretax Income": NaN,
        "Other Income Expense": NaN,
        "Other Non Operating Income Expenses": NaN,
        "Net Non Operating Interest Income Expense": NaN,
        "Interest Income Non Operating": NaN,
        "Operating Income": NaN,
        "Operating Expense": NaN,
        "Research And Development": NaN,
        "Selling General And Administration": NaN,
        "General And Administrative Expense": NaN,
        "Other Gand A": NaN,
        "Total Revenue": NaN,
        "Operating Revenue": NaN
    },
    "2022-06-30": {
        "Tax Effect Of Unusual Items": 0.0,
        "Tax Rate For Calcs": 0.0,
        "Normalized EBITDA": -2677467.0,
        "Net Income From Continuing Operation Net Minority Interest": -2672190.0,
        "Reconciled Depreciation": 9612.0,
        "EBITDA": -2677467.0,
        "EBIT": -2687079.0,
        "Net Interest Income": 15965.0,
        "Interest Income": 15965.0,
        "Normalized Income": -2672190.0,
        "Net Income From Continuing And Discontinued Operation": -2672190.0,
        "Total Expenses": 3103789.0,
        "Total Operating Income As Reported": -2687079.0,
        "Diluted Average Shares": 1406657.0,
        "Basic Average Shares": 1406657.0,
        "Diluted EPS": -1.9,
        "Basic EPS": -1.9,
        "Diluted NI Availto Com Stockholders": -2672190.0,
        "Net Income Common Stockholders": -2672190.0,
        "Net Income": -2672190.0,
        "Net Income Including Noncontrolling Interests": -2672190.0,
        "Net Income Continuous Operations": -2672190.0,
        "Pretax Income": -2672190.0,
        "Other Income Expense": -1076.0,
        "Other Non Operating Income Expenses": -1076.0,
        "Net Non Operating Interest Income Expense": 15965.0,
        "Interest Income Non Operating": 15965.0,
        "Operating Income": -2687079.0,
        "Operating Expense": 3103789.0,
        "Research And Development": 2077499.0,
        "Selling General And Administration": 1026290.0,
        "General And Administrative Expense": 1026290.0,
        "Other Gand A": 1026290.0,
        "Total Revenue": 416710.0,
        "Operating Revenue": 416710.0
    },
    "2022-03-31": {
        "Diluted EPS": -1.2,
        "Total Revenue": 0,
        "Gross Profit": 0,
        "Operating Income": -2,
        "EBIT": -2,
        "Net Income": -2
    },
    "2021-12-31": {
        "Diluted EPS": -1.4,
        "Total Revenue": 0,
        "Gross Profit": 0,
        "Operating Income": -2,
        "EBIT": -2,
        "Net Income": -2
    },
    "2021-09-30": {
        "Diluted EPS": -1.3,
        "Total Revenue": 0,
        "Gross Profit": 0,
        "Operating Income": -1,
        "EBIT": -1,
        "Net Income": -1
    },
    "2021-06-30": {
        "Diluted EPS": -1.3,
        "Total Revenue": 0,
        "Gross Profit": 0,
        "Operating Income": -1,
        "EBIT": -1,
        "Net Income": -1
    },
    "2021-03-31": {
        "Diluted EPS": -1.5,
        "Total Revenue": 0,
        "Gross Profit": 0,
        "Operating Income": -1,
        "EBIT": -1,
        "Net Income": -1
    },
    "2020-12-31": {
        "Diluted EPS": -1.6,
        "Total Revenue": 0,
        "Gross Profit": 0,
        "Operating Income": -1,
        "EBIT": -10,
        "Net Income": -1
    },
    "2020-09-30": {
        "Diluted EPS": -12.0,
        "Total Revenue": 0,
        "Gross Profit": 0,
        "Operating Income": -11,
        "EBIT": -1,
        "Net Income": -8
    },
    "2020-06-30": {
        "Diluted EPS": -1.5,
        "Total Revenue": 0,
        "Gross Profit": 0,
        "Operating Income": -1,
        "EBIT": -1,
        "Net Income": -1
    },
    "2020-03-31": {
        "Diluted EPS": -1.9,
        "Total Revenue": 0,
        "Gross Profit": 0,
        "Operating Income": -1,
        "EBIT": -1,
        "Net Income": -1
    },
    "2019-12-31": {
        "Diluted EPS": 43.5,
        "Total Revenue": NaN,
        "Gross Profit": NaN,
        "Operating Income": -1,
        "EBIT": -1,
        "Net Income": -1
    },
    "2019-09-30": {
        "Diluted EPS": -26.7,
        "Total Revenue": NaN,
        "Gross Profit": NaN,
        "Operating Income": -9,
        "EBIT": -6,
        "Net Income": -10
    },
    "2019-06-30": {
        "Diluted EPS": -15.6,
        "Total Revenue": NaN,
        "Gross Profit": NaN,
        "Operating Income": -1,
        "EBIT": -1,
        "Net Income": -1
    },
    "2019-03-31": {
        "Diluted EPS": -64.5,
        "Total Revenue": NaN,
        "Gross Profit": NaN,
        "Operating Income": -1,
        "EBIT": -1,
        "Net Income": -5
    },
    "2018-12-31": {
        "Diluted EPS": -20.49,
        "Total Revenue": NaN,
        "Gross Profit": NaN,
        "Operating Income": -2,
        "EBIT": -2,
        "Net Income": -2
    },
    "2018-09-30": {
        "Diluted EPS": -23.1,
        "Total Revenue": NaN,
        "Gross Profit": NaN,
        "Operating Income": -2,
        "EBIT": -2,
        "Net Income": -2
    },
    "2018-06-30": {
        "Diluted EPS": -27.8,
        "Total Revenue": NaN,
        "Gross Profit": NaN,
        "Operating Income": -2,
        "EBIT": -2,
        "Net Income": -2
    },
    "2018-03-31": {
        "Diluted EPS": -25.21,
        "Total Revenue": NaN,
        "Gross Profit": NaN,
        "Operating Income": -2,
        "EBIT": -2,
        "Net Income": -2
    },
    "2017-12-31": {
        "Diluted EPS": 63.63,
        "Total Revenue": 8,
        "Gross Profit": 8,
        "Operating Income": 4,
        "EBIT": 4,
        "Net Income": 4
    },
    "2017-09-30": {
        "Diluted EPS": -31.21,
        "Total Revenue": 0,
        "Gross Profit": 0,
        "Operating Income": -2,
        "EBIT": -2,
        "Net Income": -2
    },
    "2017-06-30": {
        "Diluted EPS": -40.82,
        "Total Revenue": NaN,
        "Gross Profit": NaN,
        "Operating Income": -3,
        "EBIT": -3,
        "Net Income": -3
    },
    "2017-03-31": {
        "Diluted EPS": -40.82,
        "Total Revenue": NaN,
        "Gross Profit": NaN,
        "Operating Income": -3,
        "EBIT": -3,
        "Net Income": -3
    },
    "2016-12-31": {
        "Diluted EPS": -79.23,
        "Total Revenue": NaN,
        "Gross Profit": NaN,
        "Operating Income": -3,
        "EBIT": -3,
        "Net Income": -4
    },
    "2016-09-30": {
        "Diluted EPS": -33.61,
        "Total Revenue": NaN,
        "Gross Profit": NaN,
        "Operating Income": -2,
        "EBIT": -2,
        "Net Income": -2
    },
    "2016-06-30": {
        "Diluted EPS": -734.69,
        "Total Revenue": NaN,
        "Gross Profit": NaN,
        "Operating Income": -43,
        "EBIT": -43,
        "Net Income": -48
    },
    "2016-03-31": {
        "Diluted EPS": -93.64,
        "Total Revenue": NaN,
        "Gross Profit": NaN,
        "Operating Income": -2,
        "EBIT": -2,
        "Net Income": -4
    },
    "2015-12-31": {
        "Diluted EPS": -92.43,
        "Total Revenue": NaN,
        "Gross Profit": NaN,
        "Operating Income": -3,
        "EBIT": -3,
        "Net Income": -4
    },
    "2015-09-30": {
        "Diluted EPS": -151.26,
        "Total Revenue": NaN,
        "Gross Profit": NaN,
        "Operating Income": -4,
        "EBIT": -4,
        "Net Income": -5
    },
    "2015-06-30": {
        "Diluted EPS": -32.41,
        "Total Revenue": NaN,
        "Gross Profit": NaN,
        "Operating Income": -1,
        "EBIT": -1,
        "Net Income": -1
    },
    "2015-03-31": {
        "Diluted EPS": -79.24,
        "Total Revenue": NaN,
        "Gross Profit": NaN,
        "Operating Income": -2,
        "EBIT": -2,
        "Net Income": -2
    },
    "2014-12-31": {
        "Diluted EPS": -158.48,
        "Total Revenue": NaN,
        "Gross Profit": NaN,
        "Operating Income": -4,
        "EBIT": -4,
        "Net Income": -4
    },
    "2014-09-30": {
        "Diluted EPS": -79.24,
        "Total Revenue": NaN,
        "Gross Profit": NaN,
        "Operating Income": -3,
        "EBIT": -3,
        "Net Income": -3
    },
    "2014-06-30": {
        "Diluted EPS": -79.24,
        "Total Revenue": NaN,
        "Gross Profit": NaN,
        "Operating Income": -3,
        "EBIT": -3,
        "Net Income": -3
    },
    "2014-03-31": {
        "Diluted EPS": -118.86,
        "Total Revenue": NaN,
        "Gross Profit": NaN,
        "Operating Income": -3,
        "EBIT": -3,
        "Net Income": -4
    },
    "2013-12-31": {
        "Diluted EPS": -118.86,
        "Total Revenue": NaN,
        "Gross Profit": NaN,
        "Operating Income": -4,
        "EBIT": -4,
        "Net Income": -4
    },
    "2013-09-30": {
        "Diluted EPS": -79.24,
        "Total Revenue": NaN,
        "Gross Profit": NaN,
        "Operating Income": -3,
        "EBIT": -3,
        "Net Income": -3
    },
    "2013-06-30": {
        "Diluted EPS": -39.62,
        "Total Revenue": 1,
        "Gross Profit": 1,
        "Operating Income": -1,
        "EBIT": -1,
        "Net Income": -1
    },
    "2013-03-31": {
        "Diluted EPS": -39.62,
        "Total Revenue": NaN,
        "Gross Profit": NaN,
        "Operating Income": -1,
        "EBIT": -1,
        "Net Income": -1
    },
    "2012-12-31": {
        "Diluted EPS": 0.0,
        "Total Revenue": NaN,
        "Gross Profit": NaN,
        "Operating Income": NaN,
        "EBIT": NaN,
        "Net Income": NaN
    },
    "2023-06-30": {
        "Tax Effect Of Unusual Items": NaN,
        "Tax Rate For Calcs": NaN,
        "Normalized EBITDA": NaN,
        "Net Income From Continuing Operation Net Minority Interest": NaN,
        "Reconciled Depreciation": 0.0,
        "EBITDA": NaN,
        "EBIT": NaN,
        "Net Interest Income": NaN,
        "Interest Income": NaN,
        "Normalized Income": NaN,
        "Net Income From Continuing And Discontinued Operation": NaN,
        "Total Expenses": NaN,
        "Total Operating Income As Reported": NaN,
        "Diluted Average Shares": 1524717.0,
        "Basic Average Shares": 1524717.0,
        "Diluted EPS": -0.69,
        "Basic EPS": -0.69,
        "Diluted NI Availto Com Stockholders": NaN,
        "Net Income Common Stockholders": NaN,
        "Net Income": NaN,
        "Net Income Including Noncontrolling Interests": NaN,
        "Net Income Continuous Operations": NaN,
        "Pretax Income": NaN,
        "Other Income Expense": NaN,
        "Other Non Operating Income Expenses": NaN,
        "Net Non Operating Interest Income Expense": NaN,
        "Interest Income Non Operating": NaN,
        "Operating Income": NaN,
        "Operating Expense": NaN,
        "Research And Development": NaN,
        "Selling General And Administration": NaN,
        "General And Administrative Expense": NaN,
        "Other Gand A": NaN,
        "Total Revenue": NaN,
        "Operating Revenue": NaN
    },
    "2023-09-30": {
        "Tax Effect Of Unusual Items": 0.0,
        "Tax Rate For Calcs": 0.0,
        "Normalized EBITDA": -1146685.0,
        "Net Income From Continuing Operation Net Minority Interest": -1055555.0,
        "Reconciled Depreciation": 0.0,
        "EBITDA": -1146685.0,
        "EBIT": -1146685.0,
        "Net Interest Income": 91796.0,
        "Interest Income": 91796.0,
        "Normalized Income": -1055555.0,
        "Net Income From Continuing And Discontinued Operation": -1055555.0,
        "Total Expenses": 1757859.0,
        "Total Operating Income As Reported": -1146685.0,
        "Diluted Average Shares": 1532600.0,
        "Basic Average Shares": 1532600.0,
        "Diluted EPS": -0.69,
        "Basic EPS": -0.69,
        "Diluted NI Availto Com Stockholders": -1055555.0,
        "Net Income Common Stockholders": -1055555.0,
        "Net Income": -1055555.0,
        "Net Income Including Noncontrolling Interests": -1055555.0,
        "Net Income Continuous Operations": -1055555.0,
        "Pretax Income": -1055555.0,
        "Other Income Expense": -666.0,
        "Other Non Operating Income Expenses": -666.0,
        "Net Non Operating Interest Income Expense": 91796.0,
        "Interest Income Non Operating": 91796.0,
        "Operating Income": -1146685.0,
        "Operating Expense": 1757859.0,
        "Research And Development": 1020618.0,
        "Selling General And Administration": 737241.0,
        "General And Administrative Expense": 737241.0,
        "Other Gand A": 737241.0,
        "Total Revenue": 611174.0,
        "Operating Revenue": 611174.0
    },
    "2023-12-31": {
        "Tax Effect Of Unusual Items": 0.0,
        "Tax Rate For Calcs": 0.0,
        "Normalized EBITDA": -1255667.0,
        "Net Income From Continuing Operation Net Minority Interest": -1171506.0,
        "Reconciled Depreciation": 0.0,
        "EBITDA": -1255667.0,
        "EBIT": -1255667.0,
        "Net Interest Income": 83757.0,
        "Interest Income": 83757.0,
        "Normalized Income": -1171506.0,
        "Net Income From Continuing And Discontinued Operation": -1171506.0,
        "Total Expenses": 1927630.0,
        "Total Operating Income As Reported": -1255667.0,
        "Diluted Average Shares": NaN,
        "Basic Average Shares": NaN,
        "Diluted EPS": NaN,
        "Basic EPS": NaN,
        "Diluted NI Availto Com Stockholders": -1171506.0,
        "Net Income Common Stockholders": -1171506.0,
        "Net Income": -1171506.0,
        "Net Income Including Noncontrolling Interests": -1171506.0,
        "Net Income Continuous Operations": -1171506.0,
        "Pretax Income": -1171506.0,
        "Other Income Expense": 404.0,
        "Other Non Operating Income Expenses": 404.0,
        "Net Non Operating Interest Income Expense": 83757.0,
        "Interest Income Non Operating": 83757.0,
        "Operating Income": -1255667.0,
        "Operating Expense": 1927630.0,
        "Research And Development": 975628.0,
        "Selling General And Administration": 952002.0,
        "General And Administrative Expense": 952002.0,
        "Other Gand A": 952002.0,
        "Total Revenue": 671963.0,
        "Operating Revenue": 671963.0
    },
    "2024-03-31": {
        "Tax Effect Of Unusual Items": 0.0,
        "Tax Rate For Calcs": 0.0,
        "Normalized EBITDA": -1268414.0,
        "Net Income From Continuing Operation Net Minority Interest": -1195113.0,
        "Reconciled Depreciation": NaN,
        "EBITDA": -1268414.0,
        "EBIT": -1268414.0,
        "Net Interest Income": 73249.0,
        "Interest Income": 73249.0,
        "Normalized Income": -1195113.0,
        "Net Income From Continuing And Discontinued Operation": -1195113.0,
        "Total Expenses": 1779231.0,
        "Total Operating Income As Reported": -1268414.0,
        "Diluted Average Shares": 1540684.0,
        "Basic Average Shares": 1540684.0,
        "Diluted EPS": -0.78,
        "Basic EPS": -0.78,
        "Diluted NI Availto Com Stockholders": -1195113.0,
        "Net Income Common Stockholders": -1195113.0,
        "Net Income": -1195113.0,
        "Net Income Including Noncontrolling Interests": -1195113.0,
        "Net Income Continuous Operations": -1195113.0,
        "Pretax Income": -1195113.0,
        "Other Income Expense": 52.0,
        "Other Non Operating Income Expenses": 52.0,
        "Net Non Operating Interest Income Expense": 73249.0,
        "Interest Income Non Operating": 73249.0,
        "Operating Income": -1268414.0,
        "Operating Expense": 1779231.0,
        "Research And Development": 944321.0,
        "Selling General And Administration": 834910.0,
        "General And Administrative Expense": 834910.0,
        "Other Gand A": 834910.0,
        "Total Revenue": 510817.0,
        "Operating Revenue": 510817.0
    },
    "2024-06-30": {
        "Tax Effect Of Unusual Items": 0.0,
        "Tax Rate For Calcs": 0.0,
        "Normalized EBITDA": -1337396.0,
        "Net Income From Continuing Operation Net Minority Interest": -1273970.0,
        "Reconciled Depreciation": NaN,
        "EBITDA": -1337396.0,
        "EBIT": -1337396.0,
        "Net Interest Income": 63447.0,
        "Interest Income": 63447.0,
        "Normalized Income": -1273970.0,
        "Net Income From Continuing And Discontinued Operation": -1273970.0,
        "Total Expenses": 2063800.0,
        "Total Operating Income As Reported": -1337396.0,
        "Diluted Average Shares": 1540799.0,
        "Basic Average Shares": 1540799.0,
        "Diluted EPS": -0.83,
        "Basic EPS": -0.83,
        "Diluted NI Availto Com Stockholders": -1273970.0,
        "Net Income Common Stockholders": -1273970.0,
        "Net Income": -1273970.0,
        "Net Income Including Noncontrolling Interests": -1273970.0,
        "Net Income Continuous Operations": -1273970.0,
        "Pretax Income": -1273970.0,
        "Other Income Expense": -21.0,
        "Other Non Operating Income Expenses": -21.0,
        "Net Non Operating Interest Income Expense": 63447.0,
        "Interest Income Non Operating": 63447.0,
        "Operating Income": -1337396.0,
        "Operating Expense": 2063800.0,
        "Research And Development": 933771.0,
        "Selling General And Administration": 1130029.0,
        "General And Administrative Expense": 1130029.0,
        "Other Gand A": 1130029.0,
        "Total Revenue": 726404.0,
        "Operating Revenue": 726404.0
    },
    "2024-09-30": {
        "Tax Effect Of Unusual Items": 0.0,
        "Tax Rate For Calcs": 0.0,
        "Normalized EBITDA": -499473.0,
        "Net Income From Continuing Operation Net Minority Interest": -436671.0,
        "Reconciled Depreciation": NaN,
        "EBITDA": -499473.0,
        "EBIT": -499473.0,
        "Net Interest Income": 61298.0,
        "Interest Income": 61298.0,
        "Normalized Income": -436671.0,
        "Net Income From Continuing And Discontinued Operation": -436671.0,
        "Total Expenses": 1113716.0,
        "Total Operating Income As Reported": -499473.0,
        "Diluted Average Shares": 1541722.0,
        "Basic Average Shares": 1541722.0,
        "Diluted EPS": -0.28,
        "Basic EPS": -0.28,
        "Diluted NI Availto Com Stockholders": -436671.0,
        "Net Income Common Stockholders": -436671.0,
        "Net Income": -436671.0,
        "Net Income Including Noncontrolling Interests": -436671.0,
        "Net Income Continuous Operations": -436671.0,
        "Pretax Income": -436671.0,
        "Other Income Expense": 1504.0,
        "Other Non Operating Income Expenses": 1504.0,
        "Net Non Operating Interest Income Expense": 61298.0,
        "Interest Income Non Operating": 61298.0,
        "Operating Income": -499473.0,
        "Operating Expense": 1113716.0,
        "Research And Development": 367985.0,
        "Selling General And Administration": 745731.0,
        "General And Administrative Expense": 745731.0,
        "Other Gand A": 745731.0,
        "Total Revenue": 614243.0,
        "Operating Revenue": 614243.0
    }
}