{
    "2023-03-31": {
        "Tax Effect Of Unusual Items": 3447.0,
        "Tax Rate For Calcs": 0.009,
        "Normalized EBITDA": -7085000.0,
        "Total Unusual Items": 383000.0,
        "Total Unusual Items Excluding Goodwill": 383000.0,
        "Net Income From Continuing Operation Net Minority Interest": -3816000.0,
        "Reconciled Depreciation": 443000.0,
        "Reconciled Cost Of Revenue": 0.0,
        "EBITDA": -6702000.0,
        "EBIT": -7145000.0,
        "Net Interest Income": 2779000.0,
        "Interest Income": 2779000.0,
        "Normalized Income": -4195553.0,
        "Net Income From Continuing And Discontinued Operation": -3816000.0,
        "Total Expenses": 7145000.0,
        "Total Operating Income As Reported": -7145000.0,
        "Diluted Average Shares": 30439275.0,
        "Basic Average Shares": 30439275.0,
        "Diluted EPS": -0.13,
        "Basic EPS": -0.13,
        "Diluted NI Availto Com Stockholders": -3816000.0,
        "Net Income Common Stockholders": -3816000.0,
        "Net Income": -3816000.0,
        "Net Income Including Noncontrolling Interests": -3816000.0,
        "Net Income Continuous Operations": -3816000.0,
        "Tax Provision": -37000.0,
        "Pretax Income": -3853000.0,
        "Other Income Expense": 513000.0,
        "Other Non Operating Income Expenses": 130000.0,
        "Gain On Sale Of Security": 383000.0,
        "Net Non Operating Interest Income Expense": 2779000.0,
        "Interest Income Non Operating": 2779000.0,
        "Operating Income": -7145000.0,
        "Operating Expense": 7145000.0,
        "Research And Development": 6230000.0,
        "Selling General And Administration": 915000.0,
        "General And Administrative Expense": 915000.0,
        "Other Gand A": 661000.0,
        "Salaries And Wages": 254000.0,
        "Gross Profit": 0.0,
        "Cost Of Revenue": 0.0,
        "Total Revenue": 0.0,
        "Operating Revenue": 0.0
    },
    "2022-12-31": {
        "Tax Effect Of Unusual Items": 644070.0,
        "Tax Rate For Calcs": 0.21,
        "Normalized EBITDA": -10786000.0,
        "Total Unusual Items": 3067000.0,
        "Total Unusual Items Excluding Goodwill": 3067000.0,
        "Net Income From Continuing Operation Net Minority Interest": -3203000.0,
        "Reconciled Depreciation": 443000.0,
        "Reconciled Cost Of Revenue": 16000.0,
        "EBITDA": -7719000.0,
        "EBIT": -8162000.0,
        "Net Interest Income": 2472000.0,
        "Interest Income": 2472000.0,
        "Normalized Income": -5625930.0,
        "Net Income From Continuing And Discontinued Operation": -3203000.0,
        "Total Expenses": 8462000.0,
        "Total Operating Income As Reported": -8162000.0,
        "Diluted Average Shares": NaN,
        "Basic Average Shares": NaN,
        "Diluted EPS": NaN,
        "Basic EPS": NaN,
        "Diluted NI Availto Com Stockholders": -3203000.0,
        "Net Income Common Stockholders": -3203000.0,
        "Net Income": -3203000.0,
        "Net Income Including Noncontrolling Interests": -3203000.0,
        "Net Income Continuous Operations": -3203000.0,
        "Tax Provision": 578000.0,
        "Pretax Income": -2625000.0,
        "Other Income Expense": 3065000.0,
        "Other Non Operating Income Expenses": -2000.0,
        "Gain On Sale Of Security": 3067000.0,
        "Net Non Operating Interest Income Expense": 2472000.0,
        "Interest Income Non Operating": 2472000.0,
        "Operating Income": -8162000.0,
        "Operating Expense": 8446000.0,
        "Research And Development": 7317000.0,
        "Selling General And Administration": 1129000.0,
        "General And Administrative Expense": 1129000.0,
        "Other Gand A": 673000.0,
        "Salaries And Wages": 456000.0,
        "Gross Profit": 284000.0,
        "Cost Of Revenue": 16000.0,
        "Total Revenue": 300000.0,
        "Operating Revenue": 300000.0
    },
    "2022-09-30": {
        "Tax Effect Of Unusual Items": -1950800.0,
        "Tax Rate For Calcs": 0.4,
        "Normalized EBITDA": -778000.0,
        "Total Unusual Items": -4877000.0,
        "Total Unusual Items Excluding Goodwill": -4877000.0,
        "Net Income From Continuing Operation Net Minority Interest": -12658000.0,
        "Reconciled Depreciation": 734000.0,
        "Reconciled Cost Of Revenue": 215000.0,
        "EBITDA": -5655000.0,
        "EBIT": -6389000.0,
        "Net Interest Income": 1009000.0,
        "Interest Income": 1009000.0,
        "Normalized Income": -9731800.0,
        "Net Income From Continuing And Discontinued Operation": -12658000.0,
        "Total Expenses": 8069000.0,
        "Total Operating Income As Reported": -6389000.0,
        "Diluted Average Shares": 30439277.0,
        "Basic Average Shares": 30439277.0,
        "Diluted EPS": -0.42,
        "Basic EPS": -0.42,
        "Diluted NI Availto Com Stockholders": -12658000.0,
        "Net Income Common Stockholders": -12658000.0,
        "Net Income": -12658000.0,
        "Net Income Including Noncontrolling Interests": -12658000.0,
        "Net Income Continuous Operations": -12658000.0,
        "Tax Provision": 2401000.0,
        "Pretax Income": -10257000.0,
        "Other Income Expense": -4877000.0,
        "Other Non Operating Income Expenses": NaN,
        "Gain On Sale Of Security": -4877000.0,
        "Net Non Operating Interest Income Expense": 1009000.0,
        "Interest Income Non Operating": 1009000.0,
        "Operating Income": -6389000.0,
        "Operating Expense": 7854000.0,
        "Research And Development": 7014000.0,
        "Selling General And Administration": 840000.0,
        "General And Administrative Expense": 840000.0,
        "Other Gand A": 307000.0,
        "Salaries And Wages": 533000.0,
        "Gross Profit": 1465000.0,
        "Cost Of Revenue": 215000.0,
        "Total Revenue": 1680000.0,
        "Operating Revenue": 1680000.0
    },
    "2022-06-30": {
        "Tax Effect Of Unusual Items": -417240.0,
        "Tax Rate For Calcs": 0.183,
        "Normalized EBITDA": -9087000.0,
        "Total Unusual Items": -2280000.0,
        "Total Unusual Items Excluding Goodwill": -2280000.0,
        "Net Income From Continuing Operation Net Minority Interest": -11644000.0,
        "Reconciled Depreciation": 727000.0,
        "Reconciled Cost Of Revenue": 207000.0,
        "EBITDA": -11367000.0,
        "EBIT": -12094000.0,
        "Net Interest Income": 241000.0,
        "Interest Income": 241000.0,
        "Normalized Income": -9781240.0,
        "Net Income From Continuing And Discontinued Operation": -11644000.0,
        "Total Expenses": 13624000.0,
        "Total Operating Income As Reported": -12094000.0,
        "Diluted Average Shares": 30439277.0,
        "Basic Average Shares": 30439277.0,
        "Diluted EPS": -0.38,
        "Basic EPS": -0.38,
        "Diluted NI Availto Com Stockholders": -11644000.0,
        "Net Income Common Stockholders": -11644000.0,
        "Net Income": -11644000.0,
        "Net Income Including Noncontrolling Interests": -11644000.0,
        "Net Income Continuous Operations": -11644000.0,
        "Tax Provision": -2608000.0,
        "Pretax Income": -14252000.0,
        "Other Income Expense": -2399000.0,
        "Other Non Operating Income Expenses": -119000.0,
        "Gain On Sale Of Security": -2280000.0,
        "Net Non Operating Interest Income Expense": 241000.0,
        "Interest Income Non Operating": 241000.0,
        "Operating Income": -12094000.0,
        "Operating Expense": 13417000.0,
        "Research And Development": 10394000.0,
        "Selling General And Administration": 3023000.0,
        "General And Administrative Expense": 3023000.0,
        "Other Gand A": 806000.0,
        "Salaries And Wages": 2217000.0,
        "Gross Profit": 1323000.0,
        "Cost Of Revenue": 207000.0,
        "Total Revenue": 1530000.0,
        "Operating Revenue": 1530000.0
    },
    "2022-03-31": {
        "Diluted EPS": -0.18,
        "Total Revenue": 1,
        "Gross Profit": 0,
        "Operating Income": -8,
        "EBIT": -7,
        "Net Income": -5
    },
    "2021-12-31": {
        "Diluted EPS": -0.21,
        "Total Revenue": 5,
        "Gross Profit": 3,
        "Operating Income": -7,
        "EBIT": -6,
        "Net Income": -6
    },
    "2021-09-30": {
        "Diluted EPS": -0.11,
        "Total Revenue": 5,
        "Gross Profit": 3,
        "Operating Income": -4,
        "EBIT": -3,
        "Net Income": -3
    },
    "2021-06-30": {
        "Diluted EPS": -0.17,
        "Total Revenue": 5,
        "Gross Profit": 3,
        "Operating Income": -11,
        "EBIT": -10,
        "Net Income": -5
    },
    "2021-03-31": {
        "Diluted EPS": -0.09,
        "Total Revenue": 5,
        "Gross Profit": 3,
        "Operating Income": -4,
        "EBIT": -3,
        "Net Income": -3
    },
    "2020-12-31": {
        "Diluted EPS": -0.03,
        "Total Revenue": 5,
        "Gross Profit": 3,
        "Operating Income": -5,
        "EBIT": -4,
        "Net Income": -2
    },
    "2020-09-30": {
        "Diluted EPS": -0.09,
        "Total Revenue": 11,
        "Gross Profit": 1,
        "Operating Income": -5,
        "EBIT": -4,
        "Net Income": -3
    },
    "2020-06-30": {
        "Diluted EPS": -0.24,
        "Total Revenue": 15,
        "Gross Profit": 2,
        "Operating Income": -7,
        "EBIT": -6,
        "Net Income": -7
    },
    "2020-03-31": {
        "Diluted EPS": 0.0,
        "Total Revenue": 13,
        "Gross Profit": 3,
        "Operating Income": -2,
        "EBIT": -2,
        "Net Income": 0
    },
    "2019-12-31": {
        "Diluted EPS": 14.91,
        "Total Revenue": NaN,
        "Gross Profit": NaN,
        "Operating Income": -13,
        "EBIT": -13,
        "Net Income": 686
    },
    "2019-09-30": {
        "Diluted EPS": -0.15,
        "Total Revenue": NaN,
        "Gross Profit": NaN,
        "Operating Income": -6,
        "EBIT": -6,
        "Net Income": -6
    },
    "2019-06-30": {
        "Diluted EPS": -0.16,
        "Total Revenue": NaN,
        "Gross Profit": NaN,
        "Operating Income": -6,
        "EBIT": -5,
        "Net Income": -6
    },
    "2019-03-31": {
        "Diluted EPS": -0.16,
        "Total Revenue": NaN,
        "Gross Profit": NaN,
        "Operating Income": -6,
        "EBIT": -5,
        "Net Income": -6
    },
    "2018-12-31": {
        "Diluted EPS": -0.18,
        "Total Revenue": NaN,
        "Gross Profit": NaN,
        "Operating Income": -6,
        "EBIT": -5,
        "Net Income": -6
    },
    "2018-09-30": {
        "Diluted EPS": -0.14,
        "Total Revenue": NaN,
        "Gross Profit": NaN,
        "Operating Income": -5,
        "EBIT": -4,
        "Net Income": -5
    },
    "2018-06-30": {
        "Diluted EPS": -0.16,
        "Total Revenue": NaN,
        "Gross Profit": NaN,
        "Operating Income": -6,
        "EBIT": -5,
        "Net Income": -6
    },
    "2018-03-31": {
        "Diluted EPS": -0.11,
        "Total Revenue": NaN,
        "Gross Profit": NaN,
        "Operating Income": -4,
        "EBIT": -4,
        "Net Income": -4
    },
    "2017-12-31": {
        "Diluted EPS": -0.19,
        "Total Revenue": NaN,
        "Gross Profit": NaN,
        "Operating Income": -8,
        "EBIT": -7,
        "Net Income": -7
    },
    "2017-09-30": {
        "Diluted EPS": -0.18,
        "Total Revenue": NaN,
        "Gross Profit": NaN,
        "Operating Income": -7,
        "EBIT": -6,
        "Net Income": -6
    },
    "2017-06-30": {
        "Diluted EPS": -0.26,
        "Total Revenue": NaN,
        "Gross Profit": NaN,
        "Operating Income": -10,
        "EBIT": -9,
        "Net Income": -9
    },
    "2017-03-31": {
        "Diluted EPS": -0.32,
        "Total Revenue": NaN,
        "Gross Profit": NaN,
        "Operating Income": -10,
        "EBIT": -10,
        "Net Income": -11
    },
    "2016-12-31": {
        "Diluted EPS": -0.51,
        "Total Revenue": NaN,
        "Gross Profit": NaN,
        "Operating Income": -16,
        "EBIT": -16,
        "Net Income": -16
    },
    "2016-09-30": {
        "Diluted EPS": -0.38,
        "Total Revenue": NaN,
        "Gross Profit": NaN,
        "Operating Income": -12,
        "EBIT": -12,
        "Net Income": -12
    },
    "2016-06-30": {
        "Diluted EPS": -0.42,
        "Total Revenue": NaN,
        "Gross Profit": NaN,
        "Operating Income": -14,
        "EBIT": -13,
        "Net Income": -14
    },
    "2016-03-31": {
        "Diluted EPS": -0.32,
        "Total Revenue": NaN,
        "Gross Profit": NaN,
        "Operating Income": -10,
        "EBIT": -10,
        "Net Income": -10
    },
    "2015-12-31": {
        "Diluted EPS": -0.38,
        "Total Revenue": NaN,
        "Gross Profit": NaN,
        "Operating Income": -12,
        "EBIT": -12,
        "Net Income": -12
    },
    "2015-09-30": {
        "Diluted EPS": -0.33,
        "Total Revenue": NaN,
        "Gross Profit": NaN,
        "Operating Income": -11,
        "EBIT": -11,
        "Net Income": -11
    },
    "2015-06-30": {
        "Diluted EPS": -0.22,
        "Total Revenue": NaN,
        "Gross Profit": NaN,
        "Operating Income": -6,
        "EBIT": -6,
        "Net Income": -7
    },
    "2015-03-31": {
        "Diluted EPS": -0.29,
        "Total Revenue": NaN,
        "Gross Profit": NaN,
        "Operating Income": -8,
        "EBIT": -8,
        "Net Income": -8
    },
    "2014-12-31": {
        "Diluted EPS": -0.26,
        "Total Revenue": NaN,
        "Gross Profit": NaN,
        "Operating Income": -6,
        "EBIT": -6,
        "Net Income": -6
    },
    "2014-09-30": {
        "Diluted EPS": -0.29,
        "Total Revenue": NaN,
        "Gross Profit": NaN,
        "Operating Income": -7,
        "EBIT": -7,
        "Net Income": -7
    },
    "2014-06-30": {
        "Diluted EPS": -0.16,
        "Total Revenue": NaN,
        "Gross Profit": NaN,
        "Operating Income": -4,
        "EBIT": -4,
        "Net Income": -4
    },
    "2014-03-31": {
        "Diluted EPS": -0.19,
        "Total Revenue": NaN,
        "Gross Profit": NaN,
        "Operating Income": -5,
        "EBIT": -4,
        "Net Income": -5
    },
    "2013-12-31": {
        "Diluted EPS": 0.0,
        "Total Revenue": NaN,
        "Gross Profit": NaN,
        "Operating Income": NaN,
        "EBIT": NaN,
        "Net Income": NaN
    },
    "2012-12-31": {
        "Diluted EPS": 0.0,
        "Total Revenue": NaN,
        "Gross Profit": NaN,
        "Operating Income": NaN,
        "EBIT": NaN,
        "Net Income": NaN
    },
    "2023-06-30": {
        "Tax Effect Of Unusual Items": 278880.0,
        "Tax Rate For Calcs": 0.21,
        "Normalized EBITDA": -14151000.0,
        "Total Unusual Items": 1328000.0,
        "Total Unusual Items Excluding Goodwill": 1328000.0,
        "Net Income From Continuing Operation Net Minority Interest": -8742000.0,
        "Reconciled Depreciation": 435000.0,
        "Reconciled Cost Of Revenue": 0.0,
        "EBITDA": -12823000.0,
        "EBIT": -13258000.0,
        "Net Interest Income": 2509000.0,
        "Interest Income": 2509000.0,
        "Normalized Income": -9791120.0,
        "Net Income From Continuing And Discontinued Operation": -8742000.0,
        "Total Expenses": 13258000.0,
        "Total Operating Income As Reported": -13258000.0,
        "Diluted Average Shares": 30439118.0,
        "Basic Average Shares": 30439118.0,
        "Diluted EPS": -0.29,
        "Basic EPS": -0.29,
        "Diluted NI Availto Com Stockholders": -8742000.0,
        "Net Income Common Stockholders": -8742000.0,
        "Net Income": -8742000.0,
        "Net Income Including Noncontrolling Interests": -8742000.0,
        "Net Income Continuous Operations": -8742000.0,
        "Tax Provision": 71000.0,
        "Pretax Income": -8671000.0,
        "Other Income Expense": 2078000.0,
        "Other Non Operating Income Expenses": 750000.0,
        "Gain On Sale Of Security": 1328000.0,
        "Net Non Operating Interest Income Expense": 2509000.0,
        "Interest Income Non Operating": 2509000.0,
        "Operating Income": -13258000.0,
        "Operating Expense": 13258000.0,
        "Research And Development": 11266000.0,
        "Selling General And Administration": 1992000.0,
        "General And Administrative Expense": 1992000.0,
        "Other Gand A": 1039000.0,
        "Salaries And Wages": 953000.0,
        "Gross Profit": 0.0,
        "Cost Of Revenue": 0.0,
        "Total Revenue": 0.0,
        "Operating Revenue": 0.0
    },
    "2023-09-30": {
        "Tax Effect Of Unusual Items": -223650.0,
        "Tax Rate For Calcs": 0.21,
        "Normalized EBITDA": -7023000.0,
        "Total Unusual Items": -1065000.0,
        "Total Unusual Items Excluding Goodwill": -1065000.0,
        "Net Income From Continuing Operation Net Minority Interest": -7364000.0,
        "Reconciled Depreciation": 432000.0,
        "Reconciled Cost Of Revenue": 0.0,
        "EBITDA": -8088000.0,
        "EBIT": -8520000.0,
        "Net Interest Income": 2529000.0,
        "Interest Income": 2529000.0,
        "Normalized Income": -6522650.0,
        "Net Income From Continuing And Discontinued Operation": -7364000.0,
        "Total Expenses": 8520000.0,
        "Total Operating Income As Reported": -8520000.0,
        "Diluted Average Shares": 30436638.0,
        "Basic Average Shares": 30436638.0,
        "Diluted EPS": -0.24,
        "Basic EPS": -0.24,
        "Diluted NI Availto Com Stockholders": -7364000.0,
        "Net Income Common Stockholders": -7364000.0,
        "Net Income": -7364000.0,
        "Net Income Including Noncontrolling Interests": -7364000.0,
        "Net Income Continuous Operations": -7364000.0,
        "Tax Provision": 308000.0,
        "Pretax Income": -7056000.0,
        "Other Income Expense": -1065000.0,
        "Other Non Operating Income Expenses": NaN,
        "Gain On Sale Of Security": -1065000.0,
        "Net Non Operating Interest Income Expense": 2529000.0,
        "Interest Income Non Operating": 2529000.0,
        "Operating Income": -8520000.0,
        "Operating Expense": 8520000.0,
        "Research And Development": 7547000.0,
        "Selling General And Administration": 973000.0,
        "General And Administrative Expense": 973000.0,
        "Other Gand A": 704000.0,
        "Salaries And Wages": 269000.0,
        "Gross Profit": 0.0,
        "Cost Of Revenue": 0.0,
        "Total Revenue": 0.0,
        "Operating Revenue": 0.0
    },
    "2023-12-31": {
        "Tax Effect Of Unusual Items": 26077.946768,
        "Tax Rate For Calcs": 0.020913,
        "Normalized EBITDA": -9400000.0,
        "Total Unusual Items": 1247000.0,
        "Total Unusual Items Excluding Goodwill": 1247000.0,
        "Net Income From Continuing Operation Net Minority Interest": -4635000.0,
        "Reconciled Depreciation": 434000.0,
        "Reconciled Cost Of Revenue": 0.0,
        "EBITDA": -8153000.0,
        "EBIT": -8587000.0,
        "Net Interest Income": 2603000.0,
        "Interest Income": 2603000.0,
        "Normalized Income": -5855922.053232,
        "Net Income From Continuing And Discontinued Operation": -4635000.0,
        "Total Expenses": 8587000.0,
        "Total Operating Income As Reported": -8587000.0,
        "Diluted Average Shares": NaN,
        "Basic Average Shares": NaN,
        "Diluted EPS": NaN,
        "Basic EPS": NaN,
        "Diluted NI Availto Com Stockholders": -4635000.0,
        "Net Income Common Stockholders": -4635000.0,
        "Net Income": -4635000.0,
        "Net Income Including Noncontrolling Interests": -4635000.0,
        "Net Income Continuous Operations": -4635000.0,
        "Tax Provision": -99000.0,
        "Pretax Income": -4734000.0,
        "Other Income Expense": 1250000.0,
        "Other Non Operating Income Expenses": 3000.0,
        "Gain On Sale Of Security": 1247000.0,
        "Net Non Operating Interest Income Expense": 2603000.0,
        "Interest Income Non Operating": 2603000.0,
        "Operating Income": -8587000.0,
        "Operating Expense": 8587000.0,
        "Research And Development": 7804000.0,
        "Selling General And Administration": 783000.0,
        "General And Administrative Expense": 783000.0,
        "Other Gand A": 512000.0,
        "Salaries And Wages": 271000.0,
        "Gross Profit": 0.0,
        "Cost Of Revenue": 0.0,
        "Total Revenue": 0.0,
        "Operating Revenue": 0.0
    }
}