{
    "2023-03-31": {
        "Tax Effect Of Unusual Items": NaN,
        "Tax Rate For Calcs": NaN,
        "Normalized EBITDA": NaN,
        "Total Unusual Items": NaN,
        "Total Unusual Items Excluding Goodwill": NaN,
        "Net Income From Continuing Operation Net Minority Interest": NaN,
        "Reconciled Depreciation": NaN,
        "EBITDA": NaN,
        "EBIT": NaN,
        "Net Interest Income": NaN,
        "Interest Expense": 0.0,
        "Interest Income": NaN,
        "Normalized Income": NaN,
        "Net Income From Continuing And Discontinued Operation": NaN,
        "Total Expenses": NaN,
        "Total Operating Income As Reported": NaN,
        "Diluted Average Shares": 6288952.0,
        "Basic Average Shares": 6288952.0,
        "Diluted EPS": -0.7,
        "Basic EPS": -0.7,
        "Diluted NI Availto Com Stockholders": NaN,
        "Net Income Common Stockholders": NaN,
        "Net Income": NaN,
        "Net Income Including Noncontrolling Interests": NaN,
        "Net Income Continuous Operations": NaN,
        "Tax Provision": NaN,
        "Pretax Income": NaN,
        "Other Income Expense": NaN,
        "Other Non Operating Income Expenses": 104000.0,
        "Special Income Charges": NaN,
        "Gain On Sale Of Ppe": NaN,
        "Gain On Sale Of Security": NaN,
        "Net Non Operating Interest Income Expense": NaN,
        "Interest Expense Non Operating": 0.0,
        "Interest Income Non Operating": NaN,
        "Operating Income": NaN,
        "Operating Expense": NaN,
        "Research And Development": NaN,
        "Selling General And Administration": NaN,
        "General And Administrative Expense": NaN,
        "Other Gand A": NaN,
        "Total Revenue": NaN,
        "Operating Revenue": NaN
    },
    "2022-12-31": {
        "Tax Effect Of Unusual Items": NaN,
        "Tax Rate For Calcs": NaN,
        "Normalized EBITDA": NaN,
        "Total Unusual Items": NaN,
        "Total Unusual Items Excluding Goodwill": NaN,
        "Net Income From Continuing Operation Net Minority Interest": NaN,
        "Reconciled Depreciation": NaN,
        "EBITDA": NaN,
        "EBIT": NaN,
        "Net Interest Income": NaN,
        "Interest Expense": 0.0,
        "Interest Income": NaN,
        "Normalized Income": NaN,
        "Net Income From Continuing And Discontinued Operation": NaN,
        "Total Expenses": NaN,
        "Total Operating Income As Reported": NaN,
        "Diluted Average Shares": NaN,
        "Basic Average Shares": NaN,
        "Diluted EPS": NaN,
        "Basic EPS": NaN,
        "Diluted NI Availto Com Stockholders": NaN,
        "Net Income Common Stockholders": NaN,
        "Net Income": NaN,
        "Net Income Including Noncontrolling Interests": NaN,
        "Net Income Continuous Operations": NaN,
        "Tax Provision": NaN,
        "Pretax Income": NaN,
        "Other Income Expense": NaN,
        "Other Non Operating Income Expenses": -16000.0,
        "Special Income Charges": NaN,
        "Gain On Sale Of Ppe": NaN,
        "Gain On Sale Of Security": NaN,
        "Net Non Operating Interest Income Expense": NaN,
        "Interest Expense Non Operating": 0.0,
        "Interest Income Non Operating": NaN,
        "Operating Income": NaN,
        "Operating Expense": NaN,
        "Research And Development": NaN,
        "Selling General And Administration": NaN,
        "General And Administrative Expense": NaN,
        "Other Gand A": NaN,
        "Total Revenue": NaN,
        "Operating Revenue": NaN
    },
    "2022-09-30": {
        "Tax Effect Of Unusual Items": NaN,
        "Tax Rate For Calcs": NaN,
        "Normalized EBITDA": NaN,
        "Total Unusual Items": NaN,
        "Total Unusual Items Excluding Goodwill": NaN,
        "Net Income From Continuing Operation Net Minority Interest": NaN,
        "Reconciled Depreciation": NaN,
        "EBITDA": NaN,
        "EBIT": NaN,
        "Net Interest Income": NaN,
        "Interest Expense": NaN,
        "Interest Income": NaN,
        "Normalized Income": NaN,
        "Net Income From Continuing And Discontinued Operation": NaN,
        "Total Expenses": NaN,
        "Total Operating Income As Reported": NaN,
        "Diluted Average Shares": 4963344.0,
        "Basic Average Shares": 4963344.0,
        "Diluted EPS": -1.04,
        "Basic EPS": -1.04,
        "Diluted NI Availto Com Stockholders": NaN,
        "Net Income Common Stockholders": NaN,
        "Net Income": NaN,
        "Net Income Including Noncontrolling Interests": NaN,
        "Net Income Continuous Operations": NaN,
        "Tax Provision": NaN,
        "Pretax Income": NaN,
        "Other Income Expense": NaN,
        "Other Non Operating Income Expenses": NaN,
        "Special Income Charges": 0.0,
        "Gain On Sale Of Ppe": 0.0,
        "Gain On Sale Of Security": NaN,
        "Net Non Operating Interest Income Expense": NaN,
        "Interest Expense Non Operating": NaN,
        "Interest Income Non Operating": NaN,
        "Operating Income": NaN,
        "Operating Expense": NaN,
        "Research And Development": NaN,
        "Selling General And Administration": NaN,
        "General And Administrative Expense": NaN,
        "Other Gand A": NaN,
        "Total Revenue": NaN,
        "Operating Revenue": NaN
    },
    "2022-06-30": {
        "Tax Effect Of Unusual Items": 0.0,
        "Tax Rate For Calcs": 0.0,
        "Normalized EBITDA": -7023000.0,
        "Total Unusual Items": 16000.0,
        "Total Unusual Items Excluding Goodwill": 16000.0,
        "Net Income From Continuing Operation Net Minority Interest": -7470000.0,
        "Reconciled Depreciation": 463000.0,
        "EBITDA": -7007000.0,
        "EBIT": -7470000.0,
        "Net Interest Income": 1000.0,
        "Interest Expense": 0.0,
        "Interest Income": 1000.0,
        "Normalized Income": -7486000.0,
        "Net Income From Continuing And Discontinued Operation": -7470000.0,
        "Total Expenses": 9954000.0,
        "Total Operating Income As Reported": -7483000.0,
        "Diluted Average Shares": 4503983.0,
        "Basic Average Shares": 4503983.0,
        "Diluted EPS": -1.66,
        "Basic EPS": -1.66,
        "Diluted NI Availto Com Stockholders": -7470000.0,
        "Net Income Common Stockholders": -7470000.0,
        "Net Income": -7470000.0,
        "Net Income Including Noncontrolling Interests": -7470000.0,
        "Net Income Continuous Operations": -7470000.0,
        "Tax Provision": 0.0,
        "Pretax Income": -7470000.0,
        "Other Income Expense": 12000.0,
        "Other Non Operating Income Expenses": -4000.0,
        "Gain On Sale Of Security": 16000.0,
        "Net Non Operating Interest Income Expense": 1000.0,
        "Interest Expense Non Operating": 0.0,
        "Interest Income Non Operating": 1000.0,
        "Operating Income": -7483000.0,
        "Operating Expense": 9954000.0,
        "Research And Development": 6749000.0,
        "Selling General And Administration": 3205000.0,
        "General And Administrative Expense": 3205000.0,
        "Other Gand A": 3205000.0,
        "Total Revenue": 2471000.0,
        "Operating Revenue": 2471000.0
    },
    "2022-03-31": {
        "Diluted EPS": -2.07,
        "Total Revenue": 3,
        "Gross Profit": 3,
        "Operating Income": -8,
        "EBIT": -7,
        "Net Income": -8
    },
    "2021-12-31": {
        "Diluted EPS": -4.63,
        "Total Revenue": 2,
        "Gross Profit": 2,
        "Operating Income": -13,
        "EBIT": -13,
        "Net Income": -14
    },
    "2021-09-30": {
        "Diluted EPS": -8.01,
        "Total Revenue": -4,
        "Gross Profit": -4,
        "Operating Income": -23,
        "EBIT": -23,
        "Net Income": -24
    },
    "2021-06-30": {
        "Diluted EPS": -4.86,
        "Total Revenue": 0,
        "Gross Profit": 0,
        "Operating Income": -14,
        "EBIT": -13,
        "Net Income": -14
    },
    "2021-03-31": {
        "Diluted EPS": -4.2,
        "Total Revenue": 1,
        "Gross Profit": 1,
        "Operating Income": -12,
        "EBIT": -12,
        "Net Income": -12
    },
    "2020-12-31": {
        "Diluted EPS": -4.2,
        "Total Revenue": 0,
        "Gross Profit": 0,
        "Operating Income": -12,
        "EBIT": -12,
        "Net Income": -13
    },
    "2020-09-30": {
        "Diluted EPS": -3.0,
        "Total Revenue": 2,
        "Gross Profit": 2,
        "Operating Income": -9,
        "EBIT": -9,
        "Net Income": -9
    },
    "2020-06-30": {
        "Diluted EPS": -1.5,
        "Total Revenue": 5,
        "Gross Profit": 5,
        "Operating Income": -4,
        "EBIT": -4,
        "Net Income": -4
    },
    "2020-03-31": {
        "Diluted EPS": 0.3,
        "Total Revenue": 9,
        "Gross Profit": 9,
        "Operating Income": 1,
        "EBIT": 1,
        "Net Income": 1
    },
    "2019-12-31": {
        "Diluted EPS": -3.9,
        "Total Revenue": 0,
        "Gross Profit": 0,
        "Operating Income": -10,
        "EBIT": -10,
        "Net Income": -10
    },
    "2019-09-30": {
        "Diluted EPS": -2.7,
        "Total Revenue": 1,
        "Gross Profit": 1,
        "Operating Income": -6,
        "EBIT": -6,
        "Net Income": -6
    },
    "2019-06-30": {
        "Diluted EPS": -3.6,
        "Total Revenue": 0,
        "Gross Profit": 0,
        "Operating Income": -5,
        "EBIT": -5,
        "Net Income": -5
    },
    "2019-03-31": {
        "Diluted EPS": -3.6,
        "Total Revenue": 0,
        "Gross Profit": 0,
        "Operating Income": -6,
        "EBIT": -5,
        "Net Income": -5
    },
    "2018-12-31": {
        "Diluted EPS": -3.0,
        "Total Revenue": 0,
        "Gross Profit": 0,
        "Operating Income": -5,
        "EBIT": -5,
        "Net Income": -5
    },
    "2018-09-30": {
        "Diluted EPS": -3.9,
        "Total Revenue": 0,
        "Gross Profit": 0,
        "Operating Income": -6,
        "EBIT": -6,
        "Net Income": -5
    },
    "2018-06-30": {
        "Diluted EPS": -5.11,
        "Total Revenue": 0,
        "Gross Profit": 0,
        "Operating Income": -6,
        "EBIT": -6,
        "Net Income": -7
    },
    "2018-03-31": {
        "Diluted EPS": -4.2,
        "Total Revenue": 0,
        "Gross Profit": 0,
        "Operating Income": -5,
        "EBIT": -5,
        "Net Income": -6
    },
    "2017-12-31": {
        "Diluted EPS": 941.44,
        "Total Revenue": 2,
        "Gross Profit": 2,
        "Operating Income": -3,
        "EBIT": -3,
        "Net Income": -3
    },
    "2017-09-30": {
        "Diluted EPS": -33.63,
        "Total Revenue": 2,
        "Gross Profit": 2,
        "Operating Income": -2,
        "EBIT": -2,
        "Net Income": -2
    },
    "2017-06-30": {
        "Diluted EPS": -471.47,
        "Total Revenue": 3,
        "Gross Profit": 3,
        "Operating Income": -3,
        "EBIT": -3,
        "Net Income": -3
    },
    "2017-03-31": {
        "Diluted EPS": -469.07,
        "Total Revenue": 2,
        "Gross Profit": 2,
        "Operating Income": -2,
        "EBIT": -2,
        "Net Income": -3
    },
    "2016-12-31": {
        "Diluted EPS": 0.0,
        "Total Revenue": NaN,
        "Gross Profit": NaN,
        "Operating Income": NaN,
        "EBIT": NaN,
        "Net Income": NaN
    },
    "2016-09-30": {
        "Diluted EPS": NaN,
        "Total Revenue": NaN,
        "Gross Profit": NaN,
        "Operating Income": -3,
        "EBIT": -3,
        "Net Income": -4
    },
    "2023-06-30": {
        "Tax Effect Of Unusual Items": NaN,
        "Tax Rate For Calcs": NaN,
        "Normalized EBITDA": NaN,
        "Total Unusual Items": NaN,
        "Total Unusual Items Excluding Goodwill": NaN,
        "Net Income From Continuing Operation Net Minority Interest": NaN,
        "Reconciled Depreciation": NaN,
        "EBITDA": NaN,
        "EBIT": NaN,
        "Net Interest Income": NaN,
        "Interest Expense": 0.0,
        "Interest Income": NaN,
        "Normalized Income": NaN,
        "Net Income From Continuing And Discontinued Operation": NaN,
        "Total Expenses": NaN,
        "Total Operating Income As Reported": NaN,
        "Diluted Average Shares": 1686478.0,
        "Basic Average Shares": 1686478.0,
        "Diluted EPS": -3.4,
        "Basic EPS": -3.4,
        "Diluted NI Availto Com Stockholders": NaN,
        "Net Income Common Stockholders": NaN,
        "Net Income": NaN,
        "Net Income Including Noncontrolling Interests": NaN,
        "Net Income Continuous Operations": NaN,
        "Tax Provision": NaN,
        "Pretax Income": NaN,
        "Other Income Expense": NaN,
        "Other Non Operating Income Expenses": -150000.0,
        "Special Income Charges": NaN,
        "Gain On Sale Of Ppe": NaN,
        "Other Special Charges": NaN,
        "Gain On Sale Of Security": 15000.0,
        "Net Non Operating Interest Income Expense": NaN,
        "Interest Expense Non Operating": 0.0,
        "Interest Income Non Operating": NaN,
        "Operating Income": NaN,
        "Operating Expense": NaN,
        "Research And Development": NaN,
        "Selling General And Administration": NaN,
        "General And Administrative Expense": NaN,
        "Other Gand A": NaN,
        "Total Revenue": NaN,
        "Operating Revenue": NaN
    },
    "2023-09-30": {
        "Tax Effect Of Unusual Items": 0.0,
        "Tax Rate For Calcs": 0.0,
        "Normalized EBITDA": -2014000.0,
        "Total Unusual Items": -2907000.0,
        "Total Unusual Items Excluding Goodwill": -2907000.0,
        "Net Income From Continuing Operation Net Minority Interest": -5256000.0,
        "Reconciled Depreciation": 335000.0,
        "EBITDA": -4921000.0,
        "EBIT": -5256000.0,
        "Net Interest Income": 4000.0,
        "Interest Expense": 0.0,
        "Interest Income": 4000.0,
        "Normalized Income": -2349000.0,
        "Net Income From Continuing And Discontinued Operation": -5256000.0,
        "Total Expenses": 2397000.0,
        "Total Operating Income As Reported": -3317000.0,
        "Diluted Average Shares": 1730104.0,
        "Basic Average Shares": 1730104.0,
        "Diluted EPS": -3.04,
        "Basic EPS": -3.04,
        "Diluted NI Availto Com Stockholders": -5256000.0,
        "Net Income Common Stockholders": -5256000.0,
        "Net Income": -5256000.0,
        "Net Income Including Noncontrolling Interests": -5256000.0,
        "Net Income Continuous Operations": -5256000.0,
        "Tax Provision": 0.0,
        "Pretax Income": -5256000.0,
        "Other Income Expense": -2863000.0,
        "Other Non Operating Income Expenses": 44000.0,
        "Special Income Charges": -920000.0,
        "Gain On Sale Of Ppe": -920000.0,
        "Other Special Charges": NaN,
        "Gain On Sale Of Security": -1987000.0,
        "Net Non Operating Interest Income Expense": 4000.0,
        "Interest Expense Non Operating": 0.0,
        "Interest Income Non Operating": 4000.0,
        "Operating Income": -2397000.0,
        "Operating Expense": 2397000.0,
        "Research And Development": 0.0,
        "Selling General And Administration": 2397000.0,
        "General And Administrative Expense": 2397000.0,
        "Other Gand A": 2397000.0,
        "Total Revenue": 0.0,
        "Operating Revenue": 0.0
    },
    "2023-12-31": {
        "Tax Effect Of Unusual Items": 0.0,
        "Tax Rate For Calcs": 0.0,
        "Normalized EBITDA": -1297000.0,
        "Total Unusual Items": 7000.0,
        "Total Unusual Items Excluding Goodwill": 7000.0,
        "Net Income From Continuing Operation Net Minority Interest": -1487000.0,
        "Reconciled Depreciation": 197000.0,
        "EBITDA": -1290000.0,
        "EBIT": -1487000.0,
        "Net Interest Income": 4000.0,
        "Interest Expense": 0.0,
        "Interest Income": 4000.0,
        "Normalized Income": -1494000.0,
        "Net Income From Continuing And Discontinued Operation": -1487000.0,
        "Total Expenses": 1498000.0,
        "Total Operating Income As Reported": -1498000.0,
        "Diluted Average Shares": NaN,
        "Basic Average Shares": NaN,
        "Diluted EPS": NaN,
        "Basic EPS": NaN,
        "Diluted NI Availto Com Stockholders": -1487000.0,
        "Net Income Common Stockholders": -1487000.0,
        "Net Income": -1487000.0,
        "Net Income Including Noncontrolling Interests": -1487000.0,
        "Net Income Continuous Operations": -1487000.0,
        "Tax Provision": 0.0,
        "Pretax Income": -1487000.0,
        "Other Income Expense": 7000.0,
        "Other Non Operating Income Expenses": 0.0,
        "Special Income Charges": 0.0,
        "Gain On Sale Of Ppe": 0.0,
        "Other Special Charges": NaN,
        "Gain On Sale Of Security": 7000.0,
        "Net Non Operating Interest Income Expense": 4000.0,
        "Interest Expense Non Operating": 0.0,
        "Interest Income Non Operating": 4000.0,
        "Operating Income": -1498000.0,
        "Operating Expense": 1498000.0,
        "Research And Development": 0.0,
        "Selling General And Administration": 1498000.0,
        "General And Administrative Expense": 1498000.0,
        "Other Gand A": 1498000.0,
        "Total Revenue": 0.0,
        "Operating Revenue": 0.0
    },
    "2024-03-31": {
        "Tax Effect Of Unusual Items": 0.0,
        "Tax Rate For Calcs": 0.0,
        "Normalized EBITDA": -639000.0,
        "Total Unusual Items": 4000.0,
        "Total Unusual Items Excluding Goodwill": 4000.0,
        "Net Income From Continuing Operation Net Minority Interest": -829000.0,
        "Reconciled Depreciation": 201000.0,
        "EBITDA": -635000.0,
        "EBIT": -836000.0,
        "Net Interest Income": 3000.0,
        "Interest Expense": NaN,
        "Interest Income": 3000.0,
        "Normalized Income": -833000.0,
        "Net Income From Continuing And Discontinued Operation": -829000.0,
        "Total Expenses": 1336000.0,
        "Total Operating Income As Reported": -836000.0,
        "Diluted Average Shares": 1730175.0,
        "Basic Average Shares": 1730175.0,
        "Diluted EPS": -0.5,
        "Basic EPS": -0.5,
        "Diluted NI Availto Com Stockholders": -829000.0,
        "Net Income Common Stockholders": -829000.0,
        "Net Income": -829000.0,
        "Net Income Including Noncontrolling Interests": -829000.0,
        "Net Income Continuous Operations": -829000.0,
        "Tax Provision": 0.0,
        "Pretax Income": -829000.0,
        "Other Income Expense": 4000.0,
        "Other Non Operating Income Expenses": NaN,
        "Special Income Charges": NaN,
        "Gain On Sale Of Ppe": NaN,
        "Other Special Charges": NaN,
        "Gain On Sale Of Security": 4000.0,
        "Net Non Operating Interest Income Expense": 3000.0,
        "Interest Expense Non Operating": NaN,
        "Interest Income Non Operating": 3000.0,
        "Operating Income": -836000.0,
        "Operating Expense": 1336000.0,
        "Research And Development": 0.0,
        "Selling General And Administration": 1336000.0,
        "General And Administrative Expense": 1336000.0,
        "Other Gand A": 1336000.0,
        "Total Revenue": 500000.0,
        "Operating Revenue": 500000.0
    },
    "2024-06-30": {
        "Tax Effect Of Unusual Items": 0.0,
        "Tax Rate For Calcs": 0.0,
        "Normalized EBITDA": -392000.0,
        "Total Unusual Items": 1000.0,
        "Total Unusual Items Excluding Goodwill": 1000.0,
        "Net Income From Continuing Operation Net Minority Interest": -600000.0,
        "Reconciled Depreciation": 203000.0,
        "EBITDA": -391000.0,
        "EBIT": -594000.0,
        "Net Interest Income": -3000.0,
        "Interest Expense": 6000.0,
        "Interest Income": 3000.0,
        "Normalized Income": -601000.0,
        "Net Income From Continuing And Discontinued Operation": -600000.0,
        "Total Expenses": 1235000.0,
        "Total Operating Income As Reported": -1235000.0,
        "Diluted Average Shares": 1730215.0,
        "Basic Average Shares": 1730215.0,
        "Diluted EPS": -0.35,
        "Basic EPS": -0.35,
        "Diluted NI Availto Com Stockholders": -600000.0,
        "Net Income Common Stockholders": -600000.0,
        "Net Income": -600000.0,
        "Net Income Including Noncontrolling Interests": -600000.0,
        "Net Income Continuous Operations": -600000.0,
        "Tax Provision": 0.0,
        "Pretax Income": -600000.0,
        "Other Income Expense": 638000.0,
        "Other Non Operating Income Expenses": 637000.0,
        "Special Income Charges": NaN,
        "Gain On Sale Of Ppe": NaN,
        "Other Special Charges": NaN,
        "Gain On Sale Of Security": 1000.0,
        "Net Non Operating Interest Income Expense": -3000.0,
        "Interest Expense Non Operating": 6000.0,
        "Interest Income Non Operating": 3000.0,
        "Operating Income": -1235000.0,
        "Operating Expense": 1235000.0,
        "Research And Development": 0.0,
        "Selling General And Administration": 1235000.0,
        "General And Administrative Expense": 1235000.0,
        "Other Gand A": 1235000.0,
        "Total Revenue": 0.0,
        "Operating Revenue": 0.0
    },
    "2024-09-30": {
        "Tax Effect Of Unusual Items": -238980.0,
        "Tax Rate For Calcs": 0.21,
        "Normalized EBITDA": 275000.0,
        "Total Unusual Items": -1138000.0,
        "Total Unusual Items Excluding Goodwill": -1138000.0,
        "Net Income From Continuing Operation Net Minority Interest": -1091000.0,
        "Reconciled Depreciation": 208000.0,
        "EBITDA": -863000.0,
        "EBIT": -1071000.0,
        "Net Interest Income": -11000.0,
        "Interest Expense": 12000.0,
        "Interest Income": 1000.0,
        "Normalized Income": -191980.0,
        "Net Income From Continuing And Discontinued Operation": -1091000.0,
        "Total Expenses": 1434000.0,
        "Total Operating Income As Reported": -2572000.0,
        "Diluted Average Shares": 1899412.0,
        "Basic Average Shares": 1899412.0,
        "Diluted EPS": -0.57,
        "Basic EPS": -0.57,
        "Diluted NI Availto Com Stockholders": -1091000.0,
        "Net Income Common Stockholders": -1091000.0,
        "Net Income": -1091000.0,
        "Net Income Including Noncontrolling Interests": -1091000.0,
        "Net Income Continuous Operations": -1091000.0,
        "Tax Provision": 8000.0,
        "Pretax Income": -1083000.0,
        "Other Income Expense": 362000.0,
        "Other Non Operating Income Expenses": 1500000.0,
        "Special Income Charges": -1138000.0,
        "Gain On Sale Of Ppe": 0.0,
        "Other Special Charges": 1138000.0,
        "Gain On Sale Of Security": NaN,
        "Net Non Operating Interest Income Expense": -11000.0,
        "Interest Expense Non Operating": 12000.0,
        "Interest Income Non Operating": 1000.0,
        "Operating Income": -1434000.0,
        "Operating Expense": 1434000.0,
        "Research And Development": 0.0,
        "Selling General And Administration": 1434000.0,
        "General And Administrative Expense": 1434000.0,
        "Other Gand A": 1434000.0,
        "Total Revenue": 0.0,
        "Operating Revenue": 0.0
    }
}