{
    "2023-06-30": {
        "Tax Effect Of Unusual Items": 7200000.0,
        "Tax Rate For Calcs": 0.4,
        "Normalized EBITDA": 1003000000.0,
        "Total Unusual Items": 18000000.0,
        "Total Unusual Items Excluding Goodwill": 18000000.0,
        "Net Income From Continuing Operation Net Minority Interest": 288000000.0,
        "Reconciled Depreciation": 565000000.0,
        "Reconciled Cost Of Revenue": 1839000000.0,
        "EBIT": 456000000.0,
        "Net Interest Income": -256000000.0,
        "Interest Expense": 256000000.0,
        "Normalized Income": 277200000.0,
        "Net Income From Continuing And Discontinued Operation": 288000000.0,
        "Total Expenses": 2604000000.0,
        "Total Operating Income As Reported": 418000000.0,
        "Diluted Average Shares": 552000000.0,
        "Basic Average Shares": 551000000.0,
        "Diluted EPS": 0.52,
        "Basic EPS": 0.52,
        "Diluted NI Availto Com Stockholders": 288000000.0,
        "Net Income Common Stockholders": 288000000.0,
        "Net Income": 288000000.0,
        "Net Income Including Noncontrolling Interests": 288000000.0,
        "Net Income Continuous Operations": 288000000.0,
        "Tax Provision": -88000000.0,
        "Pretax Income": 200000000.0,
        "Other Income Expense": 38000000.0,
        "Other Non Operating Income Expenses": 11000000.0,
        "Special Income Charges": 18000000.0,
        "Other Special Charges": -18000000.0,
        "Earnings From Equity Interest": 9000000.0,
        "Net Non Operating Interest Income Expense": -256000000.0,
        "Total Other Finance Cost": NaN,
        "Interest Expense Non Operating": 256000000.0,
        "Operating Income": 418000000.0,
        "Operating Expense": 765000000.0,
        "Other Operating Expenses": 63000000.0,
        "Other Taxes": 137000000.0,
        "Depreciation Amortization Depletion Income Statement": 565000000.0,
        "Depreciation And Amortization In Income Statement": 565000000.0,
        "Gross Profit": 1183000000.0,
        "Cost Of Revenue": 1839000000.0,
        "Total Revenue": 3022000000.0,
        "Operating Revenue": 2994000000.0
    },
    "2023-03-31": {
        "Tax Effect Of Unusual Items": 7600000.0,
        "Tax Rate For Calcs": 0.4,
        "Normalized EBITDA": 1213000000.0,
        "Total Unusual Items": 19000000.0,
        "Total Unusual Items Excluding Goodwill": 19000000.0,
        "Net Income From Continuing Operation Net Minority Interest": 418000000.0,
        "Reconciled Depreciation": 624000000.0,
        "Reconciled Cost Of Revenue": 2623000000.0,
        "EBIT": 608000000.0,
        "Net Interest Income": -243000000.0,
        "Interest Expense": 243000000.0,
        "Normalized Income": 406600000.0,
        "Net Income From Continuing And Discontinued Operation": 418000000.0,
        "Total Expenses": 3507000000.0,
        "Total Operating Income As Reported": 573000000.0,
        "Diluted Average Shares": 551000000.0,
        "Basic Average Shares": 551000000.0,
        "Diluted EPS": 0.76,
        "Basic EPS": 0.76,
        "Diluted NI Availto Com Stockholders": 418000000.0,
        "Net Income Common Stockholders": 418000000.0,
        "Net Income": 418000000.0,
        "Net Income Including Noncontrolling Interests": 418000000.0,
        "Net Income Continuous Operations": 418000000.0,
        "Tax Provision": -53000000.0,
        "Pretax Income": 365000000.0,
        "Other Income Expense": 35000000.0,
        "Other Non Operating Income Expenses": 5000000.0,
        "Special Income Charges": 19000000.0,
        "Other Special Charges": -19000000.0,
        "Earnings From Equity Interest": 11000000.0,
        "Net Non Operating Interest Income Expense": -243000000.0,
        "Total Other Finance Cost": NaN,
        "Interest Expense Non Operating": 243000000.0,
        "Operating Income": 573000000.0,
        "Operating Expense": 884000000.0,
        "Other Operating Expenses": 76000000.0,
        "Other Taxes": 184000000.0,
        "Depreciation Amortization Depletion Income Statement": 624000000.0,
        "Depreciation And Amortization In Income Statement": 624000000.0,
        "Gross Profit": 1457000000.0,
        "Cost Of Revenue": 2623000000.0,
        "Total Revenue": 4080000000.0,
        "Operating Revenue": 4051000000.0
    },
    "2022-12-31": {
        "Tax Effect Of Unusual Items": 0.0,
        "Tax Rate For Calcs": 0.4,
        "Normalized EBITDA": 1161000000.0,
        "Total Unusual Items": 22000000.0,
        "Total Unusual Items Excluding Goodwill": 22000000.0,
        "Net Income From Continuing Operation Net Minority Interest": 379000000.0,
        "Reconciled Depreciation": 606000000.0,
        "Reconciled Cost Of Revenue": 2685000000.0,
        "EBIT": 555000000.0,
        "Net Interest Income": -239000000.0,
        "Interest Expense": 231000000.0,
        "Normalized Income": 379000000.0,
        "Net Income From Continuing And Discontinued Operation": 379000000.0,
        "Total Expenses": 3528000000.0,
        "Total Operating Income As Reported": 525000000.0,
        "Diluted Average Shares": 550000000.0,
        "Basic Average Shares": 550000000.0,
        "Diluted EPS": 0.69,
        "Basic EPS": 0.69,
        "Diluted NI Availto Com Stockholders": 379000000.0,
        "Net Income Common Stockholders": 379000000.0,
        "Net Income": 379000000.0,
        "Net Income Including Noncontrolling Interests": 379000000.0,
        "Net Income Continuous Operations": 379000000.0,
        "Tax Provision": -55000000.0,
        "Pretax Income": 324000000.0,
        "Other Income Expense": 38000000.0,
        "Other Non Operating Income Expenses": 7000000.0,
        "Special Income Charges": 22000000.0,
        "Other Special Charges": -22000000.0,
        "Earnings From Equity Interest": 31000000.0,
        "Net Non Operating Interest Income Expense": -239000000.0,
        "Total Other Finance Cost": 8000000.0,
        "Interest Expense Non Operating": 231000000.0,
        "Operating Income": 525000000.0,
        "Operating Expense": 843000000.0,
        "Other Operating Expenses": 72000000.0,
        "Other Taxes": 165000000.0,
        "Depreciation Amortization Depletion Income Statement": 606000000.0,
        "Depreciation And Amortization In Income Statement": 606000000.0,
        "Gross Profit": 1368000000.0,
        "Cost Of Revenue": 2685000000.0,
        "Total Revenue": 4053000000.0,
        "Operating Revenue": 4025000000.0
    },
    "2022-09-30": {
        "Tax Effect Of Unusual Items": 0.0,
        "Tax Rate For Calcs": 0.063492,
        "Normalized EBITDA": 1537000000.0,
        "Total Unusual Items": 20000000.0,
        "Total Unusual Items Excluding Goodwill": 20000000.0,
        "Net Income From Continuing Operation Net Minority Interest": 649000000.0,
        "Reconciled Depreciation": 607000000.0,
        "Reconciled Cost Of Revenue": 2292000000.0,
        "EBIT": 930000000.0,
        "Net Interest Income": -237000000.0,
        "Interest Expense": 237000000.0,
        "Normalized Income": 649000000.0,
        "Net Income From Continuing And Discontinued Operation": 649000000.0,
        "Total Expenses": 3158000000.0,
        "Total Operating Income As Reported": 924000000.0,
        "Diluted Average Shares": 548000000.0,
        "Basic Average Shares": 548000000.0,
        "Diluted EPS": 1.18,
        "Basic EPS": 1.19,
        "Diluted NI Availto Com Stockholders": 649000000.0,
        "Net Income Common Stockholders": 649000000.0,
        "Net Income": 649000000.0,
        "Net Income Including Noncontrolling Interests": 649000000.0,
        "Net Income Continuous Operations": 649000000.0,
        "Tax Provision": 44000000.0,
        "Pretax Income": 693000000.0,
        "Other Income Expense": 6000000.0,
        "Other Non Operating Income Expenses": -15000000.0,
        "Special Income Charges": 20000000.0,
        "Other Special Charges": -20000000.0,
        "Earnings From Equity Interest": 21000000.0,
        "Net Non Operating Interest Income Expense": -237000000.0,
        "Total Other Finance Cost": NaN,
        "Interest Expense Non Operating": 237000000.0,
        "Operating Income": 924000000.0,
        "Operating Expense": 866000000.0,
        "Other Operating Expenses": 86000000.0,
        "Other Taxes": 173000000.0,
        "Depreciation Amortization Depletion Income Statement": 607000000.0,
        "Depreciation And Amortization In Income Statement": 607000000.0,
        "Gross Profit": 1790000000.0,
        "Cost Of Revenue": 2292000000.0,
        "Total Revenue": 4082000000.0,
        "Operating Revenue": 4056000000.0
    },
    "2022-06-30": {
        "Tax Effect Of Unusual Items": 8000000.0,
        "Tax Rate For Calcs": 0.4,
        "Normalized EBITDA": 1148000000.0,
        "Total Unusual Items": 20000000.0,
        "Total Unusual Items Excluding Goodwill": 20000000.0,
        "Net Income From Continuing Operation Net Minority Interest": 328000000.0,
        "Reconciled Depreciation": 674000000.0,
        "Reconciled Cost Of Revenue": 2021000000.0,
        "EBIT": 494000000.0,
        "Net Interest Income": -240000000.0,
        "Interest Expense": 240000000.0,
        "Normalized Income": 316000000.0,
        "Net Income From Continuing And Discontinued Operation": 328000000.0,
        "Total Expenses": 2955000000.0,
        "Total Operating Income As Reported": 469000000.0,
        "Diluted Average Shares": 546000000.0,
        "Basic Average Shares": 546000000.0,
        "Diluted EPS": 0.6,
        "Basic EPS": 0.6,
        "Diluted NI Availto Com Stockholders": 328000000.0,
        "Net Income Common Stockholders": 328000000.0,
        "Net Income": 328000000.0,
        "Net Income Including Noncontrolling Interests": 328000000.0,
        "Net Income Continuous Operations": 328000000.0,
        "Tax Provision": -74000000.0,
        "Pretax Income": 254000000.0,
        "Other Income Expense": 25000000.0,
        "Other Non Operating Income Expenses": -6000000.0,
        "Special Income Charges": 20000000.0,
        "Other Special Charges": -20000000.0,
        "Earnings From Equity Interest": 11000000.0,
        "Net Non Operating Interest Income Expense": -240000000.0,
        "Total Other Finance Cost": NaN,
        "Interest Expense Non Operating": 240000000.0,
        "Operating Income": 469000000.0,
        "Operating Expense": 898000000.0,
        "Other Operating Expenses": 81000000.0,
        "Other Taxes": 179000000.0,
        "Depreciation Amortization Depletion Income Statement": 638000000.0,
        "Depreciation And Amortization In Income Statement": 638000000.0,
        "Gross Profit": 1367000000.0,
        "Cost Of Revenue": 2057000000.0,
        "Total Revenue": 3424000000.0,
        "Operating Revenue": 3399000000.0
    },
    "2022-03-31": {
        "Diluted EPS": 0.7,
        "Total Revenue": NaN,
        "Gross Profit": NaN,
        "Operating Income": 510,
        "EBIT": NaN,
        "Net Income": 380
    },
    "2021-12-31": {
        "Diluted EPS": 0.58,
        "Total Revenue": NaN,
        "Gross Profit": NaN,
        "Operating Income": 433,
        "EBIT": NaN,
        "Net Income": 315
    },
    "2021-09-30": {
        "Diluted EPS": 1.13,
        "Total Revenue": NaN,
        "Gross Profit": NaN,
        "Operating Income": 825,
        "EBIT": NaN,
        "Net Income": 609
    },
    "2021-06-30": {
        "Diluted EPS": 0.58,
        "Total Revenue": NaN,
        "Gross Profit": NaN,
        "Operating Income": 438,
        "EBIT": 990,
        "Net Income": 311
    },
    "2021-03-31": {
        "Diluted EPS": 0.67,
        "Total Revenue": NaN,
        "Gross Profit": NaN,
        "Operating Income": 507,
        "EBIT": NaN,
        "Net Income": 362
    },
    "2020-12-31": {
        "Diluted EPS": 0.55,
        "Total Revenue": NaN,
        "Gross Profit": NaN,
        "Operating Income": 426,
        "EBIT": 955,
        "Net Income": 288
    },
    "2020-09-30": {
        "Diluted EPS": 1.14,
        "Total Revenue": NaN,
        "Gross Profit": NaN,
        "Operating Income": 813,
        "EBIT": NaN,
        "Net Income": 603
    },
    "2020-06-30": {
        "Diluted EPS": 0.54,
        "Total Revenue": NaN,
        "Gross Profit": NaN,
        "Operating Income": 422,
        "EBIT": 930,
        "Net Income": 287
    },
    "2020-03-31": {
        "Diluted EPS": 0.56,
        "Total Revenue": NaN,
        "Gross Profit": NaN,
        "Operating Income": 455,
        "EBIT": 954,
        "Net Income": 295
    },
    "2019-12-31": {
        "Diluted EPS": 0.56,
        "Total Revenue": NaN,
        "Gross Profit": NaN,
        "Operating Income": 450,
        "EBIT": 933,
        "Net Income": 292
    },
    "2019-09-30": {
        "Diluted EPS": 1.01,
        "Total Revenue": NaN,
        "Gross Profit": NaN,
        "Operating Income": 758,
        "EBIT": NaN,
        "Net Income": 527
    },
    "2019-06-30": {
        "Diluted EPS": 0.46,
        "Total Revenue": NaN,
        "Gross Profit": NaN,
        "Operating Income": 410,
        "EBIT": 880,
        "Net Income": 238
    },
    "2019-03-31": {
        "Diluted EPS": 0.61,
        "Total Revenue": NaN,
        "Gross Profit": NaN,
        "Operating Income": 486,
        "EBIT": 955,
        "Net Income": 315
    },
    "2018-12-31": {
        "Diluted EPS": 0.42,
        "Total Revenue": NaN,
        "Gross Profit": NaN,
        "Operating Income": 339,
        "EBIT": 815,
        "Net Income": 214
    },
    "2018-09-30": {
        "Diluted EPS": 0.96,
        "Total Revenue": NaN,
        "Gross Profit": NaN,
        "Operating Income": 696,
        "EBIT": NaN,
        "Net Income": 491
    },
    "2018-06-30": {
        "Diluted EPS": 0.52,
        "Total Revenue": NaN,
        "Gross Profit": NaN,
        "Operating Income": 450,
        "EBIT": 863,
        "Net Income": 265
    },
    "2018-03-31": {
        "Diluted EPS": 0.57,
        "Total Revenue": NaN,
        "Gross Profit": NaN,
        "Operating Income": 480,
        "EBIT": 898,
        "Net Income": 291
    },
    "2017-12-31": {
        "Diluted EPS": 0.36,
        "Total Revenue": NaN,
        "Gross Profit": NaN,
        "Operating Income": 441,
        "EBIT": 849,
        "Net Income": 190
    },
    "2017-09-30": {
        "Diluted EPS": 0.97,
        "Total Revenue": NaN,
        "Gross Profit": NaN,
        "Operating Income": 824,
        "EBIT": NaN,
        "Net Income": 492
    },
    "2017-06-30": {
        "Diluted EPS": 0.45,
        "Total Revenue": NaN,
        "Gross Profit": NaN,
        "Operating Income": 466,
        "EBIT": 862,
        "Net Income": 227
    },
    "2017-03-31": {
        "Diluted EPS": 0.47,
        "Total Revenue": NaN,
        "Gross Profit": NaN,
        "Operating Income": 492,
        "EBIT": 892,
        "Net Income": 239
    },
    "2016-12-31": {
        "Diluted EPS": 0.45,
        "Total Revenue": NaN,
        "Gross Profit": NaN,
        "Operating Income": 491,
        "EBIT": 859,
        "Net Income": 227
    },
    "2016-09-30": {
        "Diluted EPS": 0.9,
        "Total Revenue": NaN,
        "Gross Profit": NaN,
        "Operating Income": 827,
        "EBIT": NaN,
        "Net Income": 458
    },
    "2016-06-30": {
        "Diluted EPS": 0.39,
        "Total Revenue": NaN,
        "Gross Profit": NaN,
        "Operating Income": 432,
        "EBIT": 789,
        "Net Income": 197
    },
    "2016-03-31": {
        "Diluted EPS": 0.47,
        "Total Revenue": NaN,
        "Gross Profit": NaN,
        "Operating Income": 490,
        "EBIT": 838,
        "Net Income": 241
    },
    "2015-12-31": {
        "Diluted EPS": 0.41,
        "Total Revenue": NaN,
        "Gross Profit": NaN,
        "Operating Income": 440,
        "EBIT": 765,
        "Net Income": 209
    },
    "2015-09-30": {
        "Diluted EPS": 0.84,
        "Total Revenue": NaN,
        "Gross Profit": NaN,
        "Operating Income": 786,
        "EBIT": NaN,
        "Net Income": 426
    },
    "2015-06-30": {
        "Diluted EPS": 0.39,
        "Total Revenue": NaN,
        "Gross Profit": NaN,
        "Operating Income": 423,
        "EBIT": 721,
        "Net Income": 197
    },
    "2015-03-31": {
        "Diluted EPS": 0.3,
        "Total Revenue": NaN,
        "Gross Profit": NaN,
        "Operating Income": 351,
        "EBIT": 655,
        "Net Income": 152
    },
    "2014-12-31": {
        "Diluted EPS": 0.39,
        "Total Revenue": NaN,
        "Gross Profit": NaN,
        "Operating Income": 391,
        "EBIT": 679,
        "Net Income": 196
    },
    "2014-09-30": {
        "Diluted EPS": 0.73,
        "Total Revenue": NaN,
        "Gross Profit": NaN,
        "Operating Income": 666,
        "EBIT": 956,
        "Net Income": 369
    },
    "2014-06-30": {
        "Diluted EPS": 0.39,
        "Total Revenue": NaN,
        "Gross Profit": NaN,
        "Operating Income": 397,
        "EBIT": 687,
        "Net Income": 195
    },
    "2014-03-31": {
        "Diluted EPS": 0.52,
        "Total Revenue": NaN,
        "Gross Profit": NaN,
        "Operating Income": 494,
        "EBIT": 772,
        "Net Income": 261
    },
    "2013-12-31": {
        "Diluted EPS": 0.3,
        "Total Revenue": NaN,
        "Gross Profit": NaN,
        "Operating Income": 326,
        "EBIT": 608,
        "Net Income": 150
    },
    "2013-09-30": {
        "Diluted EPS": 0.73,
        "Total Revenue": NaN,
        "Gross Profit": NaN,
        "Operating Income": 665,
        "EBIT": 923,
        "Net Income": 365
    },
    "2013-06-30": {
        "Diluted EPS": 0.4,
        "Total Revenue": NaN,
        "Gross Profit": NaN,
        "Operating Income": 402,
        "EBIT": 677,
        "Net Income": 197
    },
    "2013-03-31": {
        "Diluted EPS": 0.48,
        "Total Revenue": NaN,
        "Gross Profit": NaN,
        "Operating Income": 455,
        "EBIT": 733,
        "Net Income": 237
    },
    "2012-12-31": {
        "Diluted EPS": 0.28,
        "Total Revenue": NaN,
        "Gross Profit": NaN,
        "Operating Income": 316,
        "EBIT": 574,
        "Net Income": 140
    },
    "2012-09-30": {
        "Diluted EPS": 0.81,
        "Total Revenue": NaN,
        "Gross Profit": NaN,
        "Operating Income": 720,
        "EBIT": 992,
        "Net Income": 398
    },
    "2012-06-30": {
        "Diluted EPS": 0.38,
        "Total Revenue": NaN,
        "Gross Profit": NaN,
        "Operating Income": 406,
        "EBIT": 659,
        "Net Income": 183
    },
    "2012-03-31": {
        "Diluted EPS": 0.38,
        "Total Revenue": NaN,
        "Gross Profit": NaN,
        "Operating Income": 380,
        "EBIT": 638,
        "Net Income": 184
    },
    "2011-12-31": {
        "Diluted EPS": 0.28,
        "Total Revenue": NaN,
        "Gross Profit": NaN,
        "Operating Income": 344,
        "EBIT": 567,
        "Net Income": 141
    },
    "2011-09-30": {
        "Diluted EPS": 0.69,
        "Total Revenue": NaN,
        "Gross Profit": NaN,
        "Operating Income": 651,
        "EBIT": 928,
        "Net Income": 334
    },
    "2011-06-30": {
        "Diluted EPS": 0.33,
        "Total Revenue": NaN,
        "Gross Profit": NaN,
        "Operating Income": 359,
        "EBIT": 610,
        "Net Income": 158
    },
    "2011-03-31": {
        "Diluted EPS": 0.42,
        "Total Revenue": NaN,
        "Gross Profit": NaN,
        "Operating Income": 427,
        "EBIT": 680,
        "Net Income": 203
    },
    "2010-12-31": {
        "Diluted EPS": 0.29,
        "Total Revenue": NaN,
        "Gross Profit": NaN,
        "Operating Income": 322,
        "EBIT": 572,
        "Net Income": 136
    },
    "2010-09-30": {
        "Diluted EPS": 0.67,
        "Total Revenue": NaN,
        "Gross Profit": NaN,
        "Operating Income": 569,
        "EBIT": 822,
        "Net Income": 311
    },
    "2010-06-30": {
        "Diluted EPS": 0.3,
        "Total Revenue": NaN,
        "Gross Profit": NaN,
        "Operating Income": 325,
        "EBIT": 559,
        "Net Income": 139
    },
    "2010-03-31": {
        "Diluted EPS": 0.36,
        "Total Revenue": NaN,
        "Gross Profit": NaN,
        "Operating Income": 404,
        "EBIT": 639,
        "Net Income": 166
    },
    "2009-12-31": {
        "Diluted EPS": 0.37,
        "Total Revenue": NaN,
        "Gross Profit": 260,
        "Operating Income": 353,
        "EBIT": 586,
        "Net Income": 168
    },
    "2009-09-30": {
        "Diluted EPS": 0.48,
        "Total Revenue": NaN,
        "Gross Profit": NaN,
        "Operating Income": 465,
        "EBIT": 688,
        "Net Income": 220
    },
    "2009-06-30": {
        "Diluted EPS": 0.25,
        "Total Revenue": NaN,
        "Gross Profit": NaN,
        "Operating Income": 279,
        "EBIT": 503,
        "Net Income": 116
    },
    "2009-03-31": {
        "Diluted EPS": 0.38,
        "Total Revenue": NaN,
        "Gross Profit": NaN,
        "Operating Income": 371,
        "EBIT": 601,
        "Net Income": 173
    }
}