{
    "2023-03-31": {
        "Tax Effect Of Unusual Items": NaN,
        "Tax Rate For Calcs": NaN,
        "Normalized EBITDA": NaN,
        "Total Unusual Items": NaN,
        "Total Unusual Items Excluding Goodwill": NaN,
        "Net Income From Continuing Operation Net Minority Interest": NaN,
        "Reconciled Depreciation": NaN,
        "EBITDA": NaN,
        "EBIT": NaN,
        "Net Interest Income": NaN,
        "Interest Income": NaN,
        "Normalized Income": NaN,
        "Net Income From Continuing And Discontinued Operation": NaN,
        "Total Expenses": NaN,
        "Total Operating Income As Reported": NaN,
        "Diluted Average Shares": NaN,
        "Basic Average Shares": NaN,
        "Diluted EPS": NaN,
        "Basic EPS": NaN,
        "Diluted NI Availto Com Stockholders": NaN,
        "Net Income Common Stockholders": NaN,
        "Net Income": NaN,
        "Net Income Including Noncontrolling Interests": NaN,
        "Net Income Continuous Operations": NaN,
        "Tax Provision": NaN,
        "Pretax Income": NaN,
        "Other Income Expense": NaN,
        "Gain On Sale Of Security": NaN,
        "Net Non Operating Interest Income Expense": NaN,
        "Interest Income Non Operating": NaN,
        "Operating Income": NaN,
        "Operating Expense": NaN,
        "Research And Development": NaN,
        "Selling General And Administration": NaN,
        "General And Administrative Expense": NaN,
        "Other Gand A": NaN,
        "Salaries And Wages": 6954000.0,
        "Total Revenue": NaN,
        "Operating Revenue": NaN
    },
    "2022-12-31": {
        "Tax Effect Of Unusual Items": NaN,
        "Tax Rate For Calcs": NaN,
        "Normalized EBITDA": NaN,
        "Total Unusual Items": NaN,
        "Total Unusual Items Excluding Goodwill": NaN,
        "Net Income From Continuing Operation Net Minority Interest": NaN,
        "Reconciled Depreciation": NaN,
        "EBITDA": NaN,
        "EBIT": NaN,
        "Net Interest Income": NaN,
        "Interest Income": NaN,
        "Normalized Income": NaN,
        "Net Income From Continuing And Discontinued Operation": NaN,
        "Total Expenses": NaN,
        "Total Operating Income As Reported": NaN,
        "Diluted Average Shares": NaN,
        "Basic Average Shares": NaN,
        "Diluted EPS": NaN,
        "Basic EPS": NaN,
        "Diluted NI Availto Com Stockholders": NaN,
        "Net Income Common Stockholders": NaN,
        "Preferred Stock Dividends": -17000.0,
        "Net Income": NaN,
        "Net Income Including Noncontrolling Interests": NaN,
        "Net Income Continuous Operations": NaN,
        "Tax Provision": NaN,
        "Pretax Income": NaN,
        "Other Income Expense": NaN,
        "Gain On Sale Of Security": NaN,
        "Net Non Operating Interest Income Expense": NaN,
        "Interest Income Non Operating": NaN,
        "Operating Income": NaN,
        "Operating Expense": NaN,
        "Research And Development": NaN,
        "Selling General And Administration": NaN,
        "General And Administrative Expense": NaN,
        "Other Gand A": NaN,
        "Salaries And Wages": NaN,
        "Total Revenue": NaN,
        "Operating Revenue": NaN
    },
    "2022-09-30": {
        "Tax Effect Of Unusual Items": NaN,
        "Tax Rate For Calcs": NaN,
        "Normalized EBITDA": NaN,
        "Total Unusual Items": NaN,
        "Total Unusual Items Excluding Goodwill": NaN,
        "Net Income From Continuing Operation Net Minority Interest": NaN,
        "Reconciled Depreciation": NaN,
        "EBITDA": NaN,
        "EBIT": NaN,
        "Net Interest Income": NaN,
        "Interest Income": NaN,
        "Normalized Income": NaN,
        "Net Income From Continuing And Discontinued Operation": NaN,
        "Total Expenses": NaN,
        "Total Operating Income As Reported": NaN,
        "Diluted Average Shares": NaN,
        "Basic Average Shares": NaN,
        "Diluted EPS": NaN,
        "Basic EPS": NaN,
        "Diluted NI Availto Com Stockholders": NaN,
        "Net Income Common Stockholders": NaN,
        "Preferred Stock Dividends": NaN,
        "Net Income": NaN,
        "Net Income Including Noncontrolling Interests": NaN,
        "Net Income Continuous Operations": NaN,
        "Tax Provision": NaN,
        "Pretax Income": NaN,
        "Other Income Expense": NaN,
        "Gain On Sale Of Security": NaN,
        "Net Non Operating Interest Income Expense": NaN,
        "Interest Income Non Operating": NaN,
        "Operating Income": NaN,
        "Operating Expense": NaN,
        "Research And Development": NaN,
        "Selling General And Administration": NaN,
        "General And Administrative Expense": NaN,
        "Other Gand A": NaN,
        "Salaries And Wages": 6237000.0,
        "Total Revenue": NaN,
        "Operating Revenue": NaN
    },
    "2022-06-30": {
        "Tax Effect Of Unusual Items": -2178.344766,
        "Tax Rate For Calcs": 0.001282,
        "Normalized EBITDA": -28241000.0,
        "Total Unusual Items": -1699000.0,
        "Total Unusual Items Excluding Goodwill": -1699000.0,
        "Net Income From Continuing Operation Net Minority Interest": -31158000.0,
        "Reconciled Depreciation": 375000.0,
        "EBITDA": -29940000.0,
        "EBIT": -30315000.0,
        "Net Interest Income": 816000.0,
        "Interest Income": 816000.0,
        "Normalized Income": -29461178.344766,
        "Net Income From Continuing And Discontinued Operation": -31158000.0,
        "Total Expenses": 30851000.0,
        "Total Operating Income As Reported": -30315000.0,
        "Diluted Average Shares": 56192922.0,
        "Basic Average Shares": 56192922.0,
        "Diluted EPS": -0.55,
        "Basic EPS": -0.55,
        "Diluted NI Availto Com Stockholders": -31158000.0,
        "Net Income Common Stockholders": -31158000.0,
        "Preferred Stock Dividends": NaN,
        "Net Income": -31158000.0,
        "Net Income Including Noncontrolling Interests": -31158000.0,
        "Net Income Continuous Operations": -31158000.0,
        "Tax Provision": -40000.0,
        "Pretax Income": -31198000.0,
        "Other Income Expense": -1699000.0,
        "Other Non Operating Income Expenses": NaN,
        "Gain On Sale Of Security": -1699000.0,
        "Net Non Operating Interest Income Expense": 816000.0,
        "Interest Income Non Operating": 816000.0,
        "Operating Income": -30315000.0,
        "Operating Expense": 30851000.0,
        "Research And Development": 22146000.0,
        "Selling General And Administration": 8705000.0,
        "General And Administrative Expense": 8705000.0,
        "Other Gand A": 8705000.0,
        "Salaries And Wages": NaN,
        "Total Revenue": 536000.0,
        "Operating Revenue": 536000.0
    },
    "2022-03-31": {
        "Diluted EPS": -0.35,
        "Total Revenue": 9,
        "Gross Profit": 9,
        "Operating Income": -17,
        "EBIT": -17,
        "Net Income": -19
    },
    "2021-12-31": {
        "Diluted EPS": -0.48,
        "Total Revenue": 4,
        "Gross Profit": 4,
        "Operating Income": -25,
        "EBIT": -25,
        "Net Income": -25
    },
    "2021-09-30": {
        "Diluted EPS": -0.36,
        "Total Revenue": 8,
        "Gross Profit": 8,
        "Operating Income": -16,
        "EBIT": -15,
        "Net Income": -15
    },
    "2021-06-30": {
        "Diluted EPS": -0.51,
        "Total Revenue": 2,
        "Gross Profit": 2,
        "Operating Income": -22,
        "EBIT": -22,
        "Net Income": -22
    },
    "2021-03-31": {
        "Diluted EPS": -0.42,
        "Total Revenue": 4,
        "Gross Profit": 4,
        "Operating Income": -16,
        "EBIT": -16,
        "Net Income": -15
    },
    "2020-12-31": {
        "Diluted EPS": -0.34,
        "Total Revenue": 5,
        "Gross Profit": 5,
        "Operating Income": -13,
        "EBIT": -13,
        "Net Income": -12
    },
    "2020-09-30": {
        "Diluted EPS": -0.25,
        "Total Revenue": 7,
        "Gross Profit": 7,
        "Operating Income": -10,
        "EBIT": -10,
        "Net Income": -9
    },
    "2020-06-30": {
        "Diluted EPS": 0.0,
        "Total Revenue": 13,
        "Gross Profit": 13,
        "Operating Income": -1,
        "EBIT": 0,
        "Net Income": 0
    },
    "2020-03-31": {
        "Diluted EPS": -0.22,
        "Total Revenue": 7,
        "Gross Profit": 7,
        "Operating Income": -8,
        "EBIT": -8,
        "Net Income": -7
    },
    "2019-12-31": {
        "Diluted EPS": -0.42,
        "Total Revenue": 3,
        "Gross Profit": 3,
        "Operating Income": -12,
        "EBIT": -11,
        "Net Income": -11
    },
    "2019-09-30": {
        "Diluted EPS": -0.33,
        "Total Revenue": 4,
        "Gross Profit": 4,
        "Operating Income": -9,
        "EBIT": -9,
        "Net Income": -9
    },
    "2019-06-30": {
        "Diluted EPS": -0.37,
        "Total Revenue": NaN,
        "Gross Profit": NaN,
        "Operating Income": -11,
        "EBIT": -10,
        "Net Income": -10
    },
    "2019-03-31": {
        "Diluted EPS": -0.42,
        "Total Revenue": NaN,
        "Gross Profit": NaN,
        "Operating Income": -12,
        "EBIT": -12,
        "Net Income": -11
    },
    "2018-12-31": {
        "Diluted EPS": -0.34,
        "Total Revenue": NaN,
        "Gross Profit": NaN,
        "Operating Income": -8,
        "EBIT": -8,
        "Net Income": -9
    },
    "2018-09-30": {
        "Diluted EPS": -0.63,
        "Total Revenue": NaN,
        "Gross Profit": NaN,
        "Operating Income": -14,
        "EBIT": -14,
        "Net Income": -13
    },
    "2018-06-30": {
        "Diluted EPS": -0.45,
        "Total Revenue": NaN,
        "Gross Profit": NaN,
        "Operating Income": -8,
        "EBIT": -7,
        "Net Income": -6
    },
    "2018-03-31": {
        "Diluted EPS": -0.21,
        "Total Revenue": NaN,
        "Gross Profit": NaN,
        "Operating Income": -8,
        "EBIT": -8,
        "Net Income": -4
    },
    "2017-12-31": {
        "Diluted EPS": -0.45,
        "Total Revenue": 0,
        "Gross Profit": 0,
        "Operating Income": -8,
        "EBIT": -8,
        "Net Income": -8
    },
    "2017-09-30": {
        "Diluted EPS": -0.43,
        "Total Revenue": 0,
        "Gross Profit": 0,
        "Operating Income": -9,
        "EBIT": -8,
        "Net Income": -8
    },
    "2017-06-30": {
        "Diluted EPS": -0.41,
        "Total Revenue": 0,
        "Gross Profit": 0,
        "Operating Income": -8,
        "EBIT": -8,
        "Net Income": -7
    },
    "2017-03-31": {
        "Diluted EPS": -0.43,
        "Total Revenue": 0,
        "Gross Profit": 0,
        "Operating Income": -8,
        "EBIT": -8,
        "Net Income": -8
    },
    "2016-12-31": {
        "Diluted EPS": -0.32,
        "Total Revenue": 0,
        "Gross Profit": 0,
        "Operating Income": -5,
        "EBIT": -5,
        "Net Income": -6
    },
    "2016-09-30": {
        "Diluted EPS": -0.51,
        "Total Revenue": 0,
        "Gross Profit": 0,
        "Operating Income": -7,
        "EBIT": -7,
        "Net Income": -8
    },
    "2016-06-30": {
        "Diluted EPS": -0.42,
        "Total Revenue": 0,
        "Gross Profit": 0,
        "Operating Income": -6,
        "EBIT": -6,
        "Net Income": -6
    },
    "2016-03-31": {
        "Diluted EPS": -0.23,
        "Total Revenue": 1,
        "Gross Profit": 1,
        "Operating Income": -6,
        "EBIT": -5,
        "Net Income": -3
    },
    "2015-12-31": {
        "Diluted EPS": -0.12,
        "Total Revenue": 3,
        "Gross Profit": 3,
        "Operating Income": -3,
        "EBIT": -2,
        "Net Income": -4
    },
    "2015-09-30": {
        "Diluted EPS": -0.27,
        "Total Revenue": 4,
        "Gross Profit": 4,
        "Operating Income": -1,
        "EBIT": -1,
        "Net Income": -4
    },
    "2015-06-30": {
        "Diluted EPS": -0.07,
        "Total Revenue": 4,
        "Gross Profit": 4,
        "Operating Income": 0,
        "EBIT": 0,
        "Net Income": 1
    },
    "2015-03-31": {
        "Diluted EPS": -0.64,
        "Total Revenue": 4,
        "Gross Profit": 4,
        "Operating Income": -6,
        "EBIT": -6,
        "Net Income": -9
    },
    "2014-12-31": {
        "Diluted EPS": 1.59,
        "Total Revenue": 5,
        "Gross Profit": 5,
        "Operating Income": 0,
        "EBIT": 0,
        "Net Income": 9
    },
    "2014-09-30": {
        "Diluted EPS": 1.69,
        "Total Revenue": 13,
        "Gross Profit": 13,
        "Operating Income": 9,
        "EBIT": 9,
        "Net Income": 4
    },
    "2014-06-30": {
        "Diluted EPS": 0.0,
        "Total Revenue": 5,
        "Gross Profit": 5,
        "Operating Income": 1,
        "EBIT": 2,
        "Net Income": NaN
    },
    "2014-03-31": {
        "Diluted EPS": 0.0,
        "Total Revenue": 5,
        "Gross Profit": 5,
        "Operating Income": 1,
        "EBIT": 1,
        "Net Income": NaN
    },
    "2013-12-31": {
        "Diluted EPS": 0.0,
        "Total Revenue": NaN,
        "Gross Profit": NaN,
        "Operating Income": NaN,
        "EBIT": NaN,
        "Net Income": NaN
    },
    "2013-09-30": {
        "Diluted EPS": 0.63,
        "Total Revenue": 11,
        "Gross Profit": 11,
        "Operating Income": 7,
        "EBIT": 7,
        "Net Income": 1
    },
    "2012-12-31": {
        "Diluted EPS": 0.0,
        "Total Revenue": NaN,
        "Gross Profit": NaN,
        "Operating Income": NaN,
        "EBIT": NaN,
        "Net Income": NaN
    },
    "2011-12-31": {
        "Diluted EPS": 0.0,
        "Total Revenue": NaN,
        "Gross Profit": NaN,
        "Operating Income": NaN,
        "EBIT": NaN,
        "Net Income": NaN
    },
    "2023-06-30": {
        "Tax Effect Of Unusual Items": NaN,
        "Tax Rate For Calcs": NaN,
        "Normalized EBITDA": NaN,
        "Total Unusual Items": NaN,
        "Total Unusual Items Excluding Goodwill": NaN,
        "Net Income From Continuing Operation Net Minority Interest": NaN,
        "Reconciled Depreciation": NaN,
        "EBITDA": NaN,
        "EBIT": NaN,
        "Net Interest Income": NaN,
        "Interest Income": NaN,
        "Normalized Income": NaN,
        "Net Income From Continuing And Discontinued Operation": NaN,
        "Total Expenses": NaN,
        "Total Operating Income As Reported": NaN,
        "Diluted Average Shares": NaN,
        "Basic Average Shares": NaN,
        "Diluted EPS": NaN,
        "Basic EPS": NaN,
        "Diluted NI Availto Com Stockholders": NaN,
        "Net Income Common Stockholders": NaN,
        "Net Income": NaN,
        "Net Income Including Noncontrolling Interests": NaN,
        "Net Income Continuous Operations": NaN,
        "Tax Provision": NaN,
        "Pretax Income": NaN,
        "Other Income Expense": NaN,
        "Gain On Sale Of Security": NaN,
        "Net Non Operating Interest Income Expense": NaN,
        "Interest Income Non Operating": NaN,
        "Operating Income": NaN,
        "Operating Expense": NaN,
        "Research And Development": NaN,
        "Selling General And Administration": NaN,
        "General And Administrative Expense": NaN,
        "Other Gand A": NaN,
        "Salaries And Wages": 7873000.0,
        "Total Revenue": NaN,
        "Operating Revenue": NaN
    },
    "2023-09-30": {
        "Tax Effect Of Unusual Items": 268.022789,
        "Tax Rate For Calcs": 0.003229,
        "Normalized EBITDA": -54033000.0,
        "Total Unusual Items": 83000.0,
        "Total Unusual Items Excluding Goodwill": 83000.0,
        "Net Income From Continuing Operation Net Minority Interest": -48462000.0,
        "Reconciled Depreciation": 1734000.0,
        "EBITDA": -53950000.0,
        "EBIT": -55684000.0,
        "Net Interest Income": 6982000.0,
        "Interest Income": 6982000.0,
        "Normalized Income": -48544731.977211,
        "Net Income From Continuing And Discontinued Operation": -48462000.0,
        "Total Expenses": 55684000.0,
        "Total Operating Income As Reported": -55684000.0,
        "Diluted Average Shares": 66002163.0,
        "Basic Average Shares": 66002163.0,
        "Diluted EPS": -0.73,
        "Basic EPS": -0.73,
        "Diluted NI Availto Com Stockholders": -48462000.0,
        "Net Income Common Stockholders": -48462000.0,
        "Net Income": -48462000.0,
        "Net Income Including Noncontrolling Interests": -48462000.0,
        "Net Income Continuous Operations": -48462000.0,
        "Tax Provision": -157000.0,
        "Pretax Income": -48619000.0,
        "Other Income Expense": 83000.0,
        "Gain On Sale Of Security": 83000.0,
        "Net Non Operating Interest Income Expense": 6982000.0,
        "Interest Income Non Operating": 6982000.0,
        "Operating Income": -55684000.0,
        "Operating Expense": 55684000.0,
        "Research And Development": 42880000.0,
        "Selling General And Administration": 12804000.0,
        "General And Administrative Expense": 12804000.0,
        "Other Gand A": 4123000.0,
        "Salaries And Wages": 8681000.0,
        "Total Revenue": 0.0,
        "Operating Revenue": 0.0
    },
    "2023-12-31": {
        "Tax Effect Of Unusual Items": 255.406247,
        "Tax Rate For Calcs": 0.004561,
        "Normalized EBITDA": -52900000.0,
        "Total Unusual Items": 56000.0,
        "Total Unusual Items Excluding Goodwill": 56000.0,
        "Net Income From Continuing Operation Net Minority Interest": -44743000.0,
        "Reconciled Depreciation": 851000.0,
        "EBITDA": -52844000.0,
        "EBIT": -53695000.0,
        "Net Interest Income": 8691000.0,
        "Interest Income": 8691000.0,
        "Normalized Income": -44798744.593753,
        "Net Income From Continuing And Discontinued Operation": -44743000.0,
        "Total Expenses": 53695000.0,
        "Total Operating Income As Reported": -53695000.0,
        "Diluted Average Shares": 69968038.0,
        "Basic Average Shares": 69968038.0,
        "Diluted EPS": -0.64,
        "Basic EPS": -0.64,
        "Diluted NI Availto Com Stockholders": -44743000.0,
        "Net Income Common Stockholders": -44743000.0,
        "Net Income": -44743000.0,
        "Net Income Including Noncontrolling Interests": -44743000.0,
        "Net Income Continuous Operations": -44743000.0,
        "Tax Provision": -205000.0,
        "Pretax Income": -44948000.0,
        "Other Income Expense": 56000.0,
        "Gain On Sale Of Security": 56000.0,
        "Net Non Operating Interest Income Expense": 8691000.0,
        "Interest Income Non Operating": 8691000.0,
        "Operating Income": -53695000.0,
        "Operating Expense": 53695000.0,
        "Research And Development": 41076000.0,
        "Selling General And Administration": 12619000.0,
        "General And Administrative Expense": 12619000.0,
        "Other Gand A": 36128000.0,
        "Salaries And Wages": NaN,
        "Total Revenue": 0.0,
        "Operating Revenue": 0.0
    },
    "2024-03-31": {
        "Tax Effect Of Unusual Items": 25050.0,
        "Tax Rate For Calcs": 0.15,
        "Normalized EBITDA": -58609000.0,
        "Total Unusual Items": 167000.0,
        "Total Unusual Items Excluding Goodwill": 167000.0,
        "Net Income From Continuing Operation Net Minority Interest": -47931000.0,
        "Reconciled Depreciation": 599000.0,
        "EBITDA": -58442000.0,
        "EBIT": -59041000.0,
        "Net Interest Income": 11355000.0,
        "Interest Income": 11355000.0,
        "Normalized Income": -48072950.0,
        "Net Income From Continuing And Discontinued Operation": -47931000.0,
        "Total Expenses": 59041000.0,
        "Total Operating Income As Reported": -59041000.0,
        "Diluted Average Shares": 77594599.0,
        "Basic Average Shares": 77594599.0,
        "Diluted EPS": -0.62,
        "Basic EPS": -0.62,
        "Diluted NI Availto Com Stockholders": -47931000.0,
        "Net Income Common Stockholders": -47931000.0,
        "Net Income": -47931000.0,
        "Net Income Including Noncontrolling Interests": -47931000.0,
        "Net Income Continuous Operations": -47931000.0,
        "Tax Provision": 412000.0,
        "Pretax Income": -47519000.0,
        "Other Income Expense": 167000.0,
        "Gain On Sale Of Security": 167000.0,
        "Net Non Operating Interest Income Expense": 11355000.0,
        "Interest Income Non Operating": 11355000.0,
        "Operating Income": -59041000.0,
        "Operating Expense": 59041000.0,
        "Research And Development": 44250000.0,
        "Selling General And Administration": 14791000.0,
        "General And Administrative Expense": 14791000.0,
        "Other Gand A": 4899000.0,
        "Salaries And Wages": 9892000.0,
        "Total Revenue": 0.0,
        "Operating Revenue": 0.0
    },
    "2024-06-30": {
        "Tax Effect Of Unusual Items": 57.160513,
        "Tax Rate For Calcs": 0.005716,
        "Normalized EBITDA": -68455000.0,
        "Total Unusual Items": 10000.0,
        "Total Unusual Items Excluding Goodwill": 10000.0,
        "Net Income From Continuing Operation Net Minority Interest": -57924000.0,
        "Reconciled Depreciation": 659000.0,
        "EBITDA": -68445000.0,
        "EBIT": -69104000.0,
        "Net Interest Income": 10837000.0,
        "Interest Income": 10837000.0,
        "Normalized Income": -57933942.839487,
        "Net Income From Continuing And Discontinued Operation": -57924000.0,
        "Total Expenses": 69104000.0,
        "Total Operating Income As Reported": -69104000.0,
        "Diluted Average Shares": 77671128.0,
        "Basic Average Shares": 77671128.0,
        "Diluted EPS": -0.75,
        "Basic EPS": -0.75,
        "Diluted NI Availto Com Stockholders": -57924000.0,
        "Net Income Common Stockholders": -57924000.0,
        "Net Income": -57924000.0,
        "Net Income Including Noncontrolling Interests": -57924000.0,
        "Net Income Continuous Operations": -57924000.0,
        "Tax Provision": -333000.0,
        "Pretax Income": -58257000.0,
        "Other Income Expense": 10000.0,
        "Gain On Sale Of Security": 10000.0,
        "Net Non Operating Interest Income Expense": 10837000.0,
        "Interest Income Non Operating": 10837000.0,
        "Operating Income": -69104000.0,
        "Operating Expense": 69104000.0,
        "Research And Development": 49702000.0,
        "Selling General And Administration": 19402000.0,
        "General And Administrative Expense": 19402000.0,
        "Other Gand A": 5659000.0,
        "Salaries And Wages": 13743000.0,
        "Total Revenue": 0.0,
        "Operating Revenue": 0.0
    },
    "2024-09-30": {
        "Tax Effect Of Unusual Items": 1201.711298,
        "Tax Rate For Calcs": 0.005071,
        "Normalized EBITDA": -73244000.0,
        "Total Unusual Items": 237000.0,
        "Total Unusual Items Excluding Goodwill": 237000.0,
        "Net Income From Continuing Operation Net Minority Interest": -62790000.0,
        "Reconciled Depreciation": 669000.0,
        "EBITDA": -73007000.0,
        "EBIT": -73676000.0,
        "Net Interest Income": 10329000.0,
        "Interest Income": 10329000.0,
        "Normalized Income": -63025798.288702,
        "Net Income From Continuing And Discontinued Operation": -62790000.0,
        "Total Expenses": 73676000.0,
        "Total Operating Income As Reported": -73676000.0,
        "Diluted Average Shares": 77926205.0,
        "Basic Average Shares": 77926205.0,
        "Diluted EPS": -0.81,
        "Basic EPS": -0.81,
        "Diluted NI Availto Com Stockholders": -62790000.0,
        "Net Income Common Stockholders": -62790000.0,
        "Net Income": -62790000.0,
        "Net Income Including Noncontrolling Interests": -62790000.0,
        "Net Income Continuous Operations": -62790000.0,
        "Tax Provision": -320000.0,
        "Pretax Income": -63110000.0,
        "Other Income Expense": 237000.0,
        "Gain On Sale Of Security": 237000.0,
        "Net Non Operating Interest Income Expense": 10329000.0,
        "Interest Income Non Operating": 10329000.0,
        "Operating Income": -73676000.0,
        "Operating Expense": 73676000.0,
        "Research And Development": 56970000.0,
        "Selling General And Administration": 16706000.0,
        "General And Administrative Expense": 16706000.0,
        "Other Gand A": 4557000.0,
        "Salaries And Wages": 12149000.0,
        "Total Revenue": 0.0,
        "Operating Revenue": 0.0
    }
}