{
    "2023-03-31": {
        "Tax Effect Of Unusual Items": NaN,
        "Tax Rate For Calcs": NaN,
        "Normalized EBITDA": NaN,
        "Total Unusual Items": NaN,
        "Total Unusual Items Excluding Goodwill": NaN,
        "Net Income From Continuing Operation Net Minority Interest": NaN,
        "Reconciled Depreciation": NaN,
        "Reconciled Cost Of Revenue": NaN,
        "EBITDA": NaN,
        "EBIT": NaN,
        "Net Interest Income": NaN,
        "Interest Expense": NaN,
        "Interest Income": NaN,
        "Normalized Income": NaN,
        "Net Income From Continuing And Discontinued Operation": NaN,
        "Total Expenses": NaN,
        "Total Operating Income As Reported": NaN,
        "Diluted Average Shares": NaN,
        "Basic Average Shares": NaN,
        "Diluted EPS": NaN,
        "Basic EPS": NaN,
        "Diluted NI Availto Com Stockholders": NaN,
        "Net Income Common Stockholders": NaN,
        "Otherunder Preferred Stock Dividend": 0.0,
        "Net Income": NaN,
        "Net Income Including Noncontrolling Interests": NaN,
        "Net Income Continuous Operations": NaN,
        "Tax Provision": NaN,
        "Pretax Income": NaN,
        "Other Income Expense": NaN,
        "Other Non Operating Income Expenses": NaN,
        "Special Income Charges": NaN,
        "Gain On Sale Of Ppe": NaN,
        "Gain On Sale Of Security": NaN,
        "Net Non Operating Interest Income Expense": NaN,
        "Interest Expense Non Operating": NaN,
        "Interest Income Non Operating": NaN,
        "Operating Income": NaN,
        "Operating Expense": NaN,
        "Research And Development": NaN,
        "Selling General And Administration": NaN,
        "Gross Profit": NaN,
        "Cost Of Revenue": NaN,
        "Total Revenue": NaN,
        "Operating Revenue": NaN
    },
    "2022-12-31": {
        "Tax Effect Of Unusual Items": NaN,
        "Tax Rate For Calcs": NaN,
        "Normalized EBITDA": NaN,
        "Total Unusual Items": NaN,
        "Total Unusual Items Excluding Goodwill": NaN,
        "Net Income From Continuing Operation Net Minority Interest": NaN,
        "Reconciled Depreciation": NaN,
        "Reconciled Cost Of Revenue": NaN,
        "EBITDA": NaN,
        "EBIT": NaN,
        "Net Interest Income": NaN,
        "Interest Expense": NaN,
        "Interest Income": NaN,
        "Normalized Income": NaN,
        "Net Income From Continuing And Discontinued Operation": NaN,
        "Total Expenses": NaN,
        "Total Operating Income As Reported": NaN,
        "Diluted Average Shares": NaN,
        "Basic Average Shares": NaN,
        "Diluted EPS": NaN,
        "Basic EPS": NaN,
        "Diluted NI Availto Com Stockholders": NaN,
        "Net Income Common Stockholders": NaN,
        "Otherunder Preferred Stock Dividend": 0.0,
        "Net Income": NaN,
        "Net Income Including Noncontrolling Interests": NaN,
        "Net Income Continuous Operations": NaN,
        "Tax Provision": NaN,
        "Pretax Income": NaN,
        "Other Income Expense": NaN,
        "Other Non Operating Income Expenses": NaN,
        "Special Income Charges": NaN,
        "Gain On Sale Of Ppe": NaN,
        "Gain On Sale Of Security": NaN,
        "Net Non Operating Interest Income Expense": NaN,
        "Interest Expense Non Operating": NaN,
        "Interest Income Non Operating": NaN,
        "Operating Income": NaN,
        "Operating Expense": NaN,
        "Research And Development": NaN,
        "Selling General And Administration": NaN,
        "Gross Profit": NaN,
        "Cost Of Revenue": NaN,
        "Total Revenue": NaN,
        "Operating Revenue": NaN
    },
    "2022-09-30": {
        "Tax Effect Of Unusual Items": 0.0,
        "Tax Rate For Calcs": 0.000602,
        "Normalized EBITDA": -20457000.0,
        "Total Unusual Items": 0.0,
        "Total Unusual Items Excluding Goodwill": 0.0,
        "Net Income From Continuing Operation Net Minority Interest": -21586000.0,
        "Reconciled Depreciation": 124000.0,
        "EBITDA": -20457000.0,
        "EBIT": -20581000.0,
        "Net Interest Income": -1004000.0,
        "Interest Expense": 1018000.0,
        "Interest Income": 14000.0,
        "Normalized Income": -21586000.0,
        "Net Income From Continuing And Discontinued Operation": -21586000.0,
        "Total Expenses": 20154000.0,
        "Total Operating Income As Reported": -20154000.0,
        "Diluted Average Shares": 83211000.0,
        "Basic Average Shares": 83211000.0,
        "Diluted EPS": -0.26,
        "Basic EPS": -0.26,
        "Diluted NI Availto Com Stockholders": -21873000.0,
        "Net Income Common Stockholders": -21873000.0,
        "Otherunder Preferred Stock Dividend": 287000.0,
        "Net Income": -21586000.0,
        "Net Income Including Noncontrolling Interests": -21586000.0,
        "Net Income Continuous Operations": -21586000.0,
        "Tax Provision": -13000.0,
        "Pretax Income": -21599000.0,
        "Other Income Expense": -441000.0,
        "Other Non Operating Income Expenses": -441000.0,
        "Special Income Charges": 0.0,
        "Gain On Sale Of Ppe": 0.0,
        "Impairment Of Capital Assets": NaN,
        "Gain On Sale Of Security": NaN,
        "Net Non Operating Interest Income Expense": -1004000.0,
        "Interest Expense Non Operating": 1018000.0,
        "Interest Income Non Operating": 14000.0,
        "Operating Income": -20154000.0,
        "Operating Expense": 20154000.0,
        "Research And Development": 14110000.0,
        "Selling General And Administration": 6044000.0,
        "Total Revenue": 0.0,
        "Operating Revenue": 0.0
    },
    "2022-06-30": {
        "Tax Effect Of Unusual Items": 134000.0,
        "Tax Rate For Calcs": 0.4,
        "Normalized EBITDA": -20493000.0,
        "Total Unusual Items": 335000.0,
        "Total Unusual Items Excluding Goodwill": 335000.0,
        "Net Income From Continuing Operation Net Minority Interest": -21212000.0,
        "Reconciled Depreciation": 132000.0,
        "EBITDA": -20158000.0,
        "EBIT": -20290000.0,
        "Net Interest Income": -914000.0,
        "Interest Expense": 918000.0,
        "Interest Income": 4000.0,
        "Normalized Income": -21413000.0,
        "Net Income From Continuing And Discontinued Operation": -21212000.0,
        "Total Expenses": 20570000.0,
        "Total Operating Income As Reported": -20570000.0,
        "Diluted Average Shares": 35437000.0,
        "Basic Average Shares": 35437000.0,
        "Diluted EPS": -0.6,
        "Basic EPS": -0.6,
        "Diluted NI Availto Com Stockholders": -21212000.0,
        "Net Income Common Stockholders": -21212000.0,
        "Otherunder Preferred Stock Dividend": 0.0,
        "Net Income": -21212000.0,
        "Net Income Including Noncontrolling Interests": -21212000.0,
        "Net Income Continuous Operations": -21212000.0,
        "Tax Provision": 4000.0,
        "Pretax Income": -21208000.0,
        "Other Income Expense": 276000.0,
        "Other Non Operating Income Expenses": -59000.0,
        "Special Income Charges": 0.0,
        "Gain On Sale Of Ppe": 0.0,
        "Impairment Of Capital Assets": NaN,
        "Gain On Sale Of Security": 335000.0,
        "Net Non Operating Interest Income Expense": -914000.0,
        "Interest Expense Non Operating": 918000.0,
        "Interest Income Non Operating": 4000.0,
        "Operating Income": -20570000.0,
        "Operating Expense": 20570000.0,
        "Research And Development": 13821000.0,
        "Selling General And Administration": 6749000.0,
        "General And Administrative Expense": 6749000.0,
        "Other Gand A": 6749000.0,
        "Total Revenue": 0.0,
        "Operating Revenue": 0.0
    },
    "2022-03-31": {
        "Diluted EPS": -0.72,
        "Total Revenue": NaN,
        "Gross Profit": NaN,
        "Operating Income": -21,
        "EBIT": -21,
        "Net Income": -24
    },
    "2021-12-31": {
        "Diluted EPS": -1.19,
        "Total Revenue": NaN,
        "Gross Profit": NaN,
        "Operating Income": -29,
        "EBIT": -19,
        "Net Income": -36
    },
    "2021-09-30": {
        "Diluted EPS": -0.76,
        "Total Revenue": NaN,
        "Gross Profit": NaN,
        "Operating Income": -19,
        "EBIT": -19,
        "Net Income": -20
    },
    "2021-06-30": {
        "Diluted EPS": -0.74,
        "Total Revenue": NaN,
        "Gross Profit": NaN,
        "Operating Income": -19,
        "EBIT": -19,
        "Net Income": -20
    },
    "2021-03-31": {
        "Diluted EPS": -1.3,
        "Total Revenue": NaN,
        "Gross Profit": NaN,
        "Operating Income": -18,
        "EBIT": -18,
        "Net Income": -27
    },
    "2020-12-31": {
        "Diluted EPS": -0.9,
        "Total Revenue": NaN,
        "Gross Profit": NaN,
        "Operating Income": -18,
        "EBIT": -18,
        "Net Income": -18
    },
    "2020-09-30": {
        "Diluted EPS": -0.87,
        "Total Revenue": NaN,
        "Gross Profit": NaN,
        "Operating Income": -17,
        "EBIT": -17,
        "Net Income": -17
    },
    "2020-06-30": {
        "Diluted EPS": -0.76,
        "Total Revenue": NaN,
        "Gross Profit": NaN,
        "Operating Income": -15,
        "EBIT": -15,
        "Net Income": -15
    },
    "2020-03-31": {
        "Diluted EPS": -0.56,
        "Total Revenue": 3,
        "Gross Profit": 3,
        "Operating Income": -11,
        "EBIT": -11,
        "Net Income": -11
    },
    "2019-12-31": {
        "Diluted EPS": 4.28,
        "Total Revenue": NaN,
        "Gross Profit": NaN,
        "Operating Income": -11,
        "EBIT": -11,
        "Net Income": -11
    },
    "2019-09-30": {
        "Diluted EPS": -1.22,
        "Total Revenue": NaN,
        "Gross Profit": NaN,
        "Operating Income": -17,
        "EBIT": -17,
        "Net Income": -18
    },
    "2019-06-30": {
        "Diluted EPS": -1.02,
        "Total Revenue": NaN,
        "Gross Profit": NaN,
        "Operating Income": -13,
        "EBIT": -13,
        "Net Income": -13
    },
    "2019-03-31": {
        "Diluted EPS": -6.67,
        "Total Revenue": NaN,
        "Gross Profit": NaN,
        "Operating Income": -10,
        "EBIT": -10,
        "Net Income": -11
    },
    "2018-12-31": {
        "Diluted EPS": -26.23,
        "Total Revenue": NaN,
        "Gross Profit": NaN,
        "Operating Income": -8,
        "EBIT": -8,
        "Net Income": -12
    },
    "2018-09-30": {
        "Diluted EPS": -20.39,
        "Total Revenue": NaN,
        "Gross Profit": NaN,
        "Operating Income": -9,
        "EBIT": -9,
        "Net Income": -9
    },
    "2018-06-30": {
        "Diluted EPS": -14.83,
        "Total Revenue": NaN,
        "Gross Profit": NaN,
        "Operating Income": -6,
        "EBIT": -6,
        "Net Income": -7
    },
    "2018-03-31": {
        "Diluted EPS": -17.7,
        "Total Revenue": NaN,
        "Gross Profit": NaN,
        "Operating Income": -6,
        "EBIT": -6,
        "Net Income": -8
    },
    "2017-12-31": {
        "Diluted EPS": -10.08,
        "Total Revenue": NaN,
        "Gross Profit": NaN,
        "Operating Income": -9,
        "EBIT": -9,
        "Net Income": -11
    },
    "2017-09-30": {
        "Diluted EPS": -135.57,
        "Total Revenue": NaN,
        "Gross Profit": NaN,
        "Operating Income": -13,
        "EBIT": -13,
        "Net Income": -12
    },
    "2017-06-30": {
        "Diluted EPS": -66.77,
        "Total Revenue": NaN,
        "Gross Profit": NaN,
        "Operating Income": -6,
        "EBIT": -6,
        "Net Income": -6
    },
    "2017-03-31": {
        "Diluted EPS": -62.93,
        "Total Revenue": NaN,
        "Gross Profit": NaN,
        "Operating Income": -6,
        "EBIT": -6,
        "Net Income": -5
    },
    "2016-12-31": {
        "Diluted EPS": 0.0,
        "Total Revenue": NaN,
        "Gross Profit": NaN,
        "Operating Income": NaN,
        "EBIT": NaN,
        "Net Income": NaN
    },
    "2015-12-31": {
        "Diluted EPS": 0.0,
        "Total Revenue": NaN,
        "Gross Profit": NaN,
        "Operating Income": NaN,
        "EBIT": NaN,
        "Net Income": NaN
    },
    "2023-06-30": {
        "Tax Effect Of Unusual Items": NaN,
        "Tax Rate For Calcs": NaN,
        "Normalized EBITDA": NaN,
        "Total Unusual Items": NaN,
        "Total Unusual Items Excluding Goodwill": NaN,
        "Net Income From Continuing Operation Net Minority Interest": NaN,
        "Reconciled Depreciation": NaN,
        "Reconciled Cost Of Revenue": 0.0,
        "EBITDA": NaN,
        "EBIT": NaN,
        "Net Interest Income": NaN,
        "Interest Expense": NaN,
        "Interest Income": NaN,
        "Normalized Income": NaN,
        "Net Income From Continuing And Discontinued Operation": NaN,
        "Total Expenses": NaN,
        "Total Operating Income As Reported": NaN,
        "Diluted Average Shares": 168737764.0,
        "Basic Average Shares": 168737764.0,
        "Diluted EPS": -0.33,
        "Basic EPS": -0.33,
        "Diluted NI Availto Com Stockholders": NaN,
        "Net Income Common Stockholders": NaN,
        "Otherunder Preferred Stock Dividend": 0.0,
        "Net Income": NaN,
        "Net Income Including Noncontrolling Interests": NaN,
        "Net Income Continuous Operations": NaN,
        "Tax Provision": NaN,
        "Pretax Income": NaN,
        "Other Income Expense": NaN,
        "Other Non Operating Income Expenses": NaN,
        "Special Income Charges": 0.0,
        "Gain On Sale Of Ppe": 0.0,
        "Gain On Sale Of Security": NaN,
        "Net Non Operating Interest Income Expense": NaN,
        "Interest Expense Non Operating": NaN,
        "Interest Income Non Operating": NaN,
        "Operating Income": NaN,
        "Operating Expense": NaN,
        "Research And Development": NaN,
        "Selling General And Administration": NaN,
        "Gross Profit": 0.0,
        "Cost Of Revenue": 0.0,
        "Total Revenue": NaN,
        "Operating Revenue": NaN
    },
    "2023-09-30": {
        "Tax Effect Of Unusual Items": 5284440.0,
        "Tax Rate For Calcs": 0.21,
        "Normalized EBITDA": -25705000.0,
        "Total Unusual Items": 25164000.0,
        "Total Unusual Items Excluding Goodwill": 25164000.0,
        "Net Income From Continuing Operation Net Minority Interest": -2305000.0,
        "Reconciled Depreciation": 104000.0,
        "Reconciled Cost Of Revenue": 0.0,
        "EBITDA": -541000.0,
        "EBIT": -645000.0,
        "Net Interest Income": -246000.0,
        "Interest Expense": 1634000.0,
        "Interest Income": 1388000.0,
        "Normalized Income": -22184560.0,
        "Net Income From Continuing And Discontinued Operation": -2305000.0,
        "Total Expenses": 27214000.0,
        "Total Operating Income As Reported": -27214000.0,
        "Diluted Average Shares": 196987827.0,
        "Basic Average Shares": 196987827.0,
        "Diluted EPS": -0.01,
        "Basic EPS": -0.01,
        "Diluted NI Availto Com Stockholders": -2305000.0,
        "Net Income Common Stockholders": -2305000.0,
        "Otherunder Preferred Stock Dividend": 0.0,
        "Net Income": -2305000.0,
        "Net Income Including Noncontrolling Interests": -2305000.0,
        "Net Income Continuous Operations": -2305000.0,
        "Tax Provision": 26000.0,
        "Pretax Income": -2279000.0,
        "Other Income Expense": 25181000.0,
        "Other Non Operating Income Expenses": 17000.0,
        "Special Income Charges": 0.0,
        "Gain On Sale Of Ppe": 0.0,
        "Gain On Sale Of Security": 25164000.0,
        "Net Non Operating Interest Income Expense": -246000.0,
        "Interest Expense Non Operating": 1634000.0,
        "Interest Income Non Operating": 1388000.0,
        "Operating Income": -27214000.0,
        "Operating Expense": 27214000.0,
        "Research And Development": 19081000.0,
        "Selling General And Administration": 8133000.0,
        "Gross Profit": 0.0,
        "Cost Of Revenue": 0.0,
        "Total Revenue": 0.0,
        "Operating Revenue": 0.0
    },
    "2023-12-31": {
        "Tax Effect Of Unusual Items": 1329510.0,
        "Tax Rate For Calcs": 0.21,
        "Normalized EBITDA": -23480000.0,
        "Total Unusual Items": 6331000.0,
        "Total Unusual Items Excluding Goodwill": 6331000.0,
        "Net Income From Continuing Operation Net Minority Interest": -19130000.0,
        "Reconciled Depreciation": 62000.0,
        "Reconciled Cost Of Revenue": NaN,
        "EBITDA": -17149000.0,
        "EBIT": -17211000.0,
        "Net Interest Income": -441000.0,
        "Interest Expense": 1886000.0,
        "Interest Income": 1445000.0,
        "Normalized Income": -24131490.0,
        "Net Income From Continuing And Discontinued Operation": -19130000.0,
        "Total Expenses": 25199000.0,
        "Total Operating Income As Reported": -25199000.0,
        "Diluted Average Shares": NaN,
        "Basic Average Shares": NaN,
        "Diluted EPS": NaN,
        "Basic EPS": NaN,
        "Diluted NI Availto Com Stockholders": -19130000.0,
        "Net Income Common Stockholders": -19130000.0,
        "Otherunder Preferred Stock Dividend": 0.0,
        "Net Income": -19130000.0,
        "Net Income Including Noncontrolling Interests": -19130000.0,
        "Net Income Continuous Operations": -19130000.0,
        "Tax Provision": 33000.0,
        "Pretax Income": -19097000.0,
        "Other Income Expense": 6543000.0,
        "Other Non Operating Income Expenses": 212000.0,
        "Special Income Charges": 0.0,
        "Gain On Sale Of Ppe": 0.0,
        "Gain On Sale Of Security": 6331000.0,
        "Net Non Operating Interest Income Expense": -441000.0,
        "Interest Expense Non Operating": 1886000.0,
        "Interest Income Non Operating": 1445000.0,
        "Operating Income": -25199000.0,
        "Operating Expense": 25199000.0,
        "Research And Development": 15272000.0,
        "Selling General And Administration": 9927000.0,
        "Gross Profit": NaN,
        "Cost Of Revenue": NaN,
        "Total Revenue": 0.0,
        "Operating Revenue": 0.0
    },
    "2024-03-31": {
        "Tax Effect Of Unusual Items": -2888550.0,
        "Tax Rate For Calcs": 0.21,
        "Normalized EBITDA": -36056000.0,
        "Total Unusual Items": -13755000.0,
        "Total Unusual Items Excluding Goodwill": -13755000.0,
        "Net Income From Continuing Operation Net Minority Interest": -51766000.0,
        "Reconciled Depreciation": 62000.0,
        "Reconciled Cost Of Revenue": NaN,
        "EBITDA": -49811000.0,
        "EBIT": -49873000.0,
        "Net Interest Income": -808000.0,
        "Interest Expense": 1874000.0,
        "Interest Income": 1066000.0,
        "Normalized Income": -40899550.0,
        "Net Income From Continuing And Discontinued Operation": -51766000.0,
        "Total Expenses": 37289000.0,
        "Total Operating Income As Reported": -37289000.0,
        "Diluted Average Shares": 199991597.0,
        "Basic Average Shares": 199991597.0,
        "Diluted EPS": -0.26,
        "Basic EPS": -0.26,
        "Diluted NI Availto Com Stockholders": -51766000.0,
        "Net Income Common Stockholders": -51766000.0,
        "Otherunder Preferred Stock Dividend": NaN,
        "Net Income": -51766000.0,
        "Net Income Including Noncontrolling Interests": -51766000.0,
        "Net Income Continuous Operations": -51766000.0,
        "Tax Provision": 19000.0,
        "Pretax Income": -51747000.0,
        "Other Income Expense": -13650000.0,
        "Other Non Operating Income Expenses": 105000.0,
        "Special Income Charges": NaN,
        "Gain On Sale Of Ppe": NaN,
        "Gain On Sale Of Security": -13755000.0,
        "Net Non Operating Interest Income Expense": -808000.0,
        "Interest Expense Non Operating": 1874000.0,
        "Interest Income Non Operating": 1066000.0,
        "Operating Income": -37289000.0,
        "Operating Expense": 37289000.0,
        "Research And Development": 19854000.0,
        "Selling General And Administration": 17435000.0,
        "Gross Profit": NaN,
        "Cost Of Revenue": NaN,
        "Total Revenue": 0.0,
        "Operating Revenue": 0.0
    },
    "2024-06-30": {
        "Tax Effect Of Unusual Items": 24808.422582,
        "Tax Rate For Calcs": 0.000198,
        "Normalized EBITDA": -31994000.0,
        "Total Unusual Items": 125215000.0,
        "Total Unusual Items Excluding Goodwill": 125215000.0,
        "Net Income From Continuing Operation Net Minority Interest": 90833000.0,
        "Reconciled Depreciation": 194000.0,
        "Reconciled Cost Of Revenue": 268000.0,
        "EBITDA": 93221000.0,
        "EBIT": 93027000.0,
        "Net Interest Income": -611000.0,
        "Interest Expense": 2176000.0,
        "Interest Income": 1565000.0,
        "Normalized Income": -34357191.577418,
        "Net Income From Continuing And Discontinued Operation": 90833000.0,
        "Total Expenses": 34460000.0,
        "Total Operating Income As Reported": 71103000.0,
        "Diluted Average Shares": 200801311.0,
        "Basic Average Shares": 200440473.0,
        "Diluted EPS": 0.45,
        "Basic EPS": 0.45,
        "Diluted NI Availto Com Stockholders": 90833000.0,
        "Net Income Common Stockholders": 90833000.0,
        "Otherunder Preferred Stock Dividend": NaN,
        "Net Income": 90833000.0,
        "Net Income Including Noncontrolling Interests": 90833000.0,
        "Net Income Continuous Operations": 90833000.0,
        "Tax Provision": 18000.0,
        "Pretax Income": 90851000.0,
        "Other Income Expense": 125359000.0,
        "Other Non Operating Income Expenses": 144000.0,
        "Special Income Charges": 105000000.0,
        "Gain On Sale Of Ppe": 105000000.0,
        "Gain On Sale Of Security": 20215000.0,
        "Net Non Operating Interest Income Expense": -611000.0,
        "Interest Expense Non Operating": 2176000.0,
        "Interest Income Non Operating": 1565000.0,
        "Operating Income": -33897000.0,
        "Operating Expense": 34192000.0,
        "Research And Development": 20914000.0,
        "Selling General And Administration": 13278000.0,
        "Gross Profit": 295000.0,
        "Cost Of Revenue": 268000.0,
        "Total Revenue": 563000.0,
        "Operating Revenue": 563000.0
    },
    "2024-09-30": {
        "Tax Effect Of Unusual Items": -391440.0,
        "Tax Rate For Calcs": 0.21,
        "Normalized EBITDA": -32136000.0,
        "Total Unusual Items": -1864000.0,
        "Total Unusual Items Excluding Goodwill": -1864000.0,
        "Net Income From Continuing Operation Net Minority Interest": -36696000.0,
        "Reconciled Depreciation": 267000.0,
        "Reconciled Cost Of Revenue": 227000.0,
        "EBITDA": -34000000.0,
        "EBIT": -34267000.0,
        "Net Interest Income": -543000.0,
        "Interest Expense": 2414000.0,
        "Interest Income": 1871000.0,
        "Normalized Income": -35223440.0,
        "Net Income From Continuing And Discontinued Operation": -36696000.0,
        "Total Expenses": 35060000.0,
        "Total Operating Income As Reported": -34500000.0,
        "Diluted Average Shares": 200865276.0,
        "Basic Average Shares": 200865276.0,
        "Diluted EPS": -0.18,
        "Basic EPS": -0.18,
        "Diluted NI Availto Com Stockholders": -36696000.0,
        "Net Income Common Stockholders": -36696000.0,
        "Otherunder Preferred Stock Dividend": NaN,
        "Net Income": -36696000.0,
        "Net Income Including Noncontrolling Interests": -36696000.0,
        "Net Income Continuous Operations": -36696000.0,
        "Tax Provision": 15000.0,
        "Pretax Income": -36681000.0,
        "Other Income Expense": -1638000.0,
        "Other Non Operating Income Expenses": 226000.0,
        "Special Income Charges": 0.0,
        "Gain On Sale Of Ppe": 0.0,
        "Gain On Sale Of Security": -1864000.0,
        "Net Non Operating Interest Income Expense": -543000.0,
        "Interest Expense Non Operating": 2414000.0,
        "Interest Income Non Operating": 1871000.0,
        "Operating Income": -34500000.0,
        "Operating Expense": 34833000.0,
        "Research And Development": 19173000.0,
        "Selling General And Administration": 15660000.0,
        "Gross Profit": 333000.0,
        "Cost Of Revenue": 227000.0,
        "Total Revenue": 560000.0,
        "Operating Revenue": 560000.0
    }
}