{
    "2023-03-31": {
        "Tax Effect Of Unusual Items": NaN,
        "Tax Rate For Calcs": NaN,
        "Normalized EBITDA": NaN,
        "Total Unusual Items": NaN,
        "Total Unusual Items Excluding Goodwill": NaN,
        "Net Income From Continuing Operation Net Minority Interest": NaN,
        "Reconciled Depreciation": NaN,
        "EBITDA": NaN,
        "EBIT": NaN,
        "Net Interest Income": NaN,
        "Interest Expense": NaN,
        "Normalized Income": NaN,
        "Net Income From Continuing And Discontinued Operation": NaN,
        "Total Expenses": NaN,
        "Total Operating Income As Reported": NaN,
        "Diluted Average Shares": NaN,
        "Basic Average Shares": NaN,
        "Diluted EPS": NaN,
        "Basic EPS": NaN,
        "Diluted NI Availto Com Stockholders": NaN,
        "Average Dilution Earnings": NaN,
        "Net Income Common Stockholders": NaN,
        "Otherunder Preferred Stock Dividend": NaN,
        "Preferred Stock Dividends": NaN,
        "Net Income": NaN,
        "Net Income Including Noncontrolling Interests": NaN,
        "Net Income Continuous Operations": NaN,
        "Pretax Income": NaN,
        "Other Income Expense": NaN,
        "Other Non Operating Income Expenses": NaN,
        "Special Income Charges": NaN,
        "Other Special Charges": 4132000.0,
        "Write Off": NaN,
        "Impairment Of Capital Assets": NaN,
        "Restructuring And Mergern Acquisition": NaN,
        "Gain On Sale Of Security": NaN,
        "Net Non Operating Interest Income Expense": NaN,
        "Interest Expense Non Operating": NaN,
        "Operating Income": NaN,
        "Operating Expense": NaN,
        "Other Operating Expenses": NaN,
        "Depreciation Amortization Depletion Income Statement": NaN,
        "Depreciation And Amortization In Income Statement": NaN,
        "Amortization": NaN,
        "Amortization Of Intangibles Income Statement": NaN,
        "Research And Development": NaN,
        "Selling General And Administration": NaN,
        "General And Administrative Expense": NaN,
        "Other Gand A": NaN,
        "Total Revenue": NaN,
        "Operating Revenue": NaN
    },
    "2022-12-31": {
        "Tax Effect Of Unusual Items": NaN,
        "Tax Rate For Calcs": NaN,
        "Normalized EBITDA": NaN,
        "Total Unusual Items": NaN,
        "Total Unusual Items Excluding Goodwill": NaN,
        "Net Income From Continuing Operation Net Minority Interest": NaN,
        "Reconciled Depreciation": NaN,
        "EBITDA": NaN,
        "EBIT": NaN,
        "Net Interest Income": 0.0,
        "Interest Expense": 0.0,
        "Normalized Income": NaN,
        "Net Income From Continuing And Discontinued Operation": NaN,
        "Total Expenses": NaN,
        "Total Operating Income As Reported": NaN,
        "Diluted Average Shares": NaN,
        "Basic Average Shares": NaN,
        "Diluted EPS": NaN,
        "Basic EPS": NaN,
        "Diluted NI Availto Com Stockholders": NaN,
        "Average Dilution Earnings": NaN,
        "Net Income Common Stockholders": NaN,
        "Otherunder Preferred Stock Dividend": NaN,
        "Preferred Stock Dividends": NaN,
        "Net Income": NaN,
        "Net Income Including Noncontrolling Interests": NaN,
        "Net Income Continuous Operations": NaN,
        "Pretax Income": NaN,
        "Other Income Expense": NaN,
        "Other Non Operating Income Expenses": 5000.0,
        "Special Income Charges": NaN,
        "Other Special Charges": NaN,
        "Write Off": NaN,
        "Impairment Of Capital Assets": NaN,
        "Restructuring And Mergern Acquisition": NaN,
        "Gain On Sale Of Security": NaN,
        "Net Non Operating Interest Income Expense": 0.0,
        "Interest Expense Non Operating": 0.0,
        "Operating Income": NaN,
        "Operating Expense": NaN,
        "Other Operating Expenses": NaN,
        "Depreciation Amortization Depletion Income Statement": NaN,
        "Depreciation And Amortization In Income Statement": NaN,
        "Amortization": NaN,
        "Amortization Of Intangibles Income Statement": NaN,
        "Research And Development": NaN,
        "Selling General And Administration": NaN,
        "General And Administrative Expense": NaN,
        "Other Gand A": NaN,
        "Total Revenue": NaN,
        "Operating Revenue": NaN
    },
    "2022-09-30": {
        "Tax Effect Of Unusual Items": NaN,
        "Tax Rate For Calcs": NaN,
        "Normalized EBITDA": NaN,
        "Total Unusual Items": NaN,
        "Total Unusual Items Excluding Goodwill": NaN,
        "Net Income From Continuing Operation Net Minority Interest": NaN,
        "Reconciled Depreciation": NaN,
        "EBITDA": NaN,
        "EBIT": NaN,
        "Net Interest Income": 0.0,
        "Interest Expense": 0.0,
        "Normalized Income": NaN,
        "Net Income From Continuing And Discontinued Operation": NaN,
        "Total Expenses": NaN,
        "Total Operating Income As Reported": NaN,
        "Diluted Average Shares": NaN,
        "Basic Average Shares": NaN,
        "Diluted EPS": NaN,
        "Basic EPS": NaN,
        "Diluted NI Availto Com Stockholders": NaN,
        "Net Income Common Stockholders": NaN,
        "Preferred Stock Dividends": NaN,
        "Net Income": NaN,
        "Net Income Including Noncontrolling Interests": NaN,
        "Net Income Continuous Operations": NaN,
        "Pretax Income": NaN,
        "Other Income Expense": NaN,
        "Other Non Operating Income Expenses": NaN,
        "Special Income Charges": NaN,
        "Other Special Charges": NaN,
        "Write Off": 0.0,
        "Impairment Of Capital Assets": 0.0,
        "Restructuring And Mergern Acquisition": 0.0,
        "Gain On Sale Of Security": NaN,
        "Net Non Operating Interest Income Expense": 0.0,
        "Interest Expense Non Operating": 0.0,
        "Operating Income": NaN,
        "Operating Expense": NaN,
        "Depreciation Amortization Depletion Income Statement": NaN,
        "Depreciation And Amortization In Income Statement": NaN,
        "Amortization": NaN,
        "Amortization Of Intangibles Income Statement": NaN,
        "Research And Development": NaN,
        "Selling General And Administration": NaN,
        "General And Administrative Expense": NaN,
        "Other Gand A": NaN,
        "Total Revenue": NaN,
        "Operating Revenue": NaN
    },
    "2022-06-30": {
        "Tax Effect Of Unusual Items": 0.0,
        "Tax Rate For Calcs": 0.0,
        "Normalized EBITDA": -4727000.0,
        "Total Unusual Items": 58000.0,
        "Total Unusual Items Excluding Goodwill": 58000.0,
        "Net Income From Continuing Operation Net Minority Interest": -4670000.0,
        "Reconciled Depreciation": 1000.0,
        "EBITDA": -4669000.0,
        "EBIT": -4670000.0,
        "Net Interest Income": 0.0,
        "Interest Expense": 0.0,
        "Normalized Income": -4728000.0,
        "Net Income From Continuing And Discontinued Operation": -4670000.0,
        "Total Expenses": 5750000.0,
        "Total Operating Income As Reported": -4767000.0,
        "Diluted Average Shares": 11421000.0,
        "Basic Average Shares": 11421000.0,
        "Diluted EPS": -0.53,
        "Basic EPS": -0.53,
        "Diluted NI Availto Com Stockholders": -6038000.0,
        "Net Income Common Stockholders": -6038000.0,
        "Otherunder Preferred Stock Dividend": NaN,
        "Preferred Stock Dividends": 1368000.0,
        "Net Income": -4670000.0,
        "Net Income Including Noncontrolling Interests": -4670000.0,
        "Net Income Continuous Operations": -4670000.0,
        "Tax Provision": NaN,
        "Pretax Income": -4670000.0,
        "Other Income Expense": 97000.0,
        "Other Non Operating Income Expenses": 39000.0,
        "Special Income Charges": 0.0,
        "Other Special Charges": NaN,
        "Write Off": NaN,
        "Restructuring And Mergern Acquisition": NaN,
        "Gain On Sale Of Security": 58000.0,
        "Net Non Operating Interest Income Expense": 0.0,
        "Interest Expense Non Operating": 0.0,
        "Operating Income": -4767000.0,
        "Operating Expense": 5750000.0,
        "Depreciation Amortization Depletion Income Statement": NaN,
        "Depreciation And Amortization In Income Statement": NaN,
        "Amortization": NaN,
        "Amortization Of Intangibles Income Statement": NaN,
        "Research And Development": 40000.0,
        "Selling General And Administration": 5710000.0,
        "General And Administrative Expense": 5710000.0,
        "Other Gand A": 5710000.0,
        "Total Revenue": 983000.0,
        "Operating Revenue": 983000.0
    },
    "2022-03-31": {
        "Diluted EPS": -0.32,
        "Total Revenue": 3,
        "Gross Profit": 3,
        "Operating Income": -2,
        "EBIT": -2,
        "Net Income": -4
    },
    "2021-12-31": {
        "Diluted EPS": 2.17,
        "Total Revenue": 36,
        "Gross Profit": 36,
        "Operating Income": 30,
        "EBIT": 30,
        "Net Income": 25
    },
    "2021-09-30": {
        "Diluted EPS": -0.51,
        "Total Revenue": 1,
        "Gross Profit": 1,
        "Operating Income": -3,
        "EBIT": -3,
        "Net Income": -6
    },
    "2021-06-30": {
        "Diluted EPS": -0.31,
        "Total Revenue": 1,
        "Gross Profit": 1,
        "Operating Income": -3,
        "EBIT": -3,
        "Net Income": -4
    },
    "2021-03-31": {
        "Diluted EPS": -0.7,
        "Total Revenue": 0,
        "Gross Profit": 0,
        "Operating Income": -6,
        "EBIT": -6,
        "Net Income": -8
    },
    "2020-12-31": {
        "Diluted EPS": 1.7,
        "Total Revenue": 28,
        "Gross Profit": 28,
        "Operating Income": 24,
        "EBIT": 24,
        "Net Income": 18
    },
    "2020-09-30": {
        "Diluted EPS": -0.1,
        "Total Revenue": 1,
        "Gross Profit": 1,
        "Operating Income": -3,
        "EBIT": -3,
        "Net Income": -1
    },
    "2020-06-30": {
        "Diluted EPS": -0.33,
        "Total Revenue": 0,
        "Gross Profit": 0,
        "Operating Income": -3,
        "EBIT": -3,
        "Net Income": -4
    },
    "2020-03-31": {
        "Diluted EPS": -0.49,
        "Total Revenue": 1,
        "Gross Profit": 1,
        "Operating Income": -6,
        "EBIT": -5,
        "Net Income": -5
    },
    "2019-12-31": {
        "Diluted EPS": -0.17,
        "Total Revenue": 0,
        "Gross Profit": 0,
        "Operating Income": -4,
        "EBIT": -4,
        "Net Income": -2
    },
    "2019-09-30": {
        "Diluted EPS": 0.2,
        "Total Revenue": 9,
        "Gross Profit": 9,
        "Operating Income": 3,
        "EBIT": 3,
        "Net Income": 2
    },
    "2019-06-30": {
        "Diluted EPS": -0.47,
        "Total Revenue": 1,
        "Gross Profit": 1,
        "Operating Income": -5,
        "EBIT": -5,
        "Net Income": -4
    },
    "2019-03-31": {
        "Diluted EPS": 0.21,
        "Total Revenue": 8,
        "Gross Profit": 8,
        "Operating Income": 2,
        "EBIT": 2,
        "Net Income": 2
    },
    "2018-12-31": {
        "Diluted EPS": -0.35,
        "Total Revenue": 2,
        "Gross Profit": 2,
        "Operating Income": -3,
        "EBIT": -3,
        "Net Income": -3
    },
    "2018-09-30": {
        "Diluted EPS": -0.55,
        "Total Revenue": 1,
        "Gross Profit": 1,
        "Operating Income": -5,
        "EBIT": -5,
        "Net Income": -5
    },
    "2018-06-30": {
        "Diluted EPS": -0.23,
        "Total Revenue": 2,
        "Gross Profit": 2,
        "Operating Income": -3,
        "EBIT": -3,
        "Net Income": -2
    },
    "2018-03-31": {
        "Diluted EPS": -0.46,
        "Total Revenue": 0,
        "Gross Profit": 0,
        "Operating Income": -5,
        "EBIT": -5,
        "Net Income": -4
    },
    "2017-12-31": {
        "Diluted EPS": 1.1,
        "Total Revenue": 5,
        "Gross Profit": 5,
        "Operating Income": -2,
        "EBIT": -2,
        "Net Income": 6
    },
    "2017-09-30": {
        "Diluted EPS": 1.98,
        "Total Revenue": 36,
        "Gross Profit": 36,
        "Operating Income": 29,
        "EBIT": 29,
        "Net Income": 16
    },
    "2017-06-30": {
        "Diluted EPS": 0.02,
        "Total Revenue": 11,
        "Gross Profit": 11,
        "Operating Income": 1,
        "EBIT": 2,
        "Net Income": 0
    },
    "2017-03-31": {
        "Diluted EPS": -2.37,
        "Total Revenue": 0,
        "Gross Profit": 0,
        "Operating Income": -11,
        "EBIT": -10,
        "Net Income": -16
    },
    "2016-12-31": {
        "Diluted EPS": -2.89,
        "Total Revenue": 1,
        "Gross Profit": 1,
        "Operating Income": -17,
        "EBIT": -17,
        "Net Income": -17
    },
    "2016-09-30": {
        "Diluted EPS": -2.08,
        "Total Revenue": 1,
        "Gross Profit": 1,
        "Operating Income": -12,
        "EBIT": -12,
        "Net Income": -13
    },
    "2016-06-30": {
        "Diluted EPS": -2.52,
        "Total Revenue": 0,
        "Gross Profit": 0,
        "Operating Income": -18,
        "EBIT": -17,
        "Net Income": -15
    },
    "2016-03-31": {
        "Diluted EPS": -1.4,
        "Total Revenue": 4,
        "Gross Profit": 4,
        "Operating Income": -14,
        "EBIT": -13,
        "Net Income": -8
    },
    "2015-12-31": {
        "Diluted EPS": 4.38,
        "Total Revenue": 48,
        "Gross Profit": 48,
        "Operating Income": 29,
        "EBIT": 29,
        "Net Income": 25
    },
    "2015-09-30": {
        "Diluted EPS": -0.08,
        "Total Revenue": 2,
        "Gross Profit": 2,
        "Operating Income": -24,
        "EBIT": -23,
        "Net Income": 0
    },
    "2015-06-30": {
        "Diluted EPS": -4.0,
        "Total Revenue": 3,
        "Gross Profit": 3,
        "Operating Income": -22,
        "EBIT": -21,
        "Net Income": -24
    },
    "2015-03-31": {
        "Diluted EPS": -3.8,
        "Total Revenue": 3,
        "Gross Profit": 3,
        "Operating Income": -23,
        "EBIT": -22,
        "Net Income": -22
    },
    "2014-12-31": {
        "Diluted EPS": -2.49,
        "Total Revenue": 4,
        "Gross Profit": 4,
        "Operating Income": -19,
        "EBIT": -18,
        "Net Income": -7
    },
    "2014-09-30": {
        "Diluted EPS": -3.4,
        "Total Revenue": 5,
        "Gross Profit": 5,
        "Operating Income": -20,
        "EBIT": -19,
        "Net Income": -14
    },
    "2014-06-30": {
        "Diluted EPS": -3.4,
        "Total Revenue": 6,
        "Gross Profit": 6,
        "Operating Income": -19,
        "EBIT": -18,
        "Net Income": -12
    },
    "2014-03-31": {
        "Diluted EPS": -4.2,
        "Total Revenue": 3,
        "Gross Profit": 3,
        "Operating Income": -23,
        "EBIT": -22,
        "Net Income": -5
    },
    "2013-12-31": {
        "Diluted EPS": -11.6,
        "Total Revenue": 13,
        "Gross Profit": 13,
        "Operating Income": -16,
        "EBIT": -14,
        "Net Income": -52
    },
    "2013-09-30": {
        "Diluted EPS": -6.8,
        "Total Revenue": 6,
        "Gross Profit": 6,
        "Operating Income": -17,
        "EBIT": -16,
        "Net Income": -30
    },
    "2013-06-30": {
        "Diluted EPS": -4.2,
        "Total Revenue": 7,
        "Gross Profit": 7,
        "Operating Income": -14,
        "EBIT": -13,
        "Net Income": -17
    },
    "2013-03-31": {
        "Diluted EPS": -6.0,
        "Total Revenue": 9,
        "Gross Profit": 9,
        "Operating Income": -11,
        "EBIT": -10,
        "Net Income": -25
    },
    "2012-12-31": {
        "Diluted EPS": 4.4,
        "Total Revenue": 7,
        "Gross Profit": 7,
        "Operating Income": -13,
        "EBIT": -11,
        "Net Income": 2
    },
    "2012-09-30": {
        "Diluted EPS": -7.8,
        "Total Revenue": 7,
        "Gross Profit": 7,
        "Operating Income": -16,
        "EBIT": -15,
        "Net Income": -27
    },
    "2012-06-30": {
        "Diluted EPS": -4.8,
        "Total Revenue": 9,
        "Gross Profit": 9,
        "Operating Income": -13,
        "EBIT": -12,
        "Net Income": -16
    },
    "2012-03-31": {
        "Diluted EPS": -13.8,
        "Total Revenue": 10,
        "Gross Profit": 10,
        "Operating Income": -14,
        "EBIT": -13,
        "Net Income": -30
    },
    "2011-12-31": {
        "Diluted EPS": -7.0,
        "Total Revenue": 10,
        "Gross Profit": 10,
        "Operating Income": -12,
        "EBIT": -10,
        "Net Income": -12
    },
    "2011-09-30": {
        "Diluted EPS": -4.0,
        "Total Revenue": 16,
        "Gross Profit": 16,
        "Operating Income": -7,
        "EBIT": -5,
        "Net Income": -7
    },
    "2011-06-30": {
        "Diluted EPS": -5.4,
        "Total Revenue": 17,
        "Gross Profit": 17,
        "Operating Income": -8,
        "EBIT": -6,
        "Net Income": -8
    },
    "2011-03-31": {
        "Diluted EPS": -4.4,
        "Total Revenue": 16,
        "Gross Profit": 16,
        "Operating Income": -7,
        "EBIT": -5,
        "Net Income": -6
    },
    "2010-12-31": {
        "Diluted EPS": -14.2,
        "Total Revenue": 10,
        "Gross Profit": 10,
        "Operating Income": -16,
        "EBIT": -15,
        "Net Income": -18
    },
    "2010-09-30": {
        "Diluted EPS": -13.8,
        "Total Revenue": 11,
        "Gross Profit": 11,
        "Operating Income": -17,
        "EBIT": -15,
        "Net Income": -14
    },
    "2010-06-30": {
        "Diluted EPS": -18.6,
        "Total Revenue": 6,
        "Gross Profit": 6,
        "Operating Income": -18,
        "EBIT": -17,
        "Net Income": -16
    },
    "2010-03-31": {
        "Diluted EPS": -27.2,
        "Total Revenue": 7,
        "Gross Profit": 7,
        "Operating Income": -16,
        "EBIT": -14,
        "Net Income": -22
    },
    "2009-12-31": {
        "Diluted EPS": 7.4,
        "Total Revenue": 22,
        "Gross Profit": 22,
        "Operating Income": 2,
        "EBIT": 3,
        "Net Income": 3
    },
    "2009-09-30": {
        "Diluted EPS": 2.6,
        "Total Revenue": 27,
        "Gross Profit": 27,
        "Operating Income": 7,
        "EBIT": 10,
        "Net Income": 2
    },
    "2009-06-30": {
        "Diluted EPS": -20.99,
        "Total Revenue": 10,
        "Gross Profit": 10,
        "Operating Income": -10,
        "EBIT": -8,
        "Net Income": -10
    },
    "2009-03-31": {
        "Diluted EPS": 11.99,
        "Total Revenue": 40,
        "Gross Profit": 40,
        "Operating Income": 14,
        "EBIT": 16,
        "Net Income": 6
    },
    "2023-06-30": {
        "Tax Effect Of Unusual Items": NaN,
        "Tax Rate For Calcs": NaN,
        "Normalized EBITDA": NaN,
        "Total Unusual Items": NaN,
        "Total Unusual Items Excluding Goodwill": NaN,
        "Net Income From Continuing Operation Net Minority Interest": NaN,
        "Reconciled Depreciation": NaN,
        "EBITDA": NaN,
        "EBIT": NaN,
        "Net Interest Income": 0.0,
        "Interest Expense": 0.0,
        "Normalized Income": NaN,
        "Net Income From Continuing And Discontinued Operation": NaN,
        "Total Expenses": NaN,
        "Total Operating Income As Reported": NaN,
        "Diluted Average Shares": 11466000.0,
        "Basic Average Shares": 11466000.0,
        "Diluted EPS": -0.59,
        "Basic EPS": -0.59,
        "Diluted NI Availto Com Stockholders": NaN,
        "Average Dilution Earnings": 0.0,
        "Net Income Common Stockholders": NaN,
        "Otherunder Preferred Stock Dividend": 0.0,
        "Preferred Stock Dividends": NaN,
        "Net Income": NaN,
        "Net Income Including Noncontrolling Interests": NaN,
        "Net Income Continuous Operations": NaN,
        "Pretax Income": NaN,
        "Other Income Expense": NaN,
        "Other Non Operating Income Expenses": NaN,
        "Special Income Charges": NaN,
        "Other Special Charges": NaN,
        "Write Off": 1575000.0,
        "Impairment Of Capital Assets": 1575000.0,
        "Restructuring And Mergern Acquisition": -75000.0,
        "Gain On Sale Of Security": NaN,
        "Net Non Operating Interest Income Expense": 0.0,
        "Interest Expense Non Operating": 0.0,
        "Operating Income": NaN,
        "Operating Expense": NaN,
        "Other Operating Expenses": NaN,
        "Depreciation Amortization Depletion Income Statement": NaN,
        "Depreciation And Amortization In Income Statement": NaN,
        "Amortization": NaN,
        "Amortization Of Intangibles Income Statement": NaN,
        "Research And Development": NaN,
        "Selling General And Administration": NaN,
        "General And Administrative Expense": NaN,
        "Other Gand A": NaN,
        "Total Revenue": NaN,
        "Operating Revenue": NaN
    },
    "2023-09-30": {
        "Tax Effect Of Unusual Items": 0.0,
        "Tax Rate For Calcs": 0.0,
        "Normalized EBITDA": -5563000.0,
        "Total Unusual Items": 278000.0,
        "Total Unusual Items Excluding Goodwill": 278000.0,
        "Net Income From Continuing Operation Net Minority Interest": -5509000.0,
        "Reconciled Depreciation": 224000.0,
        "EBITDA": -5285000.0,
        "EBIT": -5509000.0,
        "Net Interest Income": 0.0,
        "Interest Expense": 0.0,
        "Normalized Income": -5787000.0,
        "Net Income From Continuing And Discontinued Operation": -5509000.0,
        "Total Expenses": 6617000.0,
        "Total Operating Income As Reported": -5787000.0,
        "Diluted Average Shares": 11473000.0,
        "Basic Average Shares": 11473000.0,
        "Diluted EPS": -0.6,
        "Basic EPS": -0.6,
        "Diluted NI Availto Com Stockholders": -6877000.0,
        "Average Dilution Earnings": NaN,
        "Net Income Common Stockholders": -6877000.0,
        "Otherunder Preferred Stock Dividend": NaN,
        "Preferred Stock Dividends": 1368000.0,
        "Net Income": -5509000.0,
        "Net Income Including Noncontrolling Interests": -5509000.0,
        "Net Income Continuous Operations": -5509000.0,
        "Pretax Income": -5509000.0,
        "Other Income Expense": 278000.0,
        "Other Non Operating Income Expenses": NaN,
        "Special Income Charges": 0.0,
        "Other Special Charges": NaN,
        "Write Off": 0.0,
        "Impairment Of Capital Assets": 0.0,
        "Restructuring And Mergern Acquisition": 0.0,
        "Gain On Sale Of Security": 278000.0,
        "Net Non Operating Interest Income Expense": 0.0,
        "Interest Expense Non Operating": 0.0,
        "Operating Income": -5787000.0,
        "Operating Expense": 6617000.0,
        "Other Operating Expenses": NaN,
        "Depreciation Amortization Depletion Income Statement": 224000.0,
        "Depreciation And Amortization In Income Statement": 224000.0,
        "Amortization": 224000.0,
        "Amortization Of Intangibles Income Statement": 224000.0,
        "Research And Development": 25000.0,
        "Selling General And Administration": 6368000.0,
        "General And Administrative Expense": 6368000.0,
        "Other Gand A": 6368000.0,
        "Total Revenue": 830000.0,
        "Operating Revenue": 830000.0
    },
    "2023-12-31": {
        "Tax Effect Of Unusual Items": 0.0,
        "Tax Rate For Calcs": 0.0,
        "Normalized EBITDA": -9971000.0,
        "Total Unusual Items": -13859000.0,
        "Total Unusual Items Excluding Goodwill": -13859000.0,
        "Net Income From Continuing Operation Net Minority Interest": -20109000.0,
        "Reconciled Depreciation": 225000.0,
        "EBITDA": -23830000.0,
        "EBIT": -24055000.0,
        "Net Interest Income": NaN,
        "Interest Expense": NaN,
        "Normalized Income": -6250000.0,
        "Net Income From Continuing And Discontinued Operation": -20109000.0,
        "Total Expenses": 7514000.0,
        "Total Operating Income As Reported": -19934000.0,
        "Diluted Average Shares": NaN,
        "Basic Average Shares": NaN,
        "Diluted EPS": NaN,
        "Basic EPS": NaN,
        "Diluted NI Availto Com Stockholders": -21477000.0,
        "Average Dilution Earnings": NaN,
        "Net Income Common Stockholders": -21477000.0,
        "Otherunder Preferred Stock Dividend": NaN,
        "Preferred Stock Dividends": 1368000.0,
        "Net Income": -20109000.0,
        "Net Income Including Noncontrolling Interests": -20109000.0,
        "Net Income Continuous Operations": -20109000.0,
        "Pretax Income": -20109000.0,
        "Other Income Expense": -13859000.0,
        "Other Non Operating Income Expenses": NaN,
        "Special Income Charges": -14253000.0,
        "Other Special Charges": 0.0,
        "Write Off": 14253000.0,
        "Impairment Of Capital Assets": 14253000.0,
        "Restructuring And Mergern Acquisition": 0.0,
        "Gain On Sale Of Security": 394000.0,
        "Net Non Operating Interest Income Expense": NaN,
        "Interest Expense Non Operating": NaN,
        "Operating Income": -5681000.0,
        "Operating Expense": 7514000.0,
        "Other Operating Expenses": NaN,
        "Depreciation Amortization Depletion Income Statement": 224000.0,
        "Depreciation And Amortization In Income Statement": 224000.0,
        "Amortization": 224000.0,
        "Amortization Of Intangibles Income Statement": 224000.0,
        "Research And Development": 25000.0,
        "Selling General And Administration": 7265000.0,
        "General And Administrative Expense": 7265000.0,
        "Other Gand A": 7265000.0,
        "Total Revenue": 1833000.0,
        "Operating Revenue": 1833000.0
    },
    "2024-03-31": {
        "Tax Effect Of Unusual Items": 0.0,
        "Tax Rate For Calcs": 0.0,
        "Normalized EBITDA": -7002000.0,
        "Total Unusual Items": 1960000.0,
        "Total Unusual Items Excluding Goodwill": 1960000.0,
        "Net Income From Continuing Operation Net Minority Interest": -8595000.0,
        "Reconciled Depreciation": 2000.0,
        "EBITDA": -5042000.0,
        "EBIT": -5044000.0,
        "Net Interest Income": -3551000.0,
        "Interest Expense": 3551000.0,
        "Normalized Income": -10555000.0,
        "Net Income From Continuing And Discontinued Operation": -8595000.0,
        "Total Expenses": 8494000.0,
        "Total Operating Income As Reported": -7004000.0,
        "Diluted Average Shares": 11580000.0,
        "Basic Average Shares": 11580000.0,
        "Diluted EPS": -0.86,
        "Basic EPS": -0.86,
        "Diluted NI Availto Com Stockholders": -9963000.0,
        "Average Dilution Earnings": NaN,
        "Net Income Common Stockholders": -9963000.0,
        "Otherunder Preferred Stock Dividend": NaN,
        "Preferred Stock Dividends": 1368000.0,
        "Net Income": -8595000.0,
        "Net Income Including Noncontrolling Interests": -8595000.0,
        "Net Income Continuous Operations": -8595000.0,
        "Pretax Income": -8595000.0,
        "Other Income Expense": 1960000.0,
        "Other Non Operating Income Expenses": NaN,
        "Special Income Charges": 0.0,
        "Other Special Charges": NaN,
        "Write Off": NaN,
        "Impairment Of Capital Assets": NaN,
        "Restructuring And Mergern Acquisition": NaN,
        "Gain On Sale Of Security": 1960000.0,
        "Net Non Operating Interest Income Expense": -3551000.0,
        "Interest Expense Non Operating": 3551000.0,
        "Operating Income": -7004000.0,
        "Operating Expense": 8494000.0,
        "Other Operating Expenses": NaN,
        "Depreciation Amortization Depletion Income Statement": 0.0,
        "Depreciation And Amortization In Income Statement": 0.0,
        "Amortization": 0.0,
        "Amortization Of Intangibles Income Statement": 0.0,
        "Research And Development": 33000.0,
        "Selling General And Administration": 8461000.0,
        "General And Administrative Expense": 8461000.0,
        "Other Gand A": 8461000.0,
        "Total Revenue": 1490000.0,
        "Operating Revenue": 1490000.0
    },
    "2024-06-30": {
        "Tax Effect Of Unusual Items": 4280010.0,
        "Tax Rate For Calcs": 0.21,
        "Normalized EBITDA": -991000.0,
        "Total Unusual Items": 20381000.0,
        "Total Unusual Items Excluding Goodwill": 20381000.0,
        "Net Income From Continuing Operation Net Minority Interest": 15985000.0,
        "Reconciled Depreciation": 3000.0,
        "EBITDA": 19390000.0,
        "EBIT": 19387000.0,
        "Net Interest Income": -3402000.0,
        "Interest Expense": 3402000.0,
        "Normalized Income": -115990.0,
        "Net Income From Continuing And Discontinued Operation": 15985000.0,
        "Total Expenses": 6733000.0,
        "Total Operating Income As Reported": -10079000.0,
        "Diluted Average Shares": 17321000.0,
        "Basic Average Shares": 11643000.0,
        "Diluted EPS": 0.84,
        "Basic EPS": 0.88,
        "Diluted NI Availto Com Stockholders": 14617000.0,
        "Average Dilution Earnings": 4393000.0,
        "Net Income Common Stockholders": 10224000.0,
        "Otherunder Preferred Stock Dividend": 4393000.0,
        "Preferred Stock Dividends": 1368000.0,
        "Net Income": 15985000.0,
        "Net Income Including Noncontrolling Interests": 15985000.0,
        "Net Income Continuous Operations": 15985000.0,
        "Pretax Income": 15985000.0,
        "Other Income Expense": 20466000.0,
        "Other Non Operating Income Expenses": 85000.0,
        "Special Income Charges": 10316000.0,
        "Other Special Charges": NaN,
        "Write Off": 9000000.0,
        "Impairment Of Capital Assets": NaN,
        "Restructuring And Mergern Acquisition": -19316000.0,
        "Gain On Sale Of Security": 10065000.0,
        "Net Non Operating Interest Income Expense": -3402000.0,
        "Interest Expense Non Operating": 3402000.0,
        "Operating Income": -1079000.0,
        "Operating Expense": 6733000.0,
        "Other Operating Expenses": -5432000.0,
        "Depreciation Amortization Depletion Income Statement": 0.0,
        "Depreciation And Amortization In Income Statement": 0.0,
        "Amortization": 0.0,
        "Amortization Of Intangibles Income Statement": 0.0,
        "Research And Development": 1161000.0,
        "Selling General And Administration": 11004000.0,
        "General And Administrative Expense": 11004000.0,
        "Other Gand A": 11004000.0,
        "Total Revenue": 5654000.0,
        "Operating Revenue": 5654000.0
    },
    "2024-09-30": {
        "Tax Effect Of Unusual Items": 0.0,
        "Tax Rate For Calcs": 0.0,
        "Normalized EBITDA": -1534000.0,
        "Total Unusual Items": -12213000.0,
        "Total Unusual Items Excluding Goodwill": -12213000.0,
        "Net Income From Continuing Operation Net Minority Interest": -17243000.0,
        "Reconciled Depreciation": 3000.0,
        "EBITDA": -13747000.0,
        "EBIT": -13750000.0,
        "Net Interest Income": -3493000.0,
        "Interest Expense": 3493000.0,
        "Normalized Income": -5030000.0,
        "Net Income From Continuing And Discontinued Operation": -17243000.0,
        "Total Expenses": 2374000.0,
        "Total Operating Income As Reported": -15640000.0,
        "Diluted Average Shares": 11712000.0,
        "Basic Average Shares": 11712000.0,
        "Diluted EPS": -1.59,
        "Basic EPS": -1.59,
        "Diluted NI Availto Com Stockholders": -18611000.0,
        "Average Dilution Earnings": NaN,
        "Net Income Common Stockholders": -18611000.0,
        "Otherunder Preferred Stock Dividend": NaN,
        "Preferred Stock Dividends": 1368000.0,
        "Net Income": -17243000.0,
        "Net Income Including Noncontrolling Interests": -17243000.0,
        "Net Income Continuous Operations": -17243000.0,
        "Pretax Income": -17243000.0,
        "Other Income Expense": -12110000.0,
        "Other Non Operating Income Expenses": 103000.0,
        "Special Income Charges": -14000000.0,
        "Other Special Charges": NaN,
        "Write Off": 14000000.0,
        "Impairment Of Capital Assets": NaN,
        "Restructuring And Mergern Acquisition": 0.0,
        "Gain On Sale Of Security": 1787000.0,
        "Net Non Operating Interest Income Expense": -3493000.0,
        "Interest Expense Non Operating": 3493000.0,
        "Operating Income": -1640000.0,
        "Operating Expense": 2374000.0,
        "Other Operating Expenses": -6463000.0,
        "Depreciation Amortization Depletion Income Statement": 0.0,
        "Depreciation And Amortization In Income Statement": 0.0,
        "Amortization": 0.0,
        "Amortization Of Intangibles Income Statement": 0.0,
        "Research And Development": 817000.0,
        "Selling General And Administration": 8020000.0,
        "General And Administrative Expense": 8020000.0,
        "Other Gand A": 8020000.0,
        "Total Revenue": 734000.0,
        "Operating Revenue": 734000.0
    }
}