{
    "2023-03-31": {
        "Tax Effect Of Unusual Items": 0.0,
        "Tax Rate For Calcs": 0.0,
        "Normalized EBITDA": -18497000.0,
        "Total Unusual Items": -149000.0,
        "Total Unusual Items Excluding Goodwill": -149000.0,
        "Net Income From Continuing Operation Net Minority Interest": -24331000.0,
        "Reconciled Depreciation": 1383000.0,
        "Reconciled Cost Of Revenue": 5574000.0,
        "EBITDA": -18646000.0,
        "EBIT": -20029000.0,
        "Normalized Income": -24182000.0,
        "Net Income From Continuing And Discontinued Operation": -24331000.0,
        "Total Expenses": 24726000.0,
        "Total Operating Income As Reported": -20029000.0,
        "Diluted NI Availto Com Stockholders": -24331000.0,
        "Average Dilution Earnings": NaN,
        "Net Income Common Stockholders": -24331000.0,
        "Net Income": -24331000.0,
        "Net Income Including Noncontrolling Interests": -24331000.0,
        "Net Income Continuous Operations": -24331000.0,
        "Tax Provision": 2000.0,
        "Pretax Income": -24329000.0,
        "Other Income Expense": -4300000.0,
        "Other Non Operating Income Expenses": -4151000.0,
        "Special Income Charges": -52000.0,
        "Write Off": NaN,
        "Restructuring And Mergern Acquisition": 52000.0,
        "Gain On Sale Of Security": -97000.0,
        "Operating Income": -20029000.0,
        "Operating Expense": 19152000.0,
        "Research And Development": 5749000.0,
        "Selling General And Administration": 13403000.0,
        "Selling And Marketing Expense": 1804000.0,
        "General And Administrative Expense": 11599000.0,
        "Other Gand A": 11599000.0,
        "Gross Profit": -877000.0,
        "Cost Of Revenue": 5574000.0,
        "Total Revenue": 4697000.0,
        "Operating Revenue": 4697000.0
    },
    "2022-12-31": {
        "Tax Effect Of Unusual Items": 2847600.0,
        "Tax Rate For Calcs": 0.21,
        "Normalized EBITDA": -41234000.0,
        "Total Unusual Items": 13560000.0,
        "Total Unusual Items Excluding Goodwill": 13560000.0,
        "Net Income From Continuing Operation Net Minority Interest": -19417000.0,
        "Reconciled Depreciation": 1250000.0,
        "Reconciled Cost Of Revenue": 19551000.0,
        "EBITDA": -27674000.0,
        "EBIT": -28924000.0,
        "Normalized Income": -30129400.0,
        "Net Income From Continuing And Discontinued Operation": -19417000.0,
        "Total Expenses": 37495000.0,
        "Total Operating Income As Reported": -28924000.0,
        "Diluted NI Availto Com Stockholders": -23500000.0,
        "Average Dilution Earnings": NaN,
        "Net Income Common Stockholders": -19417000.0,
        "Net Income": -19417000.0,
        "Net Income Including Noncontrolling Interests": -19417000.0,
        "Net Income Continuous Operations": -19417000.0,
        "Tax Provision": 5000.0,
        "Pretax Income": -19412000.0,
        "Other Income Expense": 9512000.0,
        "Other Non Operating Income Expenses": -4048000.0,
        "Special Income Charges": 4534000.0,
        "Write Off": 0.0,
        "Restructuring And Mergern Acquisition": -4534000.0,
        "Gain On Sale Of Security": 9026000.0,
        "Operating Income": -28924000.0,
        "Operating Expense": 17944000.0,
        "Research And Development": 6186000.0,
        "Selling General And Administration": 11758000.0,
        "Selling And Marketing Expense": 1656000.0,
        "General And Administrative Expense": 10102000.0,
        "Other Gand A": 10102000.0,
        "Gross Profit": -10980000.0,
        "Cost Of Revenue": 19551000.0,
        "Total Revenue": 8571000.0,
        "Operating Revenue": 8571000.0
    },
    "2022-09-30": {
        "Tax Effect Of Unusual Items": 0.0,
        "Tax Rate For Calcs": 0.0,
        "Normalized EBITDA": -38697000.0,
        "Total Unusual Items": 8544000.0,
        "Total Unusual Items Excluding Goodwill": 8544000.0,
        "Net Income From Continuing Operation Net Minority Interest": -23255000.0,
        "Reconciled Depreciation": 1004000.0,
        "Reconciled Cost Of Revenue": 21777000.0,
        "EBITDA": -30153000.0,
        "EBIT": -31157000.0,
        "Normalized Income": -31799000.0,
        "Net Income From Continuing And Discontinued Operation": -23255000.0,
        "Total Expenses": 42165000.0,
        "Total Operating Income As Reported": -31157000.0,
        "Diluted Average Shares": 174118000.0,
        "Basic Average Shares": 165901000.0,
        "Diluted EPS": -0.13,
        "Basic EPS": -0.12,
        "Diluted NI Availto Com Stockholders": -23255000.0,
        "Average Dilution Earnings": NaN,
        "Net Income Common Stockholders": -23255000.0,
        "Net Income": -23255000.0,
        "Net Income Including Noncontrolling Interests": -23255000.0,
        "Net Income Continuous Operations": -23255000.0,
        "Tax Provision": 0.0,
        "Pretax Income": -23255000.0,
        "Other Income Expense": 7902000.0,
        "Other Non Operating Income Expenses": -642000.0,
        "Special Income Charges": 6654000.0,
        "Write Off": 0.0,
        "Restructuring And Mergern Acquisition": -6654000.0,
        "Gain On Sale Of Security": 1890000.0,
        "Operating Income": -31157000.0,
        "Operating Expense": 20388000.0,
        "Research And Development": 8573000.0,
        "Selling General And Administration": 11815000.0,
        "Selling And Marketing Expense": 2345000.0,
        "General And Administrative Expense": 9470000.0,
        "Other Gand A": 9470000.0,
        "Gross Profit": -10769000.0,
        "Cost Of Revenue": 21777000.0,
        "Total Revenue": 11008000.0,
        "Operating Revenue": 11008000.0
    },
    "2022-06-30": {
        "Tax Effect Of Unusual Items": 7429200.0,
        "Tax Rate For Calcs": 0.4,
        "Normalized EBITDA": -45632000.0,
        "Total Unusual Items": 18573000.0,
        "Total Unusual Items Excluding Goodwill": 18573000.0,
        "Net Income From Continuing Operation Net Minority Interest": -9467000.0,
        "Reconciled Depreciation": 754000.0,
        "Reconciled Cost Of Revenue": 14891000.0,
        "EBITDA": -27059000.0,
        "EBIT": -27813000.0,
        "Normalized Income": -20610800.0,
        "Net Income From Continuing And Discontinued Operation": -9467000.0,
        "Total Expenses": 37579000.0,
        "Total Operating Income As Reported": -27813000.0,
        "Diluted Average Shares": 164041000.0,
        "Basic Average Shares": 164041000.0,
        "Diluted EPS": -0.06,
        "Basic EPS": -0.06,
        "Diluted NI Availto Com Stockholders": -9467000.0,
        "Net Income Common Stockholders": -9467000.0,
        "Net Income": -9467000.0,
        "Net Income Including Noncontrolling Interests": -9467000.0,
        "Net Income Continuous Operations": -9467000.0,
        "Tax Provision": 1000.0,
        "Pretax Income": -9466000.0,
        "Other Income Expense": 18347000.0,
        "Other Non Operating Income Expenses": -226000.0,
        "Special Income Charges": 14870000.0,
        "Write Off": 0.0,
        "Restructuring And Mergern Acquisition": -14870000.0,
        "Gain On Sale Of Security": 3703000.0,
        "Operating Income": -27813000.0,
        "Operating Expense": 22688000.0,
        "Research And Development": 7635000.0,
        "Selling General And Administration": 15053000.0,
        "Selling And Marketing Expense": 2960000.0,
        "General And Administrative Expense": 12093000.0,
        "Other Gand A": 12093000.0,
        "Gross Profit": -5125000.0,
        "Cost Of Revenue": 14891000.0,
        "Total Revenue": 9766000.0,
        "Operating Revenue": 9766000.0
    },
    "2022-03-31": {
        "Diluted EPS": -0.15,
        "Total Revenue": 7,
        "Gross Profit": -6,
        "Operating Income": -26,
        "EBIT": -26,
        "Net Income": -24
    },
    "2021-12-31": {
        "Diluted EPS": 0.24,
        "Total Revenue": 3,
        "Gross Profit": -2,
        "Operating Income": -25,
        "EBIT": -25,
        "Net Income": 12
    },
    "2021-09-30": {
        "Diluted EPS": 0.3,
        "Total Revenue": 0,
        "Gross Profit": 0,
        "Operating Income": -14,
        "EBIT": -14,
        "Net Income": 35
    },
    "2021-06-30": {
        "Diluted EPS": -0.13,
        "Total Revenue": 1,
        "Gross Profit": 0,
        "Operating Income": -8,
        "EBIT": -8,
        "Net Income": -9
    },
    "2021-03-31": {
        "Diluted EPS": -0.19,
        "Total Revenue": 1,
        "Gross Profit": 0,
        "Operating Income": -6,
        "EBIT": -5,
        "Net Income": -14
    },
    "2020-12-31": {
        "Diluted EPS": 0.0,
        "Total Revenue": NaN,
        "Gross Profit": NaN,
        "Operating Income": NaN,
        "EBIT": NaN,
        "Net Income": NaN
    },
    "2020-09-30": {
        "Diluted EPS": -0.05,
        "Total Revenue": 1,
        "Gross Profit": 0,
        "Operating Income": -3,
        "EBIT": -3,
        "Net Income": -4
    },
    "2023-06-30": {
        "Tax Effect Of Unusual Items": 182700.0,
        "Tax Rate For Calcs": 0.21,
        "Normalized EBITDA": -20576000.0,
        "Total Unusual Items": 870000.0,
        "Total Unusual Items Excluding Goodwill": 870000.0,
        "Net Income From Continuing Operation Net Minority Interest": -23578000.0,
        "Reconciled Depreciation": 777000.0,
        "Reconciled Cost Of Revenue": 8479000.0,
        "EBITDA": -19706000.0,
        "EBIT": -20483000.0,
        "Normalized Income": -24265300.0,
        "Net Income From Continuing And Discontinued Operation": -23578000.0,
        "Total Expenses": 25237000.0,
        "Total Operating Income As Reported": -20483000.0,
        "Diluted NI Availto Com Stockholders": -23578000.0,
        "Average Dilution Earnings": NaN,
        "Net Income Common Stockholders": -23578000.0,
        "Net Income": -23578000.0,
        "Net Income Including Noncontrolling Interests": -23578000.0,
        "Net Income Continuous Operations": -23578000.0,
        "Tax Provision": 2000.0,
        "Pretax Income": -23576000.0,
        "Other Income Expense": -3093000.0,
        "Other Non Operating Income Expenses": -3963000.0,
        "Special Income Charges": 563000.0,
        "Write Off": NaN,
        "Restructuring And Mergern Acquisition": -563000.0,
        "Gain On Sale Of Security": 307000.0,
        "Operating Income": -20483000.0,
        "Operating Expense": 16758000.0,
        "Research And Development": 5181000.0,
        "Selling General And Administration": 11577000.0,
        "Selling And Marketing Expense": 1761000.0,
        "General And Administrative Expense": 9816000.0,
        "Other Gand A": 9816000.0,
        "Gross Profit": -3725000.0,
        "Cost Of Revenue": 8479000.0,
        "Total Revenue": 4754000.0,
        "Operating Revenue": 4754000.0
    },
    "2023-09-30": {
        "Tax Effect Of Unusual Items": 49.4,
        "Tax Rate For Calcs": 0.0002,
        "Normalized EBITDA": -10771000.0,
        "Total Unusual Items": 247000.0,
        "Total Unusual Items Excluding Goodwill": 247000.0,
        "Net Income From Continuing Operation Net Minority Interest": -14107000.0,
        "Reconciled Depreciation": 2101000.0,
        "Reconciled Cost Of Revenue": 14711000.0,
        "EBITDA": -10524000.0,
        "EBIT": -12625000.0,
        "Normalized Income": -14353950.6,
        "Net Income From Continuing And Discontinued Operation": -14107000.0,
        "Total Expenses": 29321000.0,
        "Total Operating Income As Reported": -12625000.0,
        "Diluted NI Availto Com Stockholders": -14107000.0,
        "Average Dilution Earnings": 0.0,
        "Net Income Common Stockholders": -14107000.0,
        "Net Income": -14107000.0,
        "Net Income Including Noncontrolling Interests": -14107000.0,
        "Net Income Continuous Operations": -14107000.0,
        "Tax Provision": 3000.0,
        "Pretax Income": -14104000.0,
        "Other Income Expense": -1479000.0,
        "Other Non Operating Income Expenses": -1726000.0,
        "Special Income Charges": -68000.0,
        "Write Off": NaN,
        "Restructuring And Mergern Acquisition": 68000.0,
        "Gain On Sale Of Security": 315000.0,
        "Operating Income": -12625000.0,
        "Operating Expense": 14610000.0,
        "Research And Development": 4516000.0,
        "Selling General And Administration": 10094000.0,
        "Selling And Marketing Expense": 1548000.0,
        "General And Administrative Expense": 8546000.0,
        "Other Gand A": 8546000.0,
        "Gross Profit": 1985000.0,
        "Cost Of Revenue": 14711000.0,
        "Total Revenue": 16696000.0,
        "Operating Revenue": 16696000.0
    }
}