{
    "2023-03-31": {
        "Tax Effect Of Unusual Items": NaN,
        "Tax Rate For Calcs": NaN,
        "Normalized EBITDA": NaN,
        "Total Unusual Items": NaN,
        "Total Unusual Items Excluding Goodwill": NaN,
        "Net Income From Continuing Operation Net Minority Interest": NaN,
        "Reconciled Depreciation": NaN,
        "Reconciled Cost Of Revenue": NaN,
        "EBITDA": NaN,
        "EBIT": NaN,
        "Net Interest Income": NaN,
        "Interest Expense": NaN,
        "Normalized Income": NaN,
        "Net Income From Continuing And Discontinued Operation": NaN,
        "Total Expenses": NaN,
        "Diluted Average Shares": 536948000.0,
        "Basic Average Shares": 536103000.0,
        "Diluted EPS": 1.4823,
        "Basic EPS": 1.4847,
        "Diluted NI Availto Com Stockholders": NaN,
        "Net Income Common Stockholders": NaN,
        "Net Income": NaN,
        "Minority Interests": NaN,
        "Net Income Including Noncontrolling Interests": NaN,
        "Net Income Continuous Operations": NaN,
        "Tax Provision": NaN,
        "Pretax Income": NaN,
        "Other Income Expense": NaN,
        "Special Income Charges": -4347000.0,
        "Other Special Charges": 4347000.0,
        "Write Off": NaN,
        "Earnings From Equity Interest": NaN,
        "Gain On Sale Of Security": NaN,
        "Net Non Operating Interest Income Expense": NaN,
        "Interest Expense Non Operating": NaN,
        "Operating Income": NaN,
        "Operating Expense": NaN,
        "Other Operating Expenses": NaN,
        "Other Taxes": NaN,
        "Provision For Doubtful Accounts": NaN,
        "Depreciation Amortization Depletion Income Statement": NaN,
        "Depreciation And Amortization In Income Statement": NaN,
        "Amortization": NaN,
        "Amortization Of Intangibles Income Statement": NaN,
        "Depreciation Income Statement": NaN,
        "Selling General And Administration": NaN,
        "Selling And Marketing Expense": NaN,
        "General And Administrative Expense": NaN,
        "Other Gand A": NaN,
        "Salaries And Wages": NaN,
        "Gross Profit": NaN,
        "Cost Of Revenue": NaN,
        "Total Revenue": NaN,
        "Excise Taxes": NaN,
        "Operating Revenue": NaN
    },
    "2022-12-31": {
        "Tax Effect Of Unusual Items": NaN,
        "Tax Rate For Calcs": NaN,
        "Normalized EBITDA": NaN,
        "Total Unusual Items": NaN,
        "Total Unusual Items Excluding Goodwill": NaN,
        "Net Income From Continuing Operation Net Minority Interest": NaN,
        "Reconciled Depreciation": NaN,
        "Reconciled Cost Of Revenue": NaN,
        "EBITDA": NaN,
        "EBIT": NaN,
        "Net Interest Income": NaN,
        "Interest Expense": NaN,
        "Normalized Income": NaN,
        "Net Income From Continuing And Discontinued Operation": NaN,
        "Total Expenses": NaN,
        "Diluted Average Shares": NaN,
        "Basic Average Shares": NaN,
        "Diluted EPS": NaN,
        "Basic EPS": NaN,
        "Diluted NI Availto Com Stockholders": NaN,
        "Net Income Common Stockholders": NaN,
        "Net Income": NaN,
        "Minority Interests": NaN,
        "Net Income Including Noncontrolling Interests": NaN,
        "Net Income Continuous Operations": NaN,
        "Tax Provision": NaN,
        "Pretax Income": NaN,
        "Other Income Expense": NaN,
        "Special Income Charges": -4077000.0,
        "Other Special Charges": 10617000.0,
        "Write Off": 4077000.0,
        "Earnings From Equity Interest": NaN,
        "Gain On Sale Of Security": NaN,
        "Net Non Operating Interest Income Expense": NaN,
        "Interest Expense Non Operating": NaN,
        "Operating Income": NaN,
        "Operating Expense": NaN,
        "Other Operating Expenses": NaN,
        "Other Taxes": NaN,
        "Provision For Doubtful Accounts": NaN,
        "Depreciation Amortization Depletion Income Statement": NaN,
        "Depreciation And Amortization In Income Statement": NaN,
        "Amortization": NaN,
        "Amortization Of Intangibles Income Statement": NaN,
        "Depreciation Income Statement": NaN,
        "Selling General And Administration": NaN,
        "Selling And Marketing Expense": NaN,
        "General And Administrative Expense": NaN,
        "Other Gand A": NaN,
        "Salaries And Wages": NaN,
        "Gross Profit": NaN,
        "Cost Of Revenue": NaN,
        "Total Revenue": NaN,
        "Excise Taxes": NaN,
        "Operating Revenue": NaN
    },
    "2022-09-30": {
        "Tax Effect Of Unusual Items": NaN,
        "Tax Rate For Calcs": NaN,
        "Normalized EBITDA": NaN,
        "Total Unusual Items": NaN,
        "Total Unusual Items Excluding Goodwill": NaN,
        "Net Income From Continuing Operation Net Minority Interest": NaN,
        "Reconciled Depreciation": NaN,
        "Reconciled Cost Of Revenue": NaN,
        "EBITDA": NaN,
        "EBIT": NaN,
        "Net Interest Income": NaN,
        "Interest Expense": NaN,
        "Normalized Income": NaN,
        "Net Income From Continuing And Discontinued Operation": NaN,
        "Total Expenses": NaN,
        "Diluted Average Shares": 573365000.0,
        "Basic Average Shares": 555705000.0,
        "Diluted EPS": 1.7977,
        "Basic EPS": 1.8548,
        "Diluted NI Availto Com Stockholders": NaN,
        "Net Income Common Stockholders": NaN,
        "Net Income": NaN,
        "Minority Interests": NaN,
        "Net Income Including Noncontrolling Interests": NaN,
        "Net Income Continuous Operations": NaN,
        "Tax Provision": NaN,
        "Pretax Income": NaN,
        "Other Income Expense": NaN,
        "Special Income Charges": -3658000.0,
        "Other Special Charges": 3658000.0,
        "Write Off": 931000.0,
        "Earnings From Equity Interest": NaN,
        "Gain On Sale Of Security": NaN,
        "Net Non Operating Interest Income Expense": NaN,
        "Interest Expense Non Operating": NaN,
        "Operating Income": NaN,
        "Operating Expense": NaN,
        "Other Operating Expenses": NaN,
        "Other Taxes": NaN,
        "Provision For Doubtful Accounts": NaN,
        "Depreciation Amortization Depletion Income Statement": NaN,
        "Depreciation And Amortization In Income Statement": NaN,
        "Amortization": NaN,
        "Amortization Of Intangibles Income Statement": NaN,
        "Depreciation Income Statement": NaN,
        "Selling General And Administration": NaN,
        "Selling And Marketing Expense": NaN,
        "General And Administrative Expense": NaN,
        "Other Gand A": NaN,
        "Salaries And Wages": NaN,
        "Gross Profit": NaN,
        "Cost Of Revenue": NaN,
        "Total Revenue": NaN,
        "Excise Taxes": NaN,
        "Operating Revenue": NaN
    },
    "2022-06-30": {
        "Tax Effect Of Unusual Items": 743642000.0,
        "Tax Rate For Calcs": 0.4,
        "Normalized EBITDA": -859100000.0,
        "Total Unusual Items": 1859105000.0,
        "Total Unusual Items Excluding Goodwill": 1859105000.0,
        "Net Income From Continuing Operation Net Minority Interest": 911251000.0,
        "Reconciled Depreciation": 55707000.0,
        "Reconciled Cost Of Revenue": 2189141000.0,
        "EBITDA": 1000005000.0,
        "EBIT": 944298000.0,
        "Net Interest Income": -77050000.0,
        "Interest Expense": 77050000.0,
        "Normalized Income": -204212000.0,
        "Net Income From Continuing And Discontinued Operation": 911251000.0,
        "Total Expenses": 2602838000.0,
        "Diluted Average Shares": 576938000.0,
        "Basic Average Shares": 558966000.0,
        "Diluted EPS": 1.58,
        "Basic EPS": 1.631,
        "Diluted NI Availto Com Stockholders": 911251000.0,
        "Net Income Common Stockholders": 911251000.0,
        "Net Income": 911251000.0,
        "Minority Interests": -1332000.0,
        "Net Income Including Noncontrolling Interests": 912583000.0,
        "Net Income Continuous Operations": 912583000.0,
        "Tax Provision": -45335000.0,
        "Pretax Income": 867248000.0,
        "Other Income Expense": 1858273000.0,
        "Special Income Charges": -17343000.0,
        "Other Special Charges": 14863000.0,
        "Write Off": 2480000.0,
        "Earnings From Equity Interest": -832000.0,
        "Gain On Sale Of Security": 1876448000.0,
        "Net Non Operating Interest Income Expense": -77050000.0,
        "Interest Expense Non Operating": 77050000.0,
        "Operating Income": -913975000.0,
        "Operating Expense": 413697000.0,
        "Other Operating Expenses": -8963000.0,
        "Other Taxes": 21037000.0,
        "Provision For Doubtful Accounts": 1410000.0,
        "Depreciation Amortization Depletion Income Statement": 55707000.0,
        "Depreciation And Amortization In Income Statement": 55707000.0,
        "Amortization": 30422000.0,
        "Amortization Of Intangibles Income Statement": 30422000.0,
        "Depreciation Income Statement": 25285000.0,
        "Selling General And Administration": 345916000.0,
        "Selling And Marketing Expense": 39310000.0,
        "General And Administrative Expense": 306606000.0,
        "Other Gand A": 306606000.0,
        "Salaries And Wages": 652965000.0,
        "Gross Profit": -500278000.0,
        "Cost Of Revenue": 2189141000.0,
        "Total Revenue": 1688863000.0,
        "Excise Taxes": 136311000.0,
        "Operating Revenue": 1688863000.0
    },
    "2023-06-30": {
        "Tax Effect Of Unusual Items": 702392400.0,
        "Tax Rate For Calcs": 0.34,
        "Normalized EBITDA": -894907000.0,
        "Total Unusual Items": 2065860000.0,
        "Total Unusual Items Excluding Goodwill": 2065860000.0,
        "Net Income From Continuing Operation Net Minority Interest": 975353000.0,
        "Reconciled Depreciation": 50837000.0,
        "Reconciled Cost Of Revenue": 1419709000.0,
        "EBITDA": 1170953000.0,
        "EBIT": 1120116000.0,
        "Net Interest Income": -152424000.0,
        "Interest Expense": 152424000.0,
        "Normalized Income": -388114600.0,
        "Net Income From Continuing And Discontinued Operation": 975353000.0,
        "Total Expenses": 2443743000.0,
        "Diluted Average Shares": 531568000.0,
        "Basic Average Shares": 528210000.0,
        "Diluted EPS": 1.8349,
        "Basic EPS": 1.8465,
        "Diluted NI Availto Com Stockholders": 975353000.0,
        "Net Income Common Stockholders": 975353000.0,
        "Net Income": 975353000.0,
        "Minority Interests": -1490000.0,
        "Net Income Including Noncontrolling Interests": 976843000.0,
        "Net Income Continuous Operations": 976843000.0,
        "Tax Provision": -9151000.0,
        "Pretax Income": 967692000.0,
        "Other Income Expense": 2081095000.0,
        "Special Income Charges": -1616000.0,
        "Other Special Charges": 1616000.0,
        "Write Off": NaN,
        "Earnings From Equity Interest": 15235000.0,
        "Gain On Sale Of Security": 2065860000.0,
        "Net Non Operating Interest Income Expense": -152424000.0,
        "Interest Expense Non Operating": 152424000.0,
        "Operating Income": -960979000.0,
        "Operating Expense": 1024034000.0,
        "Other Operating Expenses": -54637000.0,
        "Other Taxes": 13284000.0,
        "Provision For Doubtful Accounts": 54915000.0,
        "Depreciation Amortization Depletion Income Statement": 50837000.0,
        "Depreciation And Amortization In Income Statement": 50837000.0,
        "Amortization": 23818000.0,
        "Amortization Of Intangibles Income Statement": 23818000.0,
        "Depreciation Income Statement": 27019000.0,
        "Selling General And Administration": 959635000.0,
        "Selling And Marketing Expense": 45262000.0,
        "General And Administrative Expense": 914373000.0,
        "Other Gand A": 342854000.0,
        "Salaries And Wages": 571519000.0,
        "Gross Profit": 63055000.0,
        "Cost Of Revenue": 1419709000.0,
        "Total Revenue": 1482764000.0,
        "Excise Taxes": 138514000.0,
        "Operating Revenue": 1621278000.0
    },
    "2023-09-30": {
        "Tax Effect Of Unusual Items": 418009545.0,
        "Tax Rate For Calcs": 0.181,
        "Normalized EBITDA": -945496000.0,
        "Total Unusual Items": 2309445000.0,
        "Total Unusual Items Excluding Goodwill": 2309445000.0,
        "Net Income From Continuing Operation Net Minority Interest": 1086152000.0,
        "Reconciled Depreciation": 71252000.0,
        "Reconciled Cost Of Revenue": 1515002000.0,
        "EBITDA": 1363949000.0,
        "EBIT": 1292697000.0,
        "Net Interest Income": -135318000.0,
        "Interest Expense": 135318000.0,
        "Normalized Income": -805283455.0,
        "Net Income From Continuing And Discontinued Operation": 1086152000.0,
        "Total Expenses": 2848654000.0,
        "Diluted Average Shares": 553599000.0,
        "Basic Average Shares": 546560000.0,
        "Diluted EPS": 1.962,
        "Basic EPS": 1.9873,
        "Diluted NI Availto Com Stockholders": 1086152000.0,
        "Net Income Common Stockholders": 1086152000.0,
        "Net Income": 1086152000.0,
        "Minority Interests": -437000.0,
        "Net Income Including Noncontrolling Interests": 1086589000.0,
        "Net Income Continuous Operations": 1086589000.0,
        "Tax Provision": 70790000.0,
        "Pretax Income": 1157379000.0,
        "Other Income Expense": 2318876000.0,
        "Special Income Charges": -2776000.0,
        "Other Special Charges": 2776000.0,
        "Write Off": NaN,
        "Earnings From Equity Interest": 9431000.0,
        "Gain On Sale Of Security": 2309445000.0,
        "Net Non Operating Interest Income Expense": -135318000.0,
        "Interest Expense Non Operating": 135318000.0,
        "Operating Income": -1026179000.0,
        "Operating Expense": 1333652000.0,
        "Other Operating Expenses": 13976000.0,
        "Other Taxes": 19606000.0,
        "Provision For Doubtful Accounts": 114782000.0,
        "Depreciation Amortization Depletion Income Statement": 71252000.0,
        "Depreciation And Amortization In Income Statement": 71252000.0,
        "Amortization": 44602000.0,
        "Amortization Of Intangibles Income Statement": 44602000.0,
        "Depreciation Income Statement": 26650000.0,
        "Selling General And Administration": 1114036000.0,
        "Selling And Marketing Expense": 49812000.0,
        "General And Administrative Expense": 1064224000.0,
        "Other Gand A": 409958000.0,
        "Salaries And Wages": 654266000.0,
        "Gross Profit": 307473000.0,
        "Cost Of Revenue": 1515002000.0,
        "Total Revenue": 1822475000.0,
        "Excise Taxes": 172677000.0,
        "Operating Revenue": 1995152000.0
    },
    "2023-12-31": {
        "Tax Effect Of Unusual Items": 709544300.0,
        "Tax Rate For Calcs": 0.34,
        "Normalized EBITDA": -842376000.0,
        "Total Unusual Items": 2086895000.0,
        "Total Unusual Items Excluding Goodwill": 2086895000.0,
        "Net Income From Continuing Operation Net Minority Interest": 1042177000.0,
        "Reconciled Depreciation": 82482000.0,
        "Reconciled Cost Of Revenue": 1570772000.0,
        "EBITDA": 1244519000.0,
        "EBIT": 1162037000.0,
        "Net Interest Income": -149684000.0,
        "Interest Expense": 166908000.0,
        "Normalized Income": -335173700.0,
        "Net Income From Continuing And Discontinued Operation": 1042177000.0,
        "Total Expenses": 2852559000.0,
        "Diluted Average Shares": NaN,
        "Basic Average Shares": NaN,
        "Diluted EPS": NaN,
        "Basic EPS": NaN,
        "Diluted NI Availto Com Stockholders": 1042177000.0,
        "Net Income Common Stockholders": 1042177000.0,
        "Net Income": 1042177000.0,
        "Minority Interests": 2163000.0,
        "Net Income Including Noncontrolling Interests": 1040014000.0,
        "Net Income Continuous Operations": 1040014000.0,
        "Tax Provision": -44885000.0,
        "Pretax Income": 995129000.0,
        "Other Income Expense": 2116590000.0,
        "Special Income Charges": NaN,
        "Other Special Charges": NaN,
        "Write Off": NaN,
        "Earnings From Equity Interest": 29695000.0,
        "Gain On Sale Of Security": 2164781000.0,
        "Net Non Operating Interest Income Expense": -149684000.0,
        "Interest Expense Non Operating": 166908000.0,
        "Operating Income": -971777000.0,
        "Operating Expense": 1281787000.0,
        "Other Operating Expenses": -67301000.0,
        "Other Taxes": 23970000.0,
        "Provision For Doubtful Accounts": 123528000.0,
        "Depreciation Amortization Depletion Income Statement": 82482000.0,
        "Depreciation And Amortization In Income Statement": 82482000.0,
        "Amortization": 44064000.0,
        "Amortization Of Intangibles Income Statement": 44064000.0,
        "Depreciation Income Statement": 38418000.0,
        "Selling General And Administration": 1119108000.0,
        "Selling And Marketing Expense": 59470000.0,
        "General And Administrative Expense": 1059638000.0,
        "Other Gand A": 416391000.0,
        "Salaries And Wages": 619591000.0,
        "Gross Profit": 310010000.0,
        "Cost Of Revenue": 1570772000.0,
        "Total Revenue": 1880782000.0,
        "Excise Taxes": 187367000.0,
        "Operating Revenue": 2068149000.0
    },
    "2024-03-31": {
        "Tax Effect Of Unusual Items": 131437495.684242,
        "Tax Rate For Calcs": 0.054112,
        "Normalized EBITDA": -1091154000.0,
        "Total Unusual Items": 2429005000.0,
        "Total Unusual Items Excluding Goodwill": 2429005000.0,
        "Net Income From Continuing Operation Net Minority Interest": 1030016000.0,
        "Reconciled Depreciation": 68060000.0,
        "Reconciled Cost Of Revenue": 1611666000.0,
        "EBITDA": 1337851000.0,
        "EBIT": 1269790000.0,
        "Net Interest Income": -181337000.0,
        "Interest Expense": 181337000.0,
        "Normalized Income": -1267551504.315758,
        "Net Income From Continuing And Discontinued Operation": 1030016000.0,
        "Total Expenses": 2790170000.0,
        "Diluted Average Shares": 556675000.0,
        "Basic Average Shares": 548429000.0,
        "Diluted EPS": 1.8503,
        "Basic EPS": 1.8781,
        "Diluted NI Availto Com Stockholders": 1030016000.0,
        "Net Income Common Stockholders": 1030016000.0,
        "Net Income": 1030016000.0,
        "Minority Interests": 461000.0,
        "Net Income Including Noncontrolling Interests": 1029555000.0,
        "Net Income Continuous Operations": 1029555000.0,
        "Tax Provision": 58898000.0,
        "Pretax Income": 1088453000.0,
        "Other Income Expense": 2436109000.0,
        "Special Income Charges": NaN,
        "Other Special Charges": NaN,
        "Write Off": NaN,
        "Earnings From Equity Interest": 7104000.0,
        "Gain On Sale Of Security": 2429005000.0,
        "Net Non Operating Interest Income Expense": -181337000.0,
        "Interest Expense Non Operating": 181337000.0,
        "Operating Income": -1166319000.0,
        "Operating Expense": 1178505000.0,
        "Other Operating Expenses": -27676000.0,
        "Other Taxes": 33624000.0,
        "Provision For Doubtful Accounts": 96870000.0,
        "Depreciation Amortization Depletion Income Statement": 68061000.0,
        "Depreciation And Amortization In Income Statement": 68061000.0,
        "Amortization": 39142000.0,
        "Amortization Of Intangibles Income Statement": 39142000.0,
        "Depreciation Income Statement": 28919000.0,
        "Selling General And Administration": 1007626000.0,
        "Selling And Marketing Expense": 32054000.0,
        "General And Administrative Expense": 975572000.0,
        "Other Gand A": 361794000.0,
        "Salaries And Wages": 613778000.0,
        "Gross Profit": 12186000.0,
        "Cost Of Revenue": 1611665000.0,
        "Total Revenue": 1623851000.0,
        "Excise Taxes": 156886000.0,
        "Operating Revenue": 1780737000.0
    },
    "2024-06-30": {
        "Tax Effect Of Unusual Items": 436077288.910265,
        "Tax Rate For Calcs": 0.19205,
        "Normalized EBITDA": -617540000.0,
        "Total Unusual Items": 2270649000.0,
        "Total Unusual Items Excluding Goodwill": 2270649000.0,
        "Net Income From Continuing Operation Net Minority Interest": 1117252000.0,
        "Reconciled Depreciation": 65762000.0,
        "Reconciled Cost Of Revenue": 1548047000.0,
        "EBITDA": 1653109000.0,
        "EBIT": 1587347000.0,
        "Net Interest Income": -203689000.0,
        "Interest Expense": 203689000.0,
        "Normalized Income": -717319711.089735,
        "Net Income From Continuing And Discontinued Operation": 1117252000.0,
        "Total Expenses": 2672899000.0,
        "Diluted Average Shares": 551485000.0,
        "Basic Average Shares": 543848000.0,
        "Diluted EPS": 2.0259,
        "Basic EPS": 2.0543,
        "Diluted NI Availto Com Stockholders": 1117252000.0,
        "Net Income Common Stockholders": 1117252000.0,
        "Net Income": 1117252000.0,
        "Minority Interests": -675000.0,
        "Net Income Including Noncontrolling Interests": 1117927000.0,
        "Net Income Continuous Operations": 1117927000.0,
        "Tax Provision": 265731000.0,
        "Pretax Income": 1383658000.0,
        "Other Income Expense": 2311637000.0,
        "Special Income Charges": NaN,
        "Other Special Charges": NaN,
        "Write Off": NaN,
        "Earnings From Equity Interest": 40988000.0,
        "Gain On Sale Of Security": 2270649000.0,
        "Net Non Operating Interest Income Expense": -203689000.0,
        "Interest Expense Non Operating": 203689000.0,
        "Operating Income": -724290000.0,
        "Operating Expense": 1124851000.0,
        "Other Operating Expenses": -93830000.0,
        "Other Taxes": 23737000.0,
        "Provision For Doubtful Accounts": 42831000.0,
        "Depreciation Amortization Depletion Income Statement": 65761000.0,
        "Depreciation And Amortization In Income Statement": 65761000.0,
        "Amortization": 35891000.0,
        "Amortization Of Intangibles Income Statement": 35891000.0,
        "Depreciation Income Statement": 29870000.0,
        "Selling General And Administration": 1086352000.0,
        "Selling And Marketing Expense": 32921000.0,
        "General And Administrative Expense": 1053431000.0,
        "Other Gand A": 387052000.0,
        "Salaries And Wages": 666379000.0,
        "Gross Profit": 400561000.0,
        "Cost Of Revenue": 1548048000.0,
        "Total Revenue": 1948609000.0,
        "Excise Taxes": 180730000.0,
        "Operating Revenue": 2129339000.0
    }
}