{
    "2023-03-31": {
        "Tax Effect Of Unusual Items": NaN,
        "Tax Rate For Calcs": NaN,
        "Normalized EBITDA": NaN,
        "Total Unusual Items": NaN,
        "Total Unusual Items Excluding Goodwill": NaN,
        "Net Income From Continuing Operation Net Minority Interest": NaN,
        "Reconciled Depreciation": NaN,
        "EBITDA": NaN,
        "EBIT": NaN,
        "Net Interest Income": NaN,
        "Interest Income": 66802.0,
        "Normalized Income": NaN,
        "Net Income From Continuing And Discontinued Operation": NaN,
        "Total Expenses": NaN,
        "Diluted Average Shares": 1929445.0,
        "Basic Average Shares": 1929445.0,
        "Diluted EPS": -0.95,
        "Basic EPS": -0.95,
        "Diluted NI Availto Com Stockholders": NaN,
        "Net Income Common Stockholders": NaN,
        "Net Income": NaN,
        "Net Income Including Noncontrolling Interests": NaN,
        "Net Income Continuous Operations": NaN,
        "Pretax Income": NaN,
        "Other Income Expense": NaN,
        "Gain On Sale Of Security": NaN,
        "Net Non Operating Interest Income Expense": NaN,
        "Interest Income Non Operating": 66802.0,
        "Operating Income": NaN,
        "Operating Expense": NaN,
        "Other Operating Expenses": NaN,
        "Depreciation Amortization Depletion Income Statement": NaN,
        "Depreciation And Amortization In Income Statement": NaN,
        "Amortization": NaN,
        "Amortization Of Intangibles Income Statement": NaN,
        "Depreciation Income Statement": NaN,
        "Research And Development": NaN,
        "Selling General And Administration": NaN,
        "General And Administrative Expense": NaN,
        "Other Gand A": NaN,
        "Salaries And Wages": NaN,
        "Total Revenue": NaN,
        "Operating Revenue": NaN
    },
    "2022-12-31": {
        "Tax Effect Of Unusual Items": 0.0,
        "Tax Rate For Calcs": 0.0,
        "Normalized EBITDA": -298795.208466,
        "Total Unusual Items": 476493.094206,
        "Total Unusual Items Excluding Goodwill": 476493.094206,
        "Net Income From Continuing Operation Net Minority Interest": -2186894.794116,
        "Reconciled Depreciation": 21805.42061,
        "EBITDA": 177697.88574,
        "EBIT": 155892.46513,
        "Net Interest Income": 54092.76768,
        "Interest Income": NaN,
        "Normalized Income": -2663387.888322,
        "Net Income From Continuing And Discontinued Operation": -2186894.794116,
        "Total Expenses": 2717480.656002,
        "Diluted Average Shares": NaN,
        "Basic Average Shares": NaN,
        "Diluted EPS": NaN,
        "Basic EPS": NaN,
        "Diluted NI Availto Com Stockholders": -2186894.794116,
        "Net Income Common Stockholders": -2186894.794116,
        "Net Income": -2186894.794116,
        "Net Income Including Noncontrolling Interests": -2186894.794116,
        "Net Income Continuous Operations": -2186894.794116,
        "Pretax Income": -2186894.794116,
        "Other Income Expense": 476493.094206,
        "Gain On Sale Of Security": 476493.094206,
        "Net Non Operating Interest Income Expense": 54092.76768,
        "Interest Income Non Operating": NaN,
        "Operating Income": -2717480.656002,
        "Operating Expense": 2717480.656002,
        "Other Operating Expenses": 230630.994821,
        "Depreciation Amortization Depletion Income Statement": 21805.42061,
        "Depreciation And Amortization In Income Statement": 21805.42061,
        "Amortization": 21805.42061,
        "Amortization Of Intangibles Income Statement": 21805.42061,
        "Depreciation Income Statement": NaN,
        "Research And Development": 1938558.179447,
        "Selling General And Administration": 526486.061123,
        "General And Administrative Expense": 526486.061123,
        "Other Gand A": 205770.821768,
        "Salaries And Wages": 320715.239356,
        "Total Revenue": 0.0,
        "Operating Revenue": 0.0
    },
    "2022-09-30": {
        "Tax Effect Of Unusual Items": NaN,
        "Tax Rate For Calcs": NaN,
        "Normalized EBITDA": NaN,
        "Total Unusual Items": NaN,
        "Total Unusual Items Excluding Goodwill": NaN,
        "Net Income From Continuing Operation Net Minority Interest": NaN,
        "Reconciled Depreciation": NaN,
        "EBITDA": NaN,
        "EBIT": NaN,
        "Net Interest Income": NaN,
        "Interest Income": 35460.0,
        "Normalized Income": NaN,
        "Net Income From Continuing And Discontinued Operation": NaN,
        "Total Expenses": NaN,
        "Diluted Average Shares": 1443437.0,
        "Basic Average Shares": 1443437.0,
        "Diluted EPS": -0.829917,
        "Basic EPS": -0.829917,
        "Diluted NI Availto Com Stockholders": NaN,
        "Net Income Common Stockholders": NaN,
        "Net Income": NaN,
        "Net Income Including Noncontrolling Interests": NaN,
        "Net Income Continuous Operations": NaN,
        "Pretax Income": NaN,
        "Other Income Expense": NaN,
        "Gain On Sale Of Security": NaN,
        "Net Non Operating Interest Income Expense": NaN,
        "Total Other Finance Cost": -33840.799076,
        "Interest Income Non Operating": 35460.0,
        "Operating Income": NaN,
        "Operating Expense": NaN,
        "Other Operating Expenses": NaN,
        "Depreciation Amortization Depletion Income Statement": NaN,
        "Depreciation And Amortization In Income Statement": NaN,
        "Amortization": NaN,
        "Amortization Of Intangibles Income Statement": NaN,
        "Depreciation Income Statement": NaN,
        "Research And Development": NaN,
        "Selling General And Administration": NaN,
        "General And Administrative Expense": NaN,
        "Other Gand A": NaN,
        "Salaries And Wages": NaN,
        "Total Revenue": NaN,
        "Operating Revenue": NaN
    },
    "2022-06-30": {
        "Tax Effect Of Unusual Items": 0.0,
        "Tax Rate For Calcs": 0.0,
        "Normalized EBITDA": -5160567.0,
        "Total Unusual Items": 1788320.0,
        "Total Unusual Items Excluding Goodwill": 1788320.0,
        "Net Income From Continuing Operation Net Minority Interest": -1581364.0,
        "Reconciled Depreciation": 12454.0,
        "EBITDA": -3372247.0,
        "EBIT": -3384701.0,
        "Net Interest Income": 15017.0,
        "Interest Income": NaN,
        "Normalized Income": -3369684.0,
        "Net Income From Continuing And Discontinued Operation": -1581364.0,
        "Total Expenses": 3384701.0,
        "Diluted Average Shares": 12989687.0,
        "Basic Average Shares": 12989687.0,
        "Diluted EPS": -0.09,
        "Basic EPS": -0.09,
        "Diluted NI Availto Com Stockholders": -1581364.0,
        "Net Income Common Stockholders": -1581364.0,
        "Net Income": -1581364.0,
        "Net Income Including Noncontrolling Interests": -1581364.0,
        "Net Income Continuous Operations": -1581364.0,
        "Pretax Income": -1581364.0,
        "Other Income Expense": 1788320.0,
        "Gain On Sale Of Security": 1788320.0,
        "Net Non Operating Interest Income Expense": 15017.0,
        "Total Other Finance Cost": -15017.0,
        "Interest Income Non Operating": NaN,
        "Operating Income": -3384701.0,
        "Operating Expense": 3384701.0,
        "Other Operating Expenses": 452188.928469,
        "Depreciation Amortization Depletion Income Statement": 12454.0,
        "Depreciation And Amortization In Income Statement": 12454.0,
        "Amortization": 12454.0,
        "Amortization Of Intangibles Income Statement": 12454.0,
        "Depreciation Income Statement": NaN,
        "Research And Development": 1861216.0,
        "Selling General And Administration": 1511031.0,
        "General And Administrative Expense": 1511031.0,
        "Other Gand A": 869149.0,
        "Salaries And Wages": 641882.0,
        "Total Revenue": 0.0,
        "Operating Revenue": 0.0
    },
    "2022-03-31": {
        "Diluted EPS": -0.21,
        "Total Revenue": NaN,
        "Gross Profit": NaN,
        "Operating Income": -3,
        "EBIT": -3,
        "Net Income": -3
    },
    "2021-09-30": {
        "Diluted EPS": -0.71,
        "Total Revenue": NaN,
        "Gross Profit": NaN,
        "Operating Income": 0,
        "EBIT": 0,
        "Net Income": -7
    },
    "2021-06-30": {
        "Diluted EPS": -0.02,
        "Total Revenue": NaN,
        "Gross Profit": NaN,
        "Operating Income": -1,
        "EBIT": -1,
        "Net Income": 0
    },
    "2020-12-31": {
        "Diluted EPS": 0.0,
        "Total Revenue": NaN,
        "Gross Profit": NaN,
        "Operating Income": NaN,
        "EBIT": NaN,
        "Net Income": 0
    },
    "2023-06-30": {
        "Tax Effect Of Unusual Items": NaN,
        "Tax Rate For Calcs": NaN,
        "Normalized EBITDA": NaN,
        "Total Unusual Items": NaN,
        "Total Unusual Items Excluding Goodwill": NaN,
        "Net Income From Continuing Operation Net Minority Interest": NaN,
        "Reconciled Depreciation": NaN,
        "EBITDA": NaN,
        "EBIT": NaN,
        "Net Interest Income": NaN,
        "Interest Income": 73312.0,
        "Normalized Income": NaN,
        "Net Income From Continuing And Discontinued Operation": NaN,
        "Total Expenses": NaN,
        "Diluted Average Shares": 1998848.0,
        "Basic Average Shares": 1998848.0,
        "Diluted EPS": -0.85,
        "Basic EPS": -0.85,
        "Diluted NI Availto Com Stockholders": NaN,
        "Net Income Common Stockholders": NaN,
        "Net Income": NaN,
        "Net Income Including Noncontrolling Interests": NaN,
        "Net Income Continuous Operations": NaN,
        "Pretax Income": NaN,
        "Other Income Expense": NaN,
        "Gain On Sale Of Security": NaN,
        "Net Non Operating Interest Income Expense": NaN,
        "Interest Income Non Operating": 73312.0,
        "Operating Income": NaN,
        "Operating Expense": NaN,
        "Other Operating Expenses": NaN,
        "Depreciation Amortization Depletion Income Statement": NaN,
        "Depreciation And Amortization In Income Statement": NaN,
        "Amortization": NaN,
        "Amortization Of Intangibles Income Statement": NaN,
        "Depreciation Income Statement": NaN,
        "Research And Development": NaN,
        "Selling General And Administration": NaN,
        "General And Administrative Expense": NaN,
        "Other Gand A": NaN,
        "Salaries And Wages": NaN,
        "Total Revenue": NaN,
        "Operating Revenue": NaN
    },
    "2023-09-30": {
        "Tax Effect Of Unusual Items": 0.0,
        "Tax Rate For Calcs": 0.0,
        "Normalized EBITDA": -1373177.0,
        "Total Unusual Items": -3668.0,
        "Total Unusual Items Excluding Goodwill": -3668.0,
        "Net Income From Continuing Operation Net Minority Interest": -1333366.0,
        "Reconciled Depreciation": 16467.0,
        "EBITDA": -1376845.0,
        "EBIT": -1393312.0,
        "Net Interest Income": 63614.0,
        "Interest Income": 63614.0,
        "Normalized Income": -1329698.0,
        "Net Income From Continuing And Discontinued Operation": -1333366.0,
        "Total Expenses": 1393312.0,
        "Diluted Average Shares": 1998848.0,
        "Basic Average Shares": 1998848.0,
        "Diluted EPS": -0.67,
        "Basic EPS": -0.67,
        "Diluted NI Availto Com Stockholders": -1333366.0,
        "Net Income Common Stockholders": -1333366.0,
        "Net Income": -1333366.0,
        "Net Income Including Noncontrolling Interests": -1333366.0,
        "Net Income Continuous Operations": -1333366.0,
        "Pretax Income": -1333366.0,
        "Other Income Expense": -3668.0,
        "Gain On Sale Of Security": -3668.0,
        "Net Non Operating Interest Income Expense": 63614.0,
        "Interest Income Non Operating": 63614.0,
        "Operating Income": -1393312.0,
        "Operating Expense": 1393312.0,
        "Other Operating Expenses": 297023.0,
        "Depreciation Amortization Depletion Income Statement": 16467.0,
        "Depreciation And Amortization In Income Statement": 16467.0,
        "Amortization": -1862.0,
        "Amortization Of Intangibles Income Statement": -1862.0,
        "Depreciation Income Statement": 18329.0,
        "Research And Development": 569713.0,
        "Selling General And Administration": 510109.0,
        "General And Administrative Expense": 510109.0,
        "Other Gand A": 441790.0,
        "Salaries And Wages": 68319.0,
        "Total Revenue": 0.0,
        "Operating Revenue": 0.0
    },
    "2023-12-31": {
        "Tax Effect Of Unusual Items": 1453233.2,
        "Tax Rate For Calcs": 0.4,
        "Normalized EBITDA": -4592397.0,
        "Total Unusual Items": 3633083.0,
        "Total Unusual Items Excluding Goodwill": 3633083.0,
        "Net Income From Continuing Operation Net Minority Interest": 2699224.0,
        "Reconciled Depreciation": 24360.0,
        "EBITDA": -959314.0,
        "EBIT": -983674.0,
        "Net Interest Income": 49815.0,
        "Interest Income": NaN,
        "Normalized Income": 519374.2,
        "Net Income From Continuing And Discontinued Operation": 2699224.0,
        "Total Expenses": 983674.0,
        "Diluted Average Shares": NaN,
        "Basic Average Shares": NaN,
        "Diluted EPS": NaN,
        "Basic EPS": NaN,
        "Diluted NI Availto Com Stockholders": 2699224.0,
        "Net Income Common Stockholders": 2699224.0,
        "Net Income": 2699224.0,
        "Net Income Including Noncontrolling Interests": 2699224.0,
        "Net Income Continuous Operations": 2699224.0,
        "Pretax Income": 2699224.0,
        "Other Income Expense": 3633083.0,
        "Gain On Sale Of Security": 3633083.0,
        "Net Non Operating Interest Income Expense": 49815.0,
        "Interest Income Non Operating": NaN,
        "Operating Income": -983674.0,
        "Operating Expense": 983674.0,
        "Other Operating Expenses": 340335.0,
        "Depreciation Amortization Depletion Income Statement": 24360.0,
        "Depreciation And Amortization In Income Statement": 24360.0,
        "Amortization": 6061.0,
        "Amortization Of Intangibles Income Statement": 6061.0,
        "Depreciation Income Statement": 18299.0,
        "Research And Development": 134132.0,
        "Selling General And Administration": 484847.0,
        "General And Administrative Expense": 484847.0,
        "Other Gand A": 410537.0,
        "Salaries And Wages": 74310.0,
        "Total Revenue": 0.0,
        "Operating Revenue": 0.0
    },
    "2024-03-31": {
        "Tax Effect Of Unusual Items": 0.0,
        "Tax Rate For Calcs": 0.0,
        "Normalized EBITDA": 905438.0,
        "Total Unusual Items": -1961922.0,
        "Total Unusual Items Excluding Goodwill": -1961922.0,
        "Net Income From Continuing Operation Net Minority Interest": -3018936.0,
        "Reconciled Depreciation": 32132.0,
        "EBITDA": -1056484.0,
        "EBIT": -1088616.0,
        "Net Interest Income": 31602.0,
        "Interest Income": 31602.0,
        "Normalized Income": -1057014.0,
        "Net Income From Continuing And Discontinued Operation": -3018936.0,
        "Total Expenses": 1088616.0,
        "Diluted Average Shares": 2429268.0,
        "Basic Average Shares": 2429268.0,
        "Diluted EPS": -1.24,
        "Basic EPS": -1.24,
        "Diluted NI Availto Com Stockholders": -3018936.0,
        "Net Income Common Stockholders": -3018936.0,
        "Net Income": -3018936.0,
        "Net Income Including Noncontrolling Interests": -3018936.0,
        "Net Income Continuous Operations": -3018936.0,
        "Pretax Income": -3018936.0,
        "Other Income Expense": -1961922.0,
        "Gain On Sale Of Security": -1961922.0,
        "Net Non Operating Interest Income Expense": 31602.0,
        "Interest Income Non Operating": 31602.0,
        "Operating Income": -1088616.0,
        "Operating Expense": 1088616.0,
        "Other Operating Expenses": 470695.0,
        "Depreciation Amortization Depletion Income Statement": 32132.0,
        "Depreciation And Amortization In Income Statement": 32132.0,
        "Amortization": 11886.0,
        "Amortization Of Intangibles Income Statement": 11886.0,
        "Depreciation Income Statement": 20246.0,
        "Research And Development": 73643.0,
        "Selling General And Administration": 512146.0,
        "General And Administrative Expense": 512146.0,
        "Other Gand A": 419851.0,
        "Salaries And Wages": 92295.0,
        "Total Revenue": 0.0,
        "Operating Revenue": 0.0
    },
    "2024-06-30": {
        "Tax Effect Of Unusual Items": 244170.6,
        "Tax Rate For Calcs": 0.15,
        "Normalized EBITDA": -3088445.0,
        "Total Unusual Items": 1627804.0,
        "Total Unusual Items Excluding Goodwill": 1627804.0,
        "Net Income From Continuing Operation Net Minority Interest": 170066.0,
        "Reconciled Depreciation": 33049.0,
        "EBITDA": -1460641.0,
        "EBIT": -1493690.0,
        "Net Interest Income": 35952.0,
        "Interest Income": 35952.0,
        "Normalized Income": -1213567.4,
        "Net Income From Continuing And Discontinued Operation": 170066.0,
        "Total Expenses": 1493690.0,
        "Diluted Average Shares": 2903565.0,
        "Basic Average Shares": 2903565.0,
        "Diluted EPS": 0.06,
        "Basic EPS": 0.06,
        "Diluted NI Availto Com Stockholders": 170066.0,
        "Net Income Common Stockholders": 170066.0,
        "Net Income": 170066.0,
        "Net Income Including Noncontrolling Interests": 170066.0,
        "Net Income Continuous Operations": 170066.0,
        "Pretax Income": 170066.0,
        "Other Income Expense": 1627804.0,
        "Gain On Sale Of Security": 1627804.0,
        "Net Non Operating Interest Income Expense": 35952.0,
        "Interest Income Non Operating": 35952.0,
        "Operating Income": -1493690.0,
        "Operating Expense": 1493690.0,
        "Other Operating Expenses": 575046.0,
        "Depreciation Amortization Depletion Income Statement": 33049.0,
        "Depreciation And Amortization In Income Statement": 33049.0,
        "Amortization": 6164.0,
        "Amortization Of Intangibles Income Statement": 6164.0,
        "Depreciation Income Statement": 26885.0,
        "Research And Development": 67683.0,
        "Selling General And Administration": 817912.0,
        "General And Administrative Expense": 817912.0,
        "Other Gand A": 727510.0,
        "Salaries And Wages": 90402.0,
        "Total Revenue": 0.0,
        "Operating Revenue": 0.0
    },
    "2024-09-30": {
        "Tax Effect Of Unusual Items": 0.0,
        "Tax Rate For Calcs": 0.0,
        "Normalized EBITDA": -1107515.0,
        "Total Unusual Items": 258715.0,
        "Total Unusual Items Excluding Goodwill": 258715.0,
        "Net Income From Continuing Operation Net Minority Interest": -587011.0,
        "Reconciled Depreciation": 25949.0,
        "EBITDA": -848800.0,
        "EBIT": -874749.0,
        "Net Interest Income": 29023.0,
        "Interest Income": 29023.0,
        "Normalized Income": -845726.0,
        "Net Income From Continuing And Discontinued Operation": -587011.0,
        "Total Expenses": 874749.0,
        "Diluted Average Shares": 2903565.0,
        "Basic Average Shares": 2903565.0,
        "Diluted EPS": -0.2,
        "Basic EPS": -0.2,
        "Diluted NI Availto Com Stockholders": -587011.0,
        "Net Income Common Stockholders": -587011.0,
        "Net Income": -587011.0,
        "Net Income Including Noncontrolling Interests": -587011.0,
        "Net Income Continuous Operations": -587011.0,
        "Pretax Income": -587011.0,
        "Other Income Expense": 258715.0,
        "Gain On Sale Of Security": 258715.0,
        "Net Non Operating Interest Income Expense": 29023.0,
        "Interest Income Non Operating": 29023.0,
        "Operating Income": -874749.0,
        "Operating Expense": 874749.0,
        "Other Operating Expenses": 267426.0,
        "Depreciation Amortization Depletion Income Statement": 25949.0,
        "Depreciation And Amortization In Income Statement": 25949.0,
        "Amortization": 6389.0,
        "Amortization Of Intangibles Income Statement": 6389.0,
        "Depreciation Income Statement": 19560.0,
        "Research And Development": 34741.0,
        "Selling General And Administration": 546633.0,
        "General And Administrative Expense": 546633.0,
        "Other Gand A": 490632.0,
        "Salaries And Wages": 56001.0,
        "Total Revenue": 0.0,
        "Operating Revenue": 0.0
    }
}