{
    "2023-06-30": {
        "Tax Effect Of Unusual Items": -51345000.0,
        "Tax Rate For Calcs": 0.315,
        "Normalized EBITDA": 148000000.0,
        "Total Unusual Items": -163000000.0,
        "Total Unusual Items Excluding Goodwill": -163000000.0,
        "Net Income From Continuing Operation Net Minority Interest": -61000000.0,
        "Reconciled Depreciation": 62000000.0,
        "Reconciled Cost Of Revenue": 1105000000.0,
        "EBITDA": -15000000.0,
        "EBIT": -77000000.0,
        "Net Interest Income": -8000000.0,
        "Interest Expense": 12000000.0,
        "Interest Income": 4000000.0,
        "Normalized Income": 50655000.0,
        "Net Income From Continuing And Discontinued Operation": -61000000.0,
        "Total Expenses": 1657000000.0,
        "Diluted NI Availto Com Stockholders": -64000000.0,
        "Net Income Common Stockholders": -64000000.0,
        "Preferred Stock Dividends": 3000000.0,
        "Net Income": -61000000.0,
        "Minority Interests": -1000000.0,
        "Net Income Including Noncontrolling Interests": -60000000.0,
        "Net Income Continuous Operations": -60000000.0,
        "Earnings From Equity Interest Net Of Tax": 1000000.0,
        "Tax Provision": -28000000.0,
        "Pretax Income": -89000000.0,
        "Other Income Expense": -178000000.0,
        "Other Non Operating Income Expenses": -15000000.0,
        "Special Income Charges": -158000000.0,
        "Gain On Sale Of Business": NaN,
        "Other Special Charges": 135000000.0,
        "Impairment Of Capital Assets": NaN,
        "Restructuring And Mergern Acquisition": 23000000.0,
        "Gain On Sale Of Security": -5000000.0,
        "Net Non Operating Interest Income Expense": -8000000.0,
        "Interest Expense Non Operating": 12000000.0,
        "Interest Income Non Operating": 4000000.0,
        "Operating Income": 97000000.0,
        "Operating Expense": 500000000.0,
        "Other Taxes": NaN,
        "Depreciation Amortization Depletion Income Statement": 10000000.0,
        "Depreciation And Amortization In Income Statement": 10000000.0,
        "Amortization": 10000000.0,
        "Amortization Of Intangibles Income Statement": 10000000.0,
        "Research And Development": 57000000.0,
        "Selling General And Administration": 433000000.0,
        "Gross Profit": 597000000.0,
        "Cost Of Revenue": 1157000000.0,
        "Total Revenue": 1754000000.0,
        "Operating Revenue": 1754000000.0
    },
    "2023-03-31": {
        "Tax Effect Of Unusual Items": -2145000.0,
        "Tax Rate For Calcs": 0.165,
        "Normalized EBITDA": 176000000.0,
        "Total Unusual Items": -13000000.0,
        "Total Unusual Items Excluding Goodwill": -13000000.0,
        "Net Income From Continuing Operation Net Minority Interest": 71000000.0,
        "Reconciled Depreciation": 64000000.0,
        "Reconciled Cost Of Revenue": 1073000000.0,
        "EBITDA": 163000000.0,
        "EBIT": 99000000.0,
        "Net Interest Income": -9000000.0,
        "Interest Expense": 14000000.0,
        "Interest Income": 5000000.0,
        "Normalized Income": 81855000.0,
        "Net Income From Continuing And Discontinued Operation": 71000000.0,
        "Total Expenses": 1608000000.0,
        "Diluted NI Availto Com Stockholders": 67000000.0,
        "Net Income Common Stockholders": 67000000.0,
        "Preferred Stock Dividends": 4000000.0,
        "Net Income": 71000000.0,
        "Minority Interests": 0.0,
        "Net Income Including Noncontrolling Interests": 71000000.0,
        "Net Income Continuous Operations": 71000000.0,
        "Earnings From Equity Interest Net Of Tax": 0.0,
        "Tax Provision": 14000000.0,
        "Pretax Income": 85000000.0,
        "Other Income Expense": -13000000.0,
        "Other Non Operating Income Expenses": NaN,
        "Special Income Charges": -2000000.0,
        "Gain On Sale Of Business": NaN,
        "Other Special Charges": NaN,
        "Impairment Of Capital Assets": 0.0,
        "Restructuring And Mergern Acquisition": 2000000.0,
        "Gain On Sale Of Security": -11000000.0,
        "Net Non Operating Interest Income Expense": -9000000.0,
        "Interest Expense Non Operating": 14000000.0,
        "Interest Income Non Operating": 5000000.0,
        "Operating Income": 107000000.0,
        "Operating Expense": 482000000.0,
        "Other Taxes": NaN,
        "Depreciation Amortization Depletion Income Statement": 11000000.0,
        "Depreciation And Amortization In Income Statement": 11000000.0,
        "Amortization": 11000000.0,
        "Amortization Of Intangibles Income Statement": 11000000.0,
        "Research And Development": 64000000.0,
        "Selling General And Administration": 407000000.0,
        "Gross Profit": 589000000.0,
        "Cost Of Revenue": 1126000000.0,
        "Total Revenue": 1715000000.0,
        "Operating Revenue": 1715000000.0
    },
    "2022-12-31": {
        "Tax Effect Of Unusual Items": 5260273.972603,
        "Tax Rate For Calcs": 0.164384,
        "Normalized EBITDA": 197000000.0,
        "Total Unusual Items": 32000000.0,
        "Total Unusual Items Excluding Goodwill": 32000000.0,
        "Net Income From Continuing Operation Net Minority Interest": 121000000.0,
        "Reconciled Depreciation": 65000000.0,
        "Reconciled Cost Of Revenue": 1212000000.0,
        "EBITDA": 229000000.0,
        "EBIT": 164000000.0,
        "Net Interest Income": -15000000.0,
        "Interest Expense": 18000000.0,
        "Interest Income": 3000000.0,
        "Normalized Income": 94260273.972603,
        "Net Income From Continuing And Discontinued Operation": 121000000.0,
        "Total Expenses": 1774000000.0,
        "Diluted NI Availto Com Stockholders": 118000000.0,
        "Net Income Common Stockholders": 118000000.0,
        "Preferred Stock Dividends": 3000000.0,
        "Net Income": 121000000.0,
        "Minority Interests": -1000000.0,
        "Net Income Including Noncontrolling Interests": 122000000.0,
        "Net Income Continuous Operations": 122000000.0,
        "Earnings From Equity Interest Net Of Tax": 0.0,
        "Tax Provision": 24000000.0,
        "Pretax Income": 146000000.0,
        "Other Income Expense": -5000000.0,
        "Other Non Operating Income Expenses": -37000000.0,
        "Special Income Charges": 43000000.0,
        "Gain On Sale Of Business": 39000000.0,
        "Other Special Charges": -28000000.0,
        "Impairment Of Capital Assets": 5000000.0,
        "Restructuring And Mergern Acquisition": 19000000.0,
        "Gain On Sale Of Security": -11000000.0,
        "Net Non Operating Interest Income Expense": -15000000.0,
        "Interest Expense Non Operating": 18000000.0,
        "Interest Income Non Operating": 3000000.0,
        "Operating Income": 167000000.0,
        "Operating Expense": 508000000.0,
        "Other Taxes": NaN,
        "Depreciation Amortization Depletion Income Statement": 11000000.0,
        "Depreciation And Amortization In Income Statement": 11000000.0,
        "Amortization": 11000000.0,
        "Amortization Of Intangibles Income Statement": 11000000.0,
        "Research And Development": 69000000.0,
        "Selling General And Administration": 428000000.0,
        "Gross Profit": 675000000.0,
        "Cost Of Revenue": 1266000000.0,
        "Total Revenue": 1941000000.0,
        "Operating Revenue": 1941000000.0
    },
    "2022-09-30": {
        "Tax Effect Of Unusual Items": -88830000.0,
        "Tax Rate For Calcs": 0.21,
        "Normalized EBITDA": 129000000.0,
        "Total Unusual Items": -423000000.0,
        "Total Unusual Items Excluding Goodwill": -423000000.0,
        "Net Income From Continuing Operation Net Minority Interest": -383000000.0,
        "Reconciled Depreciation": 65000000.0,
        "Reconciled Cost Of Revenue": 1140000000.0,
        "EBITDA": -294000000.0,
        "EBIT": -359000000.0,
        "Net Interest Income": -17000000.0,
        "Interest Expense": 21000000.0,
        "Interest Income": 4000000.0,
        "Normalized Income": -48830000.0,
        "Net Income From Continuing And Discontinued Operation": -383000000.0,
        "Total Expenses": 1696000000.0,
        "Diluted Average Shares": 155697000.0,
        "Basic Average Shares": 155697000.0,
        "Diluted EPS": -2.48,
        "Basic EPS": -2.48,
        "Diluted NI Availto Com Stockholders": -387000000.0,
        "Net Income Common Stockholders": -387000000.0,
        "Preferred Stock Dividends": 4000000.0,
        "Net Income": -383000000.0,
        "Minority Interests": -1000000.0,
        "Net Income Including Noncontrolling Interests": -382000000.0,
        "Net Income Continuous Operations": -382000000.0,
        "Earnings From Equity Interest Net Of Tax": 1000000.0,
        "Tax Provision": 3000000.0,
        "Pretax Income": -380000000.0,
        "Other Income Expense": -418000000.0,
        "Other Non Operating Income Expenses": 5000000.0,
        "Special Income Charges": -422000000.0,
        "Gain On Sale Of Business": 16000000.0,
        "Other Special Charges": 4000000.0,
        "Impairment Of Capital Assets": 412000000.0,
        "Restructuring And Mergern Acquisition": 22000000.0,
        "Gain On Sale Of Security": -1000000.0,
        "Net Non Operating Interest Income Expense": -17000000.0,
        "Interest Expense Non Operating": 21000000.0,
        "Interest Income Non Operating": 4000000.0,
        "Operating Income": 55000000.0,
        "Operating Expense": 501000000.0,
        "Other Taxes": NaN,
        "Depreciation Amortization Depletion Income Statement": 10000000.0,
        "Depreciation And Amortization In Income Statement": 10000000.0,
        "Amortization": 10000000.0,
        "Amortization Of Intangibles Income Statement": 10000000.0,
        "Research And Development": 73000000.0,
        "Selling General And Administration": 418000000.0,
        "Gross Profit": 556000000.0,
        "Cost Of Revenue": 1195000000.0,
        "Total Revenue": 1751000000.0,
        "Operating Revenue": 1751000000.0
    },
    "2022-06-30": {
        "Tax Effect Of Unusual Items": -2000000.0,
        "Tax Rate For Calcs": 0.4,
        "Normalized EBITDA": 91000000.0,
        "Total Unusual Items": -5000000.0,
        "Total Unusual Items Excluding Goodwill": -5000000.0,
        "Net Income From Continuing Operation Net Minority Interest": -4000000.0,
        "Reconciled Depreciation": 68000000.0,
        "Reconciled Cost Of Revenue": 1132000000.0,
        "EBITDA": 86000000.0,
        "EBIT": 18000000.0,
        "Net Interest Income": -20000000.0,
        "Interest Expense": 23000000.0,
        "Interest Income": 3000000.0,
        "Normalized Income": -1000000.0,
        "Net Income From Continuing And Discontinued Operation": -4000000.0,
        "Total Expenses": 1743000000.0,
        "Diluted Average Shares": 155170000.0,
        "Basic Average Shares": 155170000.0,
        "Diluted EPS": -0.05,
        "Basic EPS": -0.05,
        "Diluted NI Availto Com Stockholders": -7000000.0,
        "Net Income Common Stockholders": -7000000.0,
        "Preferred Stock Dividends": 3000000.0,
        "Net Income": -4000000.0,
        "Minority Interests": 1000000.0,
        "Net Income Including Noncontrolling Interests": -5000000.0,
        "Net Income Continuous Operations": -5000000.0,
        "Earnings From Equity Interest Net Of Tax": 1000000.0,
        "Tax Provision": 1000000.0,
        "Pretax Income": -5000000.0,
        "Other Income Expense": 11000000.0,
        "Other Non Operating Income Expenses": 16000000.0,
        "Special Income Charges": -5000000.0,
        "Gain On Sale Of Business": NaN,
        "Other Special Charges": 4000000.0,
        "Impairment Of Capital Assets": 1000000.0,
        "Restructuring And Mergern Acquisition": 1000000.0,
        "Gain On Sale Of Security": NaN,
        "Net Non Operating Interest Income Expense": -20000000.0,
        "Interest Expense Non Operating": 23000000.0,
        "Interest Income Non Operating": 3000000.0,
        "Operating Income": 4000000.0,
        "Operating Expense": 553000000.0,
        "Depreciation Amortization Depletion Income Statement": 10000000.0,
        "Depreciation And Amortization In Income Statement": 10000000.0,
        "Amortization": 10000000.0,
        "Amortization Of Intangibles Income Statement": 10000000.0,
        "Research And Development": 84000000.0,
        "Selling General And Administration": 459000000.0,
        "Gross Profit": 557000000.0,
        "Cost Of Revenue": 1190000000.0,
        "Total Revenue": 1747000000.0,
        "Operating Revenue": 1747000000.0
    },
    "2022-03-31": {
        "Diluted EPS": -0.38,
        "Total Revenue": NaN,
        "Gross Profit": 530,
        "Operating Income": -3,
        "EBIT": 69,
        "Net Income": -60
    },
    "2021-12-31": {
        "Diluted EPS": -3.68,
        "Total Revenue": NaN,
        "Gross Profit": 584,
        "Operating Income": 86,
        "EBIT": 945,
        "Net Income": -685
    },
    "2021-09-30": {
        "Diluted EPS": 0.48,
        "Total Revenue": NaN,
        "Gross Profit": 569,
        "Operating Income": 74,
        "EBIT": 153,
        "Net Income": 90
    },
    "2021-06-30": {
        "Diluted EPS": 0.46,
        "Total Revenue": NaN,
        "Gross Profit": 639,
        "Operating Income": 126,
        "EBIT": 210,
        "Net Income": 91
    },
    "2021-03-31": {
        "Diluted EPS": 0.18,
        "Total Revenue": NaN,
        "Gross Profit": 611,
        "Operating Income": 89,
        "EBIT": 175,
        "Net Income": 35
    },
    "2020-12-31": {
        "Diluted EPS": 0.35,
        "Total Revenue": NaN,
        "Gross Profit": 699,
        "Operating Income": 184,
        "EBIT": 280,
        "Net Income": 70
    },
    "2020-09-30": {
        "Diluted EPS": 0.41,
        "Total Revenue": NaN,
        "Gross Profit": 651,
        "Operating Income": 137,
        "EBIT": 227,
        "Net Income": 90
    },
    "2020-06-30": {
        "Diluted EPS": 0.11,
        "Total Revenue": NaN,
        "Gross Profit": 564,
        "Operating Income": 55,
        "EBIT": 143,
        "Net Income": 24
    },
    "2020-03-31": {
        "Diluted EPS": -0.03,
        "Total Revenue": NaN,
        "Gross Profit": 712,
        "Operating Income": 70,
        "EBIT": 164,
        "Net Income": -6
    },
    "2019-12-31": {
        "Diluted EPS": 3.52,
        "Total Revenue": NaN,
        "Gross Profit": NaN,
        "Operating Income": 407,
        "EBIT": 505,
        "Net Income": 825
    },
    "2019-09-30": {
        "Diluted EPS": 0.96,
        "Total Revenue": NaN,
        "Gross Profit": 872,
        "Operating Income": 258,
        "EBIT": 480,
        "Net Income": 217
    },
    "2019-06-30": {
        "Diluted EPS": 0.77,
        "Total Revenue": NaN,
        "Gross Profit": 885,
        "Operating Income": 276,
        "EBIT": 268,
        "Net Income": 178
    },
    "2019-03-31": {
        "Diluted EPS": 0.55,
        "Total Revenue": NaN,
        "Gross Profit": 877,
        "Operating Income": 239,
        "EBIT": 357,
        "Net Income": 133
    },
    "2018-12-31": {
        "Diluted EPS": 0.54,
        "Total Revenue": NaN,
        "Gross Profit": 956,
        "Operating Income": 313,
        "EBIT": 441,
        "Net Income": 140
    },
    "2018-09-30": {
        "Diluted EPS": 0.34,
        "Total Revenue": NaN,
        "Gross Profit": 942,
        "Operating Income": 290,
        "EBIT": 412,
        "Net Income": 89
    },
    "2018-06-30": {
        "Diluted EPS": 0.42,
        "Total Revenue": NaN,
        "Gross Profit": NaN,
        "Operating Income": 218,
        "EBIT": 356,
        "Net Income": 109
    },
    "2018-03-31": {
        "Diluted EPS": 0.08,
        "Total Revenue": NaN,
        "Gross Profit": 970,
        "Operating Income": 204,
        "EBIT": 342,
        "Net Income": 23
    },
    "2017-12-31": {
        "Diluted EPS": -0.74,
        "Total Revenue": NaN,
        "Gross Profit": NaN,
        "Operating Income": 313,
        "EBIT": 441,
        "Net Income": -190
    },
    "2017-09-30": {
        "Diluted EPS": 0.68,
        "Total Revenue": NaN,
        "Gross Profit": NaN,
        "Operating Income": 266,
        "EBIT": 397,
        "Net Income": 179
    },
    "2017-06-30": {
        "Diluted EPS": 0.63,
        "Total Revenue": NaN,
        "Gross Profit": NaN,
        "Operating Income": 315,
        "EBIT": 450,
        "Net Income": 166
    },
    "2017-03-31": {
        "Diluted EPS": 0.14,
        "Total Revenue": NaN,
        "Gross Profit": 975,
        "Operating Income": 230,
        "EBIT": 363,
        "Net Income": 40
    },
    "2016-12-31": {
        "Diluted EPS": 0.68,
        "Total Revenue": NaN,
        "Gross Profit": NaN,
        "Operating Income": 342,
        "EBIT": 479,
        "Net Income": 175
    },
    "2016-09-30": {
        "Diluted EPS": 0.69,
        "Total Revenue": NaN,
        "Gross Profit": NaN,
        "Operating Income": 255,
        "EBIT": 395,
        "Net Income": 183
    },
    "2016-06-30": {
        "Diluted EPS": 0.6,
        "Total Revenue": NaN,
        "Gross Profit": NaN,
        "Operating Income": 302,
        "EBIT": 446,
        "Net Income": 158
    },
    "2016-03-31": {
        "Diluted EPS": 0.12,
        "Total Revenue": NaN,
        "Gross Profit": NaN,
        "Operating Income": 191,
        "EBIT": 333,
        "Net Income": 34
    },
    "2015-12-31": {
        "Diluted EPS": 0.96,
        "Total Revenue": NaN,
        "Gross Profit": NaN,
        "Operating Income": 327,
        "EBIT": 7,
        "Net Income": 250
    },
    "2015-09-30": {
        "Diluted EPS": -0.16,
        "Total Revenue": NaN,
        "Gross Profit": 987,
        "Operating Income": -3,
        "EBIT": 314,
        "Net Income": -40
    },
    "2015-06-30": {
        "Diluted EPS": 0.04,
        "Total Revenue": NaN,
        "Gross Profit": NaN,
        "Operating Income": 378,
        "EBIT": 675,
        "Net Income": 12
    },
    "2015-03-31": {
        "Diluted EPS": 0.76,
        "Total Revenue": NaN,
        "Gross Profit": NaN,
        "Operating Income": 338,
        "EBIT": 634,
        "Net Income": 225
    },
    "2014-12-31": {
        "Diluted EPS": 0.52,
        "Total Revenue": NaN,
        "Gross Profit": NaN,
        "Operating Income": 524,
        "EBIT": 93,
        "Net Income": 156
    },
    "2014-09-30": {
        "Diluted EPS": 0.88,
        "Total Revenue": NaN,
        "Gross Profit": NaN,
        "Operating Income": 461,
        "EBIT": 810,
        "Net Income": 266
    },
    "2014-06-30": {
        "Diluted EPS": 0.88,
        "Total Revenue": NaN,
        "Gross Profit": NaN,
        "Operating Income": 483,
        "EBIT": 859,
        "Net Income": 266
    },
    "2014-03-31": {
        "Diluted EPS": 0.92,
        "Total Revenue": NaN,
        "Gross Profit": NaN,
        "Operating Income": 413,
        "EBIT": 758,
        "Net Income": 281
    },
    "2013-12-31": {
        "Diluted EPS": 0.96,
        "Total Revenue": NaN,
        "Gross Profit": NaN,
        "Operating Income": 490,
        "EBIT": 836,
        "Net Income": 306
    },
    "2013-09-30": {
        "Diluted EPS": 0.88,
        "Total Revenue": NaN,
        "Gross Profit": NaN,
        "Operating Income": 490,
        "EBIT": 830,
        "Net Income": 286
    },
    "2013-06-30": {
        "Diluted EPS": 0.84,
        "Total Revenue": NaN,
        "Gross Profit": NaN,
        "Operating Income": 507,
        "EBIT": 850,
        "Net Income": 271
    },
    "2013-03-31": {
        "Diluted EPS": 0.92,
        "Total Revenue": NaN,
        "Gross Profit": NaN,
        "Operating Income": 392,
        "EBIT": 721,
        "Net Income": 296
    },
    "2012-12-31": {
        "Diluted EPS": 1.04,
        "Total Revenue": NaN,
        "Gross Profit": NaN,
        "Operating Income": 523,
        "EBIT": 859,
        "Net Income": 335
    },
    "2012-09-30": {
        "Diluted EPS": 0.84,
        "Total Revenue": NaN,
        "Gross Profit": NaN,
        "Operating Income": 468,
        "EBIT": 807,
        "Net Income": 282
    },
    "2012-06-30": {
        "Diluted EPS": 0.88,
        "Total Revenue": NaN,
        "Gross Profit": NaN,
        "Operating Income": 533,
        "EBIT": 846,
        "Net Income": 309
    },
    "2012-03-31": {
        "Diluted EPS": 0.76,
        "Total Revenue": NaN,
        "Gross Profit": NaN,
        "Operating Income": 467,
        "EBIT": 780,
        "Net Income": 269
    },
    "2011-12-31": {
        "Diluted EPS": 1.08,
        "Total Revenue": NaN,
        "Gross Profit": NaN,
        "Operating Income": 567,
        "EBIT": 928,
        "Net Income": 357
    },
    "2011-09-30": {
        "Diluted EPS": 0.88,
        "Total Revenue": NaN,
        "Gross Profit": NaN,
        "Operating Income": 536,
        "EBIT": 837,
        "Net Income": 320
    },
    "2011-06-30": {
        "Diluted EPS": 0.88,
        "Total Revenue": NaN,
        "Gross Profit": NaN,
        "Operating Income": 583,
        "EBIT": 881,
        "Net Income": 313
    },
    "2011-03-31": {
        "Diluted EPS": 0.76,
        "Total Revenue": NaN,
        "Gross Profit": NaN,
        "Operating Income": 498,
        "EBIT": 789,
        "Net Income": 281
    },
    "2010-12-31": {
        "Diluted EPS": 0.56,
        "Total Revenue": NaN,
        "Gross Profit": NaN,
        "Operating Income": 619,
        "EBIT": 912,
        "Net Income": 159
    },
    "2010-09-30": {
        "Diluted EPS": 0.68,
        "Total Revenue": NaN,
        "Gross Profit": NaN,
        "Operating Income": 498,
        "EBIT": 782,
        "Net Income": 244
    },
    "2010-06-30": {
        "Diluted EPS": 0.64,
        "Total Revenue": NaN,
        "Gross Profit": NaN,
        "Operating Income": 559,
        "EBIT": 838,
        "Net Income": 227
    },
    "2010-03-31": {
        "Diluted EPS": -0.16,
        "Total Revenue": NaN,
        "Gross Profit": NaN,
        "Operating Income": 400,
        "EBIT": 641,
        "Net Income": -45
    },
    "2009-12-31": {
        "Diluted EPS": 0.8,
        "Total Revenue": NaN,
        "Gross Profit": NaN,
        "Operating Income": 332,
        "EBIT": 517,
        "Net Income": 180
    },
    "2009-09-30": {
        "Diluted EPS": 0.56,
        "Total Revenue": NaN,
        "Gross Profit": NaN,
        "Operating Income": 248,
        "EBIT": 424,
        "Net Income": 123
    },
    "2009-06-30": {
        "Diluted EPS": 0.64,
        "Total Revenue": NaN,
        "Gross Profit": NaN,
        "Operating Income": 283,
        "EBIT": 451,
        "Net Income": 140
    },
    "2009-03-31": {
        "Diluted EPS": 0.2,
        "Total Revenue": NaN,
        "Gross Profit": NaN,
        "Operating Income": 173,
        "EBIT": 342,
        "Net Income": 42
    },
    "2023-09-30": {
        "Tax Effect Of Unusual Items": 4522000.0,
        "Tax Rate For Calcs": 0.238,
        "Normalized EBITDA": 121000000.0,
        "Total Unusual Items": 19000000.0,
        "Total Unusual Items Excluding Goodwill": 19000000.0,
        "Net Income From Continuing Operation Net Minority Interest": 49000000.0,
        "Reconciled Depreciation": 63000000.0,
        "Reconciled Cost Of Revenue": 1065000000.0,
        "EBITDA": 140000000.0,
        "EBIT": 77000000.0,
        "Net Interest Income": -11000000.0,
        "Interest Expense": 14000000.0,
        "Interest Income": 3000000.0,
        "Normalized Income": 34522000.0,
        "Net Income From Continuing And Discontinued Operation": 49000000.0,
        "Total Expenses": 1589000000.0,
        "Diluted NI Availto Com Stockholders": 45000000.0,
        "Net Income Common Stockholders": 45000000.0,
        "Preferred Stock Dividends": 4000000.0,
        "Net Income": 49000000.0,
        "Minority Interests": 0.0,
        "Net Income Including Noncontrolling Interests": 49000000.0,
        "Net Income Continuous Operations": 49000000.0,
        "Earnings From Equity Interest Net Of Tax": 1000000.0,
        "Tax Provision": 15000000.0,
        "Pretax Income": 63000000.0,
        "Other Income Expense": 11000000.0,
        "Other Non Operating Income Expenses": -8000000.0,
        "Special Income Charges": 25000000.0,
        "Gain On Sale Of Business": 35000000.0,
        "Other Special Charges": NaN,
        "Impairment Of Capital Assets": 0.0,
        "Restructuring And Mergern Acquisition": 10000000.0,
        "Gain On Sale Of Security": -6000000.0,
        "Net Non Operating Interest Income Expense": -11000000.0,
        "Interest Expense Non Operating": 14000000.0,
        "Interest Income Non Operating": 3000000.0,
        "Operating Income": 63000000.0,
        "Operating Expense": 473000000.0,
        "Other Taxes": -7000000.0,
        "Depreciation Amortization Depletion Income Statement": 12000000.0,
        "Depreciation And Amortization In Income Statement": 12000000.0,
        "Amortization": 12000000.0,
        "Amortization Of Intangibles Income Statement": 12000000.0,
        "Research And Development": 52000000.0,
        "Selling General And Administration": 416000000.0,
        "Gross Profit": 536000000.0,
        "Cost Of Revenue": 1116000000.0,
        "Total Revenue": 1652000000.0,
        "Operating Revenue": 1652000000.0
    }
}