{
    "2023-12-31": {
        "Tax Effect Of Unusual Items": 195510.0,
        "Tax Rate For Calcs": 0.21,
        "Normalized EBITDA": -2822000.0,
        "Total Unusual Items": 931000.0,
        "Total Unusual Items Excluding Goodwill": 931000.0,
        "Net Income From Continuing Operation Net Minority Interest": -4303000.0,
        "Reconciled Depreciation": 1017000.0,
        "Reconciled Cost Of Revenue": 10971000.0,
        "EBITDA": -1891000.0,
        "EBIT": -2908000.0,
        "Net Interest Income": -802000.0,
        "Interest Expense": 818000.0,
        "Interest Income": 16000.0,
        "Normalized Income": -5038490.0,
        "Net Income From Continuing And Discontinued Operation": -4303000.0,
        "Total Expenses": 31914000.0,
        "Total Operating Income As Reported": -3806000.0,
        "Diluted Average Shares": NaN,
        "Basic Average Shares": NaN,
        "Diluted EPS": NaN,
        "Basic EPS": NaN,
        "Diluted NI Availto Com Stockholders": -4303000.0,
        "Net Income Common Stockholders": -4303000.0,
        "Otherunder Preferred Stock Dividend": NaN,
        "Net Income": -4303000.0,
        "Net Income Including Noncontrolling Interests": -4303000.0,
        "Net Income Continuous Operations": -4303000.0,
        "Tax Provision": 577000.0,
        "Pretax Income": -3726000.0,
        "Other Income Expense": 882000.0,
        "Other Non Operating Income Expenses": NaN,
        "Special Income Charges": 666000.0,
        "Restructuring And Mergern Acquisition": -666000.0,
        "Gain On Sale Of Security": NaN,
        "Net Non Operating Interest Income Expense": -802000.0,
        "Interest Expense Non Operating": 818000.0,
        "Interest Income Non Operating": 16000.0,
        "Operating Income": -3806000.0,
        "Operating Expense": 20943000.0,
        "Research And Development": 492000.0,
        "Selling General And Administration": 20451000.0,
        "Selling And Marketing Expense": 11584000.0,
        "General And Administrative Expense": 8867000.0,
        "Other Gand A": 8867000.0,
        "Gross Profit": 17137000.0,
        "Cost Of Revenue": 10971000.0,
        "Total Revenue": 28108000.0,
        "Operating Revenue": 28108000.0
    },
    "2023-09-30": {
        "Tax Effect Of Unusual Items": 2315880.0,
        "Tax Rate For Calcs": 0.21,
        "Normalized EBITDA": -2454000.0,
        "Total Unusual Items": 11028000.0,
        "Total Unusual Items Excluding Goodwill": 11028000.0,
        "Net Income From Continuing Operation Net Minority Interest": 9231000.0,
        "Reconciled Depreciation": 883000.0,
        "Reconciled Cost Of Revenue": 9685000.0,
        "EBITDA": 8574000.0,
        "EBIT": 7691000.0,
        "Net Interest Income": -712000.0,
        "Interest Expense": 760000.0,
        "Interest Income": 48000.0,
        "Normalized Income": 518880.0,
        "Net Income From Continuing And Discontinued Operation": 9231000.0,
        "Total Expenses": 28404000.0,
        "Total Operating Income As Reported": -3385000.0,
        "Diluted Average Shares": 138663274.0,
        "Basic Average Shares": 128140238.0,
        "Diluted EPS": 0.07,
        "Basic EPS": 0.07,
        "Diluted NI Availto Com Stockholders": 9231000.0,
        "Net Income Common Stockholders": 9231000.0,
        "Otherunder Preferred Stock Dividend": NaN,
        "Net Income": 9231000.0,
        "Net Income Including Noncontrolling Interests": 9231000.0,
        "Net Income Continuous Operations": 9231000.0,
        "Tax Provision": -2300000.0,
        "Pretax Income": 6931000.0,
        "Other Income Expense": 11028000.0,
        "Other Non Operating Income Expenses": NaN,
        "Special Income Charges": 11028000.0,
        "Restructuring And Mergern Acquisition": -11028000.0,
        "Gain On Sale Of Security": NaN,
        "Net Non Operating Interest Income Expense": -712000.0,
        "Interest Expense Non Operating": 760000.0,
        "Interest Income Non Operating": 48000.0,
        "Operating Income": -3385000.0,
        "Operating Expense": 18719000.0,
        "Research And Development": 490000.0,
        "Selling General And Administration": 18229000.0,
        "Selling And Marketing Expense": 11085000.0,
        "General And Administrative Expense": 7144000.0,
        "Other Gand A": 7144000.0,
        "Gross Profit": 15334000.0,
        "Cost Of Revenue": 9685000.0,
        "Total Revenue": 25019000.0,
        "Operating Revenue": 25019000.0
    },
    "2023-06-30": {
        "Tax Effect Of Unusual Items": NaN,
        "Tax Rate For Calcs": NaN,
        "Normalized EBITDA": NaN,
        "Total Unusual Items": NaN,
        "Total Unusual Items Excluding Goodwill": NaN,
        "Net Income From Continuing Operation Net Minority Interest": NaN,
        "Reconciled Depreciation": NaN,
        "Reconciled Cost Of Revenue": NaN,
        "EBITDA": NaN,
        "EBIT": NaN,
        "Net Interest Income": NaN,
        "Interest Expense": NaN,
        "Interest Income": NaN,
        "Normalized Income": NaN,
        "Net Income From Continuing And Discontinued Operation": NaN,
        "Total Expenses": NaN,
        "Total Operating Income As Reported": NaN,
        "Diluted Average Shares": 108897048.0,
        "Basic Average Shares": 108897048.0,
        "Diluted EPS": -0.02,
        "Basic EPS": -0.02,
        "Diluted NI Availto Com Stockholders": NaN,
        "Net Income Common Stockholders": NaN,
        "Otherunder Preferred Stock Dividend": NaN,
        "Net Income": NaN,
        "Net Income Including Noncontrolling Interests": NaN,
        "Net Income Continuous Operations": NaN,
        "Tax Provision": NaN,
        "Pretax Income": NaN,
        "Other Income Expense": NaN,
        "Other Non Operating Income Expenses": NaN,
        "Special Income Charges": NaN,
        "Restructuring And Mergern Acquisition": NaN,
        "Gain On Sale Of Security": NaN,
        "Net Non Operating Interest Income Expense": NaN,
        "Interest Expense Non Operating": NaN,
        "Interest Income Non Operating": NaN,
        "Operating Income": NaN,
        "Operating Expense": NaN,
        "Research And Development": NaN,
        "Selling General And Administration": NaN,
        "Selling And Marketing Expense": NaN,
        "General And Administrative Expense": NaN,
        "Other Gand A": NaN,
        "Gross Profit": NaN,
        "Cost Of Revenue": NaN,
        "Total Revenue": NaN,
        "Operating Revenue": NaN
    },
    "2023-03-31": {
        "Tax Effect Of Unusual Items": NaN,
        "Tax Rate For Calcs": NaN,
        "Normalized EBITDA": NaN,
        "Total Unusual Items": NaN,
        "Total Unusual Items Excluding Goodwill": NaN,
        "Net Income From Continuing Operation Net Minority Interest": NaN,
        "Reconciled Depreciation": NaN,
        "Reconciled Cost Of Revenue": NaN,
        "EBITDA": NaN,
        "EBIT": NaN,
        "Net Interest Income": NaN,
        "Interest Expense": NaN,
        "Interest Income": NaN,
        "Normalized Income": NaN,
        "Net Income From Continuing And Discontinued Operation": NaN,
        "Total Expenses": NaN,
        "Total Operating Income As Reported": NaN,
        "Diluted Average Shares": NaN,
        "Basic Average Shares": NaN,
        "Diluted EPS": NaN,
        "Basic EPS": NaN,
        "Diluted NI Availto Com Stockholders": NaN,
        "Net Income Common Stockholders": NaN,
        "Otherunder Preferred Stock Dividend": -471000.0,
        "Net Income": NaN,
        "Net Income Including Noncontrolling Interests": NaN,
        "Net Income Continuous Operations": NaN,
        "Tax Provision": NaN,
        "Pretax Income": NaN,
        "Other Income Expense": NaN,
        "Other Non Operating Income Expenses": NaN,
        "Special Income Charges": NaN,
        "Restructuring And Mergern Acquisition": NaN,
        "Gain On Sale Of Security": NaN,
        "Net Non Operating Interest Income Expense": NaN,
        "Interest Expense Non Operating": NaN,
        "Interest Income Non Operating": NaN,
        "Operating Income": NaN,
        "Operating Expense": NaN,
        "Research And Development": NaN,
        "Selling General And Administration": NaN,
        "Selling And Marketing Expense": NaN,
        "General And Administrative Expense": NaN,
        "Other Gand A": NaN,
        "Gross Profit": NaN,
        "Cost Of Revenue": NaN,
        "Total Revenue": NaN,
        "Operating Revenue": NaN
    },
    "2024-03-31": {
        "Tax Effect Of Unusual Items": -8190.0,
        "Tax Rate For Calcs": 0.21,
        "Normalized EBITDA": -2453000.0,
        "Total Unusual Items": -39000.0,
        "Total Unusual Items Excluding Goodwill": -39000.0,
        "Net Income From Continuing Operation Net Minority Interest": -4400000.0,
        "Reconciled Depreciation": 1005000.0,
        "Reconciled Cost Of Revenue": 10571000.0,
        "EBITDA": -2492000.0,
        "EBIT": -3497000.0,
        "Net Interest Income": -835000.0,
        "Interest Expense": 835000.0,
        "Interest Income": 0.0,
        "Normalized Income": -4369190.0,
        "Net Income From Continuing And Discontinued Operation": -4400000.0,
        "Total Expenses": 31343000.0,
        "Total Operating Income As Reported": -3470000.0,
        "Diluted Average Shares": 130201251.0,
        "Basic Average Shares": 130201251.0,
        "Diluted EPS": -0.03,
        "Basic EPS": -0.03,
        "Diluted NI Availto Com Stockholders": -3395000.0,
        "Net Income Common Stockholders": -3395000.0,
        "Otherunder Preferred Stock Dividend": -1005000.0,
        "Net Income": -4400000.0,
        "Net Income Including Noncontrolling Interests": -4400000.0,
        "Net Income Continuous Operations": -4400000.0,
        "Tax Provision": 68000.0,
        "Pretax Income": -4332000.0,
        "Other Income Expense": -27000.0,
        "Other Non Operating Income Expenses": 12000.0,
        "Special Income Charges": NaN,
        "Restructuring And Mergern Acquisition": NaN,
        "Gain On Sale Of Security": -39000.0,
        "Net Non Operating Interest Income Expense": -835000.0,
        "Interest Expense Non Operating": 835000.0,
        "Interest Income Non Operating": 0.0,
        "Operating Income": -3470000.0,
        "Operating Expense": 20772000.0,
        "Research And Development": 527000.0,
        "Selling General And Administration": 20245000.0,
        "Selling And Marketing Expense": 12460000.0,
        "General And Administrative Expense": 7785000.0,
        "Other Gand A": 7785000.0,
        "Gross Profit": 17302000.0,
        "Cost Of Revenue": 10571000.0,
        "Total Revenue": 27873000.0,
        "Operating Revenue": 27873000.0
    },
    "2022-12-31": {
        "Tax Effect Of Unusual Items": NaN,
        "Tax Rate For Calcs": NaN,
        "Normalized EBITDA": NaN,
        "Total Unusual Items": NaN,
        "Total Unusual Items Excluding Goodwill": NaN,
        "Net Income From Continuing Operation Net Minority Interest": NaN,
        "Reconciled Depreciation": NaN,
        "Reconciled Cost Of Revenue": NaN,
        "EBITDA": NaN,
        "EBIT": NaN,
        "Net Interest Income": NaN,
        "Interest Expense": NaN,
        "Interest Income": NaN,
        "Normalized Income": NaN,
        "Net Income From Continuing And Discontinued Operation": NaN,
        "Total Expenses": NaN,
        "Total Operating Income As Reported": NaN,
        "Diluted Average Shares": 108339486.0,
        "Basic Average Shares": 108339486.0,
        "Diluted EPS": -0.02,
        "Basic EPS": -0.02,
        "Diluted NI Availto Com Stockholders": NaN,
        "Net Income Common Stockholders": NaN,
        "Otherunder Preferred Stock Dividend": NaN,
        "Net Income": NaN,
        "Net Income Including Noncontrolling Interests": NaN,
        "Net Income Continuous Operations": NaN,
        "Tax Provision": NaN,
        "Pretax Income": NaN,
        "Other Income Expense": NaN,
        "Other Non Operating Income Expenses": NaN,
        "Special Income Charges": NaN,
        "Restructuring And Mergern Acquisition": NaN,
        "Gain On Sale Of Security": NaN,
        "Net Non Operating Interest Income Expense": NaN,
        "Interest Expense Non Operating": NaN,
        "Interest Income Non Operating": NaN,
        "Operating Income": NaN,
        "Operating Expense": NaN,
        "Research And Development": NaN,
        "Selling General And Administration": NaN,
        "Selling And Marketing Expense": NaN,
        "General And Administrative Expense": NaN,
        "Other Gand A": NaN,
        "Gross Profit": NaN,
        "Cost Of Revenue": NaN,
        "Total Revenue": NaN,
        "Operating Revenue": NaN
    },
    "2022-09-30": {
        "Tax Effect Of Unusual Items": NaN,
        "Tax Rate For Calcs": NaN,
        "Normalized EBITDA": NaN,
        "Total Unusual Items": 0.0,
        "Total Unusual Items Excluding Goodwill": 0.0,
        "Net Income From Continuing Operation Net Minority Interest": NaN,
        "Reconciled Depreciation": NaN,
        "Reconciled Cost Of Revenue": NaN,
        "EBITDA": NaN,
        "EBIT": NaN,
        "Net Interest Income": NaN,
        "Interest Expense": NaN,
        "Interest Income": NaN,
        "Normalized Income": NaN,
        "Net Income From Continuing And Discontinued Operation": NaN,
        "Total Expenses": NaN,
        "Total Operating Income As Reported": NaN,
        "Diluted Average Shares": NaN,
        "Basic Average Shares": NaN,
        "Diluted EPS": NaN,
        "Basic EPS": NaN,
        "Diluted NI Availto Com Stockholders": NaN,
        "Net Income Common Stockholders": NaN,
        "Otherunder Preferred Stock Dividend": NaN,
        "Net Income": NaN,
        "Net Income Including Noncontrolling Interests": NaN,
        "Net Income Continuous Operations": NaN,
        "Tax Provision": NaN,
        "Pretax Income": NaN,
        "Other Income Expense": NaN,
        "Other Non Operating Income Expenses": NaN,
        "Special Income Charges": 0.0,
        "Restructuring And Mergern Acquisition": 0.0,
        "Gain On Sale Of Security": NaN,
        "Net Non Operating Interest Income Expense": NaN,
        "Interest Expense Non Operating": NaN,
        "Interest Income Non Operating": NaN,
        "Operating Income": NaN,
        "Operating Expense": NaN,
        "Research And Development": NaN,
        "Selling General And Administration": NaN,
        "Selling And Marketing Expense": NaN,
        "General And Administrative Expense": NaN,
        "Other Gand A": NaN,
        "Gross Profit": NaN,
        "Cost Of Revenue": NaN,
        "Total Revenue": NaN,
        "Operating Revenue": NaN
    },
    "2024-06-30": {
        "Tax Effect Of Unusual Items": 24780.0,
        "Tax Rate For Calcs": 0.21,
        "Normalized EBITDA": -1953000.0,
        "Total Unusual Items": 118000.0,
        "Total Unusual Items Excluding Goodwill": 118000.0,
        "Net Income From Continuing Operation Net Minority Interest": -3861000.0,
        "Reconciled Depreciation": 998000.0,
        "Reconciled Cost Of Revenue": 11361000.0,
        "EBITDA": -1835000.0,
        "EBIT": -2833000.0,
        "Net Interest Income": -992000.0,
        "Interest Expense": 992000.0,
        "Interest Income": 0.0,
        "Normalized Income": -3954220.0,
        "Net Income From Continuing And Discontinued Operation": -3861000.0,
        "Total Expenses": 32889000.0,
        "Total Operating Income As Reported": -2946000.0,
        "Diluted Average Shares": 130269710.0,
        "Basic Average Shares": 130269710.0,
        "Diluted EPS": -0.03,
        "Basic EPS": -0.03,
        "Diluted NI Availto Com Stockholders": -3861000.0,
        "Net Income Common Stockholders": -3861000.0,
        "Otherunder Preferred Stock Dividend": NaN,
        "Net Income": -3861000.0,
        "Net Income Including Noncontrolling Interests": -3861000.0,
        "Net Income Continuous Operations": -3861000.0,
        "Tax Provision": 36000.0,
        "Pretax Income": -3825000.0,
        "Other Income Expense": 113000.0,
        "Other Non Operating Income Expenses": -5000.0,
        "Special Income Charges": NaN,
        "Restructuring And Mergern Acquisition": NaN,
        "Gain On Sale Of Security": 118000.0,
        "Net Non Operating Interest Income Expense": -992000.0,
        "Interest Expense Non Operating": 992000.0,
        "Interest Income Non Operating": 0.0,
        "Operating Income": -2946000.0,
        "Operating Expense": 21528000.0,
        "Research And Development": 636000.0,
        "Selling General And Administration": 20892000.0,
        "Selling And Marketing Expense": 13179000.0,
        "General And Administrative Expense": 7713000.0,
        "Other Gand A": 7713000.0,
        "Gross Profit": 18582000.0,
        "Cost Of Revenue": 11361000.0,
        "Total Revenue": 29943000.0,
        "Operating Revenue": 29943000.0
    },
    "2024-09-30": {
        "Tax Effect Of Unusual Items": 5670.0,
        "Tax Rate For Calcs": 0.21,
        "Normalized EBITDA": -2717000.0,
        "Total Unusual Items": 27000.0,
        "Total Unusual Items Excluding Goodwill": 27000.0,
        "Net Income From Continuing Operation Net Minority Interest": -5024000.0,
        "Reconciled Depreciation": 1073000.0,
        "Reconciled Cost Of Revenue": 11630000.0,
        "EBITDA": -2690000.0,
        "EBIT": -3763000.0,
        "Net Interest Income": -1199000.0,
        "Interest Expense": 1199000.0,
        "Interest Income": 0.0,
        "Normalized Income": -5045330.0,
        "Net Income From Continuing And Discontinued Operation": -5024000.0,
        "Total Expenses": 31714000.0,
        "Total Operating Income As Reported": -3777000.0,
        "Diluted Average Shares": 135100233.0,
        "Basic Average Shares": 135100233.0,
        "Diluted EPS": -0.04,
        "Basic EPS": -0.04,
        "Diluted NI Availto Com Stockholders": -5024000.0,
        "Net Income Common Stockholders": -5024000.0,
        "Otherunder Preferred Stock Dividend": NaN,
        "Net Income": -5024000.0,
        "Net Income Including Noncontrolling Interests": -5024000.0,
        "Net Income Continuous Operations": -5024000.0,
        "Tax Provision": 62000.0,
        "Pretax Income": -4962000.0,
        "Other Income Expense": 14000.0,
        "Other Non Operating Income Expenses": -13000.0,
        "Special Income Charges": 0.0,
        "Restructuring And Mergern Acquisition": 0.0,
        "Gain On Sale Of Security": 27000.0,
        "Net Non Operating Interest Income Expense": -1199000.0,
        "Interest Expense Non Operating": 1199000.0,
        "Interest Income Non Operating": 0.0,
        "Operating Income": -3777000.0,
        "Operating Expense": 20084000.0,
        "Research And Development": 701000.0,
        "Selling General And Administration": 19383000.0,
        "Selling And Marketing Expense": 11890000.0,
        "General And Administrative Expense": 7493000.0,
        "Other Gand A": 7493000.0,
        "Gross Profit": 16307000.0,
        "Cost Of Revenue": 11630000.0,
        "Total Revenue": 27937000.0,
        "Operating Revenue": 27937000.0
    }
}