{
    "2023-03-31": {
        "Tax Effect Of Unusual Items": NaN,
        "Tax Rate For Calcs": NaN,
        "Normalized EBITDA": NaN,
        "Total Unusual Items": NaN,
        "Total Unusual Items Excluding Goodwill": NaN,
        "Net Income From Continuing Operation Net Minority Interest": NaN,
        "Reconciled Depreciation": NaN,
        "Reconciled Cost Of Revenue": NaN,
        "EBITDA": NaN,
        "EBIT": NaN,
        "Net Interest Income": NaN,
        "Interest Expense": NaN,
        "Interest Income": NaN,
        "Normalized Income": NaN,
        "Net Income From Continuing And Discontinued Operation": NaN,
        "Total Expenses": NaN,
        "Total Operating Income As Reported": NaN,
        "Diluted Average Shares": NaN,
        "Basic Average Shares": NaN,
        "Diluted EPS": NaN,
        "Basic EPS": NaN,
        "Diluted NI Availto Com Stockholders": NaN,
        "Net Income Common Stockholders": NaN,
        "Otherunder Preferred Stock Dividend": NaN,
        "Net Income": NaN,
        "Net Income Including Noncontrolling Interests": NaN,
        "Net Income Discontinuous Operations": NaN,
        "Net Income Continuous Operations": NaN,
        "Tax Provision": NaN,
        "Pretax Income": NaN,
        "Other Income Expense": NaN,
        "Other Non Operating Income Expenses": NaN,
        "Special Income Charges": NaN,
        "Gain On Sale Of Ppe": NaN,
        "Other Special Charges": NaN,
        "Impairment Of Capital Assets": NaN,
        "Restructuring And Mergern Acquisition": NaN,
        "Gain On Sale Of Security": NaN,
        "Net Non Operating Interest Income Expense": NaN,
        "Interest Expense Non Operating": NaN,
        "Interest Income Non Operating": NaN,
        "Operating Income": NaN,
        "Operating Expense": NaN,
        "Other Operating Expenses": -146000.0,
        "Research And Development": NaN,
        "Selling General And Administration": NaN,
        "General And Administrative Expense": NaN,
        "Other Gand A": NaN,
        "Gross Profit": NaN,
        "Cost Of Revenue": NaN,
        "Total Revenue": NaN,
        "Excise Taxes": NaN,
        "Operating Revenue": NaN
    },
    "2022-12-31": {
        "Tax Effect Of Unusual Items": NaN,
        "Tax Rate For Calcs": NaN,
        "Normalized EBITDA": NaN,
        "Total Unusual Items": -971000.0,
        "Total Unusual Items Excluding Goodwill": -971000.0,
        "Net Income From Continuing Operation Net Minority Interest": NaN,
        "Reconciled Depreciation": NaN,
        "Reconciled Cost Of Revenue": NaN,
        "EBITDA": NaN,
        "EBIT": NaN,
        "Net Interest Income": NaN,
        "Interest Expense": NaN,
        "Interest Income": NaN,
        "Normalized Income": NaN,
        "Net Income From Continuing And Discontinued Operation": NaN,
        "Total Expenses": NaN,
        "Total Operating Income As Reported": NaN,
        "Diluted Average Shares": NaN,
        "Basic Average Shares": NaN,
        "Diluted EPS": NaN,
        "Basic EPS": NaN,
        "Diluted NI Availto Com Stockholders": NaN,
        "Net Income Common Stockholders": NaN,
        "Otherunder Preferred Stock Dividend": NaN,
        "Net Income": NaN,
        "Net Income Including Noncontrolling Interests": NaN,
        "Net Income Discontinuous Operations": NaN,
        "Net Income Continuous Operations": NaN,
        "Tax Provision": NaN,
        "Pretax Income": NaN,
        "Other Income Expense": NaN,
        "Other Non Operating Income Expenses": NaN,
        "Special Income Charges": NaN,
        "Gain On Sale Of Ppe": NaN,
        "Other Special Charges": NaN,
        "Impairment Of Capital Assets": NaN,
        "Restructuring And Mergern Acquisition": NaN,
        "Gain On Sale Of Security": -971000.0,
        "Net Non Operating Interest Income Expense": NaN,
        "Interest Expense Non Operating": NaN,
        "Interest Income Non Operating": NaN,
        "Operating Income": NaN,
        "Operating Expense": NaN,
        "Other Operating Expenses": NaN,
        "Research And Development": NaN,
        "Selling General And Administration": NaN,
        "General And Administrative Expense": NaN,
        "Other Gand A": NaN,
        "Gross Profit": NaN,
        "Cost Of Revenue": NaN,
        "Total Revenue": NaN,
        "Excise Taxes": NaN,
        "Operating Revenue": NaN
    },
    "2022-09-30": {
        "Tax Effect Of Unusual Items": NaN,
        "Tax Rate For Calcs": NaN,
        "Normalized EBITDA": NaN,
        "Total Unusual Items": -421000.0,
        "Total Unusual Items Excluding Goodwill": -421000.0,
        "Net Income From Continuing Operation Net Minority Interest": NaN,
        "Reconciled Depreciation": NaN,
        "Reconciled Cost Of Revenue": NaN,
        "EBITDA": NaN,
        "EBIT": NaN,
        "Net Interest Income": NaN,
        "Interest Expense": NaN,
        "Interest Income": NaN,
        "Normalized Income": NaN,
        "Net Income From Continuing And Discontinued Operation": NaN,
        "Total Expenses": NaN,
        "Total Operating Income As Reported": NaN,
        "Diluted Average Shares": NaN,
        "Basic Average Shares": NaN,
        "Diluted EPS": NaN,
        "Basic EPS": NaN,
        "Diluted NI Availto Com Stockholders": NaN,
        "Net Income Common Stockholders": NaN,
        "Otherunder Preferred Stock Dividend": NaN,
        "Net Income": NaN,
        "Net Income Including Noncontrolling Interests": NaN,
        "Net Income Discontinuous Operations": NaN,
        "Net Income Continuous Operations": NaN,
        "Tax Provision": NaN,
        "Pretax Income": NaN,
        "Other Income Expense": NaN,
        "Other Non Operating Income Expenses": NaN,
        "Special Income Charges": -41000.0,
        "Gain On Sale Of Ppe": 2000.0,
        "Other Special Charges": NaN,
        "Impairment Of Capital Assets": 0.0,
        "Restructuring And Mergern Acquisition": 43000.0,
        "Earnings From Equity Interest": 0.0,
        "Gain On Sale Of Security": -380000.0,
        "Net Non Operating Interest Income Expense": NaN,
        "Interest Expense Non Operating": NaN,
        "Interest Income Non Operating": NaN,
        "Operating Income": NaN,
        "Operating Expense": NaN,
        "Other Operating Expenses": NaN,
        "Research And Development": NaN,
        "Selling General And Administration": NaN,
        "General And Administrative Expense": 14528000.0,
        "Other Gand A": 14528000.0,
        "Gross Profit": NaN,
        "Cost Of Revenue": NaN,
        "Total Revenue": NaN,
        "Excise Taxes": NaN,
        "Operating Revenue": NaN
    },
    "2022-06-30": {
        "Tax Effect Of Unusual Items": 0.0,
        "Tax Rate For Calcs": 0.0,
        "Normalized EBITDA": -9685000.0,
        "Total Unusual Items": -993000.0,
        "Total Unusual Items Excluding Goodwill": -993000.0,
        "Net Income From Continuing Operation Net Minority Interest": -11498000.0,
        "Reconciled Depreciation": 743000.0,
        "Reconciled Cost Of Revenue": 13585000.0,
        "EBITDA": -10678000.0,
        "EBIT": -11421000.0,
        "Net Interest Income": -29000.0,
        "Interest Expense": 77000.0,
        "Interest Income": 48000.0,
        "Normalized Income": -10505000.0,
        "Net Income From Continuing And Discontinued Operation": -11498000.0,
        "Total Expenses": 24953000.0,
        "Total Operating Income As Reported": -10476000.0,
        "Diluted Average Shares": 12133999.0,
        "Basic Average Shares": 12133999.0,
        "Diluted EPS": -0.949995,
        "Basic EPS": -0.949995,
        "Diluted NI Availto Com Stockholders": -11498000.0,
        "Net Income Common Stockholders": -11498000.0,
        "Otherunder Preferred Stock Dividend": NaN,
        "Net Income": -11498000.0,
        "Net Income Including Noncontrolling Interests": -11498000.0,
        "Net Income Continuous Operations": -11498000.0,
        "Tax Provision": 0.0,
        "Pretax Income": -11498000.0,
        "Other Income Expense": -993000.0,
        "Other Non Operating Income Expenses": NaN,
        "Special Income Charges": NaN,
        "Gain On Sale Of Ppe": NaN,
        "Other Special Charges": NaN,
        "Restructuring And Mergern Acquisition": NaN,
        "Earnings From Equity Interest": 0.0,
        "Gain On Sale Of Security": -993000.0,
        "Net Non Operating Interest Income Expense": -29000.0,
        "Interest Expense Non Operating": 77000.0,
        "Interest Income Non Operating": 48000.0,
        "Operating Income": -10476000.0,
        "Operating Expense": 11368000.0,
        "Other Operating Expenses": NaN,
        "Research And Development": 1897000.0,
        "Selling General And Administration": 9471000.0,
        "Gross Profit": 892000.0,
        "Cost Of Revenue": 13585000.0,
        "Total Revenue": 14477000.0,
        "Operating Revenue": 14477000.0
    },
    "2022-03-31": {
        "Diluted EPS": -0.75,
        "Total Revenue": 9,
        "Gross Profit": 0,
        "Operating Income": -8,
        "EBIT": -8,
        "Net Income": -9
    },
    "2021-12-31": {
        "Diluted EPS": -1.35,
        "Total Revenue": 8,
        "Gross Profit": 0,
        "Operating Income": -9,
        "EBIT": -9,
        "Net Income": -14
    },
    "2021-09-30": {
        "Diluted EPS": -0.9,
        "Total Revenue": 8,
        "Gross Profit": 0,
        "Operating Income": -8,
        "EBIT": -7,
        "Net Income": -9
    },
    "2021-06-30": {
        "Diluted EPS": -0.45,
        "Total Revenue": 8,
        "Gross Profit": 0,
        "Operating Income": -7,
        "EBIT": -6,
        "Net Income": -4
    },
    "2021-03-31": {
        "Diluted EPS": -0.45,
        "Total Revenue": 7,
        "Gross Profit": 1,
        "Operating Income": -5,
        "EBIT": -5,
        "Net Income": -5
    },
    "2020-12-31": {
        "Diluted EPS": -0.6,
        "Total Revenue": 7,
        "Gross Profit": 1,
        "Operating Income": -6,
        "EBIT": -6,
        "Net Income": -6
    },
    "2020-09-30": {
        "Diluted EPS": -0.45,
        "Total Revenue": 7,
        "Gross Profit": 0,
        "Operating Income": -4,
        "EBIT": -4,
        "Net Income": -4
    },
    "2020-06-30": {
        "Diluted EPS": -0.6,
        "Total Revenue": 6,
        "Gross Profit": 0,
        "Operating Income": -5,
        "EBIT": -4,
        "Net Income": -5
    },
    "2020-03-31": {
        "Diluted EPS": -0.45,
        "Total Revenue": 7,
        "Gross Profit": 0,
        "Operating Income": -4,
        "EBIT": -4,
        "Net Income": -4
    },
    "2019-12-31": {
        "Diluted EPS": -0.75,
        "Total Revenue": 7,
        "Gross Profit": 0,
        "Operating Income": -6,
        "EBIT": -5,
        "Net Income": -6
    },
    "2019-09-30": {
        "Diluted EPS": -1.2,
        "Total Revenue": 6,
        "Gross Profit": 0,
        "Operating Income": -8,
        "EBIT": -7,
        "Net Income": -10
    },
    "2019-06-30": {
        "Diluted EPS": -0.9,
        "Total Revenue": 6,
        "Gross Profit": 0,
        "Operating Income": -5,
        "EBIT": -5,
        "Net Income": -8
    },
    "2019-03-31": {
        "Diluted EPS": -0.3,
        "Total Revenue": 6,
        "Gross Profit": 0,
        "Operating Income": -5,
        "EBIT": -5,
        "Net Income": -2
    },
    "2018-12-31": {
        "Diluted EPS": -0.9,
        "Total Revenue": 7,
        "Gross Profit": 1,
        "Operating Income": -6,
        "EBIT": -5,
        "Net Income": -9
    },
    "2018-09-30": {
        "Diluted EPS": 0.6,
        "Total Revenue": 6,
        "Gross Profit": 0,
        "Operating Income": -6,
        "EBIT": -6,
        "Net Income": 6
    },
    "2018-06-30": {
        "Diluted EPS": -0.75,
        "Total Revenue": 7,
        "Gross Profit": 0,
        "Operating Income": -7,
        "EBIT": -7,
        "Net Income": -7
    },
    "2018-03-31": {
        "Diluted EPS": 0.15,
        "Total Revenue": 6,
        "Gross Profit": 0,
        "Operating Income": -5,
        "EBIT": -5,
        "Net Income": 1
    },
    "2017-12-31": {
        "Diluted EPS": -0.45,
        "Total Revenue": 6,
        "Gross Profit": 0,
        "Operating Income": -4,
        "EBIT": -4,
        "Net Income": -4
    },
    "2017-09-30": {
        "Diluted EPS": -0.45,
        "Total Revenue": 5,
        "Gross Profit": 0,
        "Operating Income": -3,
        "EBIT": -3,
        "Net Income": -3
    },
    "2017-06-30": {
        "Diluted EPS": -0.6,
        "Total Revenue": 4,
        "Gross Profit": 0,
        "Operating Income": -3,
        "EBIT": -3,
        "Net Income": -3
    },
    "2017-03-31": {
        "Diluted EPS": -0.45,
        "Total Revenue": 2,
        "Gross Profit": 0,
        "Operating Income": -3,
        "EBIT": -3,
        "Net Income": -3
    },
    "2016-12-31": {
        "Diluted EPS": -0.6,
        "Total Revenue": 3,
        "Gross Profit": 0,
        "Operating Income": -3,
        "EBIT": -3,
        "Net Income": -3
    },
    "2016-09-30": {
        "Diluted EPS": -0.45,
        "Total Revenue": 3,
        "Gross Profit": 0,
        "Operating Income": -3,
        "EBIT": -2,
        "Net Income": -3
    },
    "2016-06-30": {
        "Diluted EPS": -0.6,
        "Total Revenue": 3,
        "Gross Profit": 0,
        "Operating Income": -3,
        "EBIT": -3,
        "Net Income": -3
    },
    "2016-03-31": {
        "Diluted EPS": -0.6,
        "Total Revenue": 3,
        "Gross Profit": 0,
        "Operating Income": -3,
        "EBIT": -3,
        "Net Income": -3
    },
    "2015-12-31": {
        "Diluted EPS": -0.6,
        "Total Revenue": 3,
        "Gross Profit": 0,
        "Operating Income": -3,
        "EBIT": -3,
        "Net Income": -3
    },
    "2015-09-30": {
        "Diluted EPS": -0.6,
        "Total Revenue": 3,
        "Gross Profit": 0,
        "Operating Income": -3,
        "EBIT": -3,
        "Net Income": -3
    },
    "2015-06-30": {
        "Diluted EPS": -0.3,
        "Total Revenue": 2,
        "Gross Profit": 0,
        "Operating Income": -2,
        "EBIT": -2,
        "Net Income": -1
    },
    "2015-03-31": {
        "Diluted EPS": -0.9,
        "Total Revenue": 1,
        "Gross Profit": 0,
        "Operating Income": -4,
        "EBIT": -4,
        "Net Income": -4
    },
    "2014-12-31": {
        "Diluted EPS": -1.35,
        "Total Revenue": 0,
        "Gross Profit": 0,
        "Operating Income": -6,
        "EBIT": -6,
        "Net Income": -6
    },
    "2014-09-30": {
        "Diluted EPS": -0.75,
        "Total Revenue": 0,
        "Gross Profit": 0,
        "Operating Income": -3,
        "EBIT": -3,
        "Net Income": -3
    },
    "2014-06-30": {
        "Diluted EPS": -0.45,
        "Total Revenue": 0,
        "Gross Profit": 0,
        "Operating Income": -2,
        "EBIT": -2,
        "Net Income": -2
    },
    "2014-03-31": {
        "Diluted EPS": -1.35,
        "Total Revenue": 0,
        "Gross Profit": 0,
        "Operating Income": -1,
        "EBIT": -1,
        "Net Income": -5
    },
    "2013-12-31": {
        "Diluted EPS": -3.0,
        "Total Revenue": 7,
        "Gross Profit": 7,
        "Operating Income": 6,
        "EBIT": 6,
        "Net Income": -8
    },
    "2013-09-30": {
        "Diluted EPS": -4.8,
        "Total Revenue": 0,
        "Gross Profit": 0,
        "Operating Income": -1,
        "EBIT": -1,
        "Net Income": -15
    },
    "2013-06-30": {
        "Diluted EPS": -0.15,
        "Total Revenue": NaN,
        "Gross Profit": NaN,
        "Operating Income": -2,
        "EBIT": -2,
        "Net Income": 0
    },
    "2013-03-31": {
        "Diluted EPS": -1.05,
        "Total Revenue": NaN,
        "Gross Profit": NaN,
        "Operating Income": -1,
        "EBIT": -1,
        "Net Income": -3
    },
    "2012-12-31": {
        "Diluted EPS": -1.95,
        "Total Revenue": 0,
        "Gross Profit": 0,
        "Operating Income": -1,
        "EBIT": 0,
        "Net Income": -4
    },
    "2012-09-30": {
        "Diluted EPS": -0.15,
        "Total Revenue": 0,
        "Gross Profit": 0,
        "Operating Income": -1,
        "EBIT": 0,
        "Net Income": 0
    },
    "2012-06-30": {
        "Diluted EPS": 0.0,
        "Total Revenue": NaN,
        "Gross Profit": NaN,
        "Operating Income": -1,
        "EBIT": -1,
        "Net Income": 0
    },
    "2012-03-31": {
        "Diluted EPS": -1.2,
        "Total Revenue": NaN,
        "Gross Profit": NaN,
        "Operating Income": 0,
        "EBIT": 0,
        "Net Income": -2
    },
    "2011-12-31": {
        "Diluted EPS": 0.6,
        "Total Revenue": 0,
        "Gross Profit": 0,
        "Operating Income": -1,
        "EBIT": -1,
        "Net Income": 1
    },
    "2011-09-30": {
        "Diluted EPS": -0.3,
        "Total Revenue": 1,
        "Gross Profit": 0,
        "Operating Income": -1,
        "EBIT": -1,
        "Net Income": 0
    },
    "2011-06-30": {
        "Diluted EPS": -0.6,
        "Total Revenue": 0,
        "Gross Profit": 0,
        "Operating Income": -1,
        "EBIT": -1,
        "Net Income": -1
    },
    "2011-03-31": {
        "Diluted EPS": -0.45,
        "Total Revenue": 0,
        "Gross Profit": 0,
        "Operating Income": -1,
        "EBIT": -1,
        "Net Income": -1
    },
    "2010-12-31": {
        "Diluted EPS": 0.0,
        "Total Revenue": NaN,
        "Gross Profit": NaN,
        "Operating Income": NaN,
        "EBIT": NaN,
        "Net Income": NaN
    },
    "2023-06-30": {
        "Tax Effect Of Unusual Items": NaN,
        "Tax Rate For Calcs": NaN,
        "Normalized EBITDA": NaN,
        "Total Unusual Items": -447000.0,
        "Total Unusual Items Excluding Goodwill": -447000.0,
        "Net Income From Continuing Operation Net Minority Interest": NaN,
        "Reconciled Depreciation": NaN,
        "Reconciled Cost Of Revenue": NaN,
        "EBITDA": NaN,
        "EBIT": NaN,
        "Net Interest Income": NaN,
        "Interest Expense": NaN,
        "Interest Income": NaN,
        "Normalized Income": NaN,
        "Net Income From Continuing And Discontinued Operation": NaN,
        "Total Expenses": NaN,
        "Total Operating Income As Reported": NaN,
        "Diluted Average Shares": 878171.0,
        "Basic Average Shares": 878171.0,
        "Diluted EPS": -23.81,
        "Basic EPS": -23.81,
        "Diluted NI Availto Com Stockholders": NaN,
        "Net Income Common Stockholders": NaN,
        "Otherunder Preferred Stock Dividend": NaN,
        "Net Income": NaN,
        "Net Income Including Noncontrolling Interests": NaN,
        "Net Income Discontinuous Operations": -6831000.0,
        "Net Income Continuous Operations": NaN,
        "Tax Provision": NaN,
        "Pretax Income": NaN,
        "Other Income Expense": -613000.0,
        "Other Non Operating Income Expenses": -613000.0,
        "Special Income Charges": 165000.0,
        "Gain On Sale Of Ppe": 28000.0,
        "Other Special Charges": 10000.0,
        "Impairment Of Capital Assets": NaN,
        "Restructuring And Mergern Acquisition": -147000.0,
        "Gain On Sale Of Security": -612000.0,
        "Net Non Operating Interest Income Expense": NaN,
        "Interest Expense Non Operating": NaN,
        "Interest Income Non Operating": NaN,
        "Operating Income": NaN,
        "Operating Expense": NaN,
        "Other Operating Expenses": NaN,
        "Research And Development": NaN,
        "Selling General And Administration": NaN,
        "General And Administrative Expense": 14796000.0,
        "Other Gand A": 14796000.0,
        "Gross Profit": NaN,
        "Cost Of Revenue": NaN,
        "Total Revenue": NaN,
        "Excise Taxes": 4329000.0,
        "Operating Revenue": NaN
    },
    "2023-09-30": {
        "Tax Effect Of Unusual Items": 0.0,
        "Tax Rate For Calcs": 0.0,
        "Normalized EBITDA": -5269000.0,
        "Total Unusual Items": -56444000.0,
        "Total Unusual Items Excluding Goodwill": -56444000.0,
        "Net Income From Continuing Operation Net Minority Interest": -8081000.0,
        "Reconciled Depreciation": 1633000.0,
        "Reconciled Cost Of Revenue": 3921000.0,
        "EBITDA": -5269000.0,
        "EBIT": -6902000.0,
        "Net Interest Income": -1100000.0,
        "Interest Expense": 1179000.0,
        "Interest Income": 79000.0,
        "Normalized Income": -8081000.0,
        "Net Income From Continuing And Discontinued Operation": -72720000.0,
        "Total Expenses": 12251000.0,
        "Total Operating Income As Reported": -8253000.0,
        "Diluted Average Shares": 1206368.0,
        "Basic Average Shares": 1206368.0,
        "Diluted EPS": -60.75,
        "Basic EPS": -60.75,
        "Diluted NI Availto Com Stockholders": -73284000.0,
        "Net Income Common Stockholders": -73284000.0,
        "Otherunder Preferred Stock Dividend": 564000.0,
        "Net Income": -72720000.0,
        "Net Income Including Noncontrolling Interests": -72720000.0,
        "Net Income Discontinuous Operations": -64639000.0,
        "Net Income Continuous Operations": -8081000.0,
        "Tax Provision": 0.0,
        "Pretax Income": -8081000.0,
        "Other Income Expense": 1272000.0,
        "Other Non Operating Income Expenses": 1272000.0,
        "Special Income Charges": -57706000.0,
        "Gain On Sale Of Ppe": 0.0,
        "Other Special Charges": 9000.0,
        "Impairment Of Capital Assets": 57311000.0,
        "Restructuring And Mergern Acquisition": 386000.0,
        "Gain On Sale Of Security": 1262000.0,
        "Net Non Operating Interest Income Expense": -1100000.0,
        "Interest Expense Non Operating": 1179000.0,
        "Interest Income Non Operating": 79000.0,
        "Operating Income": -8253000.0,
        "Operating Expense": 8330000.0,
        "Other Operating Expenses": 768000.0,
        "Research And Development": 623000.0,
        "Selling General And Administration": 6939000.0,
        "General And Administrative Expense": 11459000.0,
        "Other Gand A": 11459000.0,
        "Gross Profit": 77000.0,
        "Cost Of Revenue": 3921000.0,
        "Total Revenue": 3998000.0,
        "Excise Taxes": 3873000.0,
        "Operating Revenue": 7871000.0
    },
    "2023-12-31": {
        "Tax Effect Of Unusual Items": 970.381986,
        "Tax Rate For Calcs": 1.8e-05,
        "Normalized EBITDA": 8737000.0,
        "Total Unusual Items": 55075000.0,
        "Total Unusual Items Excluding Goodwill": 55075000.0,
        "Net Income From Continuing Operation Net Minority Interest": 56755000.0,
        "Reconciled Depreciation": 609000.0,
        "Reconciled Cost Of Revenue": -27788000.0,
        "EBITDA": 63812000.0,
        "EBIT": 63203000.0,
        "Net Interest Income": -6429000.0,
        "Interest Expense": 6447000.0,
        "Interest Income": 18000.0,
        "Normalized Income": 1680970.381986,
        "Net Income From Continuing And Discontinued Operation": -29334000.0,
        "Total Expenses": -38795000.0,
        "Total Operating Income As Reported": 63728000.0,
        "Diluted Average Shares": NaN,
        "Basic Average Shares": NaN,
        "Diluted EPS": NaN,
        "Basic EPS": NaN,
        "Diluted NI Availto Com Stockholders": -38395000.0,
        "Net Income Common Stockholders": -38395000.0,
        "Otherunder Preferred Stock Dividend": 9061000.0,
        "Net Income": -29334000.0,
        "Net Income Including Noncontrolling Interests": -29334000.0,
        "Net Income Discontinuous Operations": NaN,
        "Net Income Continuous Operations": 56755000.0,
        "Tax Provision": 1000.0,
        "Pretax Income": 56756000.0,
        "Other Income Expense": 55386000.0,
        "Other Non Operating Income Expenses": 311000.0,
        "Special Income Charges": 56469000.0,
        "Gain On Sale Of Ppe": -62000.0,
        "Other Special Charges": NaN,
        "Impairment Of Capital Assets": -55880000.0,
        "Restructuring And Mergern Acquisition": 114000.0,
        "Gain On Sale Of Security": -1394000.0,
        "Net Non Operating Interest Income Expense": -6429000.0,
        "Interest Expense Non Operating": 6447000.0,
        "Interest Income Non Operating": 18000.0,
        "Operating Income": 7799000.0,
        "Operating Expense": -11007000.0,
        "Other Operating Expenses": NaN,
        "Research And Development": -2279000.0,
        "Selling General And Administration": -8728000.0,
        "General And Administrative Expense": -8728000.0,
        "Other Gand A": -8728000.0,
        "Gross Profit": -3208000.0,
        "Cost Of Revenue": -27788000.0,
        "Total Revenue": -30996000.0,
        "Excise Taxes": NaN,
        "Operating Revenue": -30996000.0
    },
    "2024-03-31": {
        "Tax Effect Of Unusual Items": 0.0,
        "Tax Rate For Calcs": 0.0,
        "Normalized EBITDA": -4106000.0,
        "Total Unusual Items": NaN,
        "Total Unusual Items Excluding Goodwill": NaN,
        "Net Income From Continuing Operation Net Minority Interest": -5450000.0,
        "Reconciled Depreciation": 328000.0,
        "Reconciled Cost Of Revenue": 4213000.0,
        "EBITDA": -4106000.0,
        "EBIT": -4434000.0,
        "Net Interest Income": -1016000.0,
        "Interest Expense": 1016000.0,
        "Interest Income": 0.0,
        "Normalized Income": -5450000.0,
        "Net Income From Continuing And Discontinued Operation": -5739000.0,
        "Total Expenses": 7518000.0,
        "Total Operating Income As Reported": -4434000.0,
        "Diluted Average Shares": 197827.0,
        "Basic Average Shares": 197827.0,
        "Diluted EPS": -47.04,
        "Basic EPS": -47.04,
        "Diluted NI Availto Com Stockholders": -9328000.0,
        "Net Income Common Stockholders": -9328000.0,
        "Otherunder Preferred Stock Dividend": 3589000.0,
        "Net Income": -5739000.0,
        "Net Income Including Noncontrolling Interests": -5739000.0,
        "Net Income Discontinuous Operations": -289000.0,
        "Net Income Continuous Operations": -5450000.0,
        "Tax Provision": 0.0,
        "Pretax Income": -5450000.0,
        "Other Income Expense": NaN,
        "Other Non Operating Income Expenses": NaN,
        "Special Income Charges": NaN,
        "Gain On Sale Of Ppe": NaN,
        "Other Special Charges": NaN,
        "Impairment Of Capital Assets": NaN,
        "Restructuring And Mergern Acquisition": NaN,
        "Gain On Sale Of Security": NaN,
        "Net Non Operating Interest Income Expense": -1016000.0,
        "Interest Expense Non Operating": 1016000.0,
        "Interest Income Non Operating": 0.0,
        "Operating Income": -4434000.0,
        "Operating Expense": 3305000.0,
        "Other Operating Expenses": -26000.0,
        "Research And Development": 425000.0,
        "Selling General And Administration": 2906000.0,
        "General And Administrative Expense": NaN,
        "Other Gand A": NaN,
        "Gross Profit": -1129000.0,
        "Cost Of Revenue": 4213000.0,
        "Total Revenue": 3084000.0,
        "Excise Taxes": 3385000.0,
        "Operating Revenue": 6469000.0
    },
    "2024-06-30": {
        "Tax Effect Of Unusual Items": 0.0,
        "Tax Rate For Calcs": 0.21,
        "Normalized EBITDA": -1376000.0,
        "Total Unusual Items": NaN,
        "Total Unusual Items Excluding Goodwill": NaN,
        "Net Income From Continuing Operation Net Minority Interest": -2214000.0,
        "Reconciled Depreciation": 311000.0,
        "Reconciled Cost Of Revenue": 3869000.0,
        "EBITDA": -1376000.0,
        "EBIT": -1687000.0,
        "Net Interest Income": -480000.0,
        "Interest Expense": 501000.0,
        "Interest Income": 21000.0,
        "Normalized Income": -2214000.0,
        "Net Income From Continuing And Discontinued Operation": -1112000.0,
        "Total Expenses": 6486000.0,
        "Total Operating Income As Reported": -2047000.0,
        "Diluted Average Shares": 7449706.0,
        "Basic Average Shares": 7449706.0,
        "Diluted EPS": -0.21,
        "Basic EPS": -0.21,
        "Diluted NI Availto Com Stockholders": -1557000.0,
        "Net Income Common Stockholders": -1557000.0,
        "Otherunder Preferred Stock Dividend": 445000.0,
        "Net Income": -1112000.0,
        "Net Income Including Noncontrolling Interests": -1112000.0,
        "Net Income Discontinuous Operations": 1102000.0,
        "Net Income Continuous Operations": -2214000.0,
        "Tax Provision": 26000.0,
        "Pretax Income": -2188000.0,
        "Other Income Expense": 339000.0,
        "Other Non Operating Income Expenses": 339000.0,
        "Special Income Charges": NaN,
        "Gain On Sale Of Ppe": NaN,
        "Other Special Charges": NaN,
        "Impairment Of Capital Assets": NaN,
        "Restructuring And Mergern Acquisition": NaN,
        "Gain On Sale Of Security": NaN,
        "Net Non Operating Interest Income Expense": -480000.0,
        "Interest Expense Non Operating": 501000.0,
        "Interest Income Non Operating": 21000.0,
        "Operating Income": -2047000.0,
        "Operating Expense": 2617000.0,
        "Other Operating Expenses": 7000.0,
        "Research And Development": 250000.0,
        "Selling General And Administration": 2360000.0,
        "General And Administrative Expense": NaN,
        "Other Gand A": NaN,
        "Gross Profit": 570000.0,
        "Cost Of Revenue": 3869000.0,
        "Total Revenue": 4439000.0,
        "Excise Taxes": 3508000.0,
        "Operating Revenue": 7947000.0
    },
    "2024-09-30": {
        "Tax Effect Of Unusual Items": 0.0,
        "Tax Rate For Calcs": 0.0,
        "Normalized EBITDA": -2962000.0,
        "Total Unusual Items": NaN,
        "Total Unusual Items Excluding Goodwill": NaN,
        "Net Income From Continuing Operation Net Minority Interest": -3585000.0,
        "Reconciled Depreciation": 312000.0,
        "Reconciled Cost Of Revenue": 3102000.0,
        "EBITDA": -2962000.0,
        "EBIT": -3274000.0,
        "Net Interest Income": -308000.0,
        "Interest Expense": 311000.0,
        "Interest Income": 3000.0,
        "Normalized Income": -3585000.0,
        "Net Income From Continuing And Discontinued Operation": -3757000.0,
        "Total Expenses": 5891000.0,
        "Total Operating Income As Reported": -3377000.0,
        "Diluted Average Shares": 13507441.0,
        "Basic Average Shares": 13507441.0,
        "Diluted EPS": -0.55,
        "Basic EPS": -0.55,
        "Diluted NI Availto Com Stockholders": -7434000.0,
        "Net Income Common Stockholders": -7434000.0,
        "Otherunder Preferred Stock Dividend": 3677000.0,
        "Net Income": -3757000.0,
        "Net Income Including Noncontrolling Interests": -3757000.0,
        "Net Income Discontinuous Operations": -172000.0,
        "Net Income Continuous Operations": -3585000.0,
        "Tax Provision": 0.0,
        "Pretax Income": -3585000.0,
        "Other Income Expense": 100000.0,
        "Other Non Operating Income Expenses": 100000.0,
        "Special Income Charges": NaN,
        "Gain On Sale Of Ppe": NaN,
        "Other Special Charges": NaN,
        "Impairment Of Capital Assets": NaN,
        "Restructuring And Mergern Acquisition": NaN,
        "Gain On Sale Of Security": NaN,
        "Net Non Operating Interest Income Expense": -308000.0,
        "Interest Expense Non Operating": 311000.0,
        "Interest Income Non Operating": 3000.0,
        "Operating Income": -3377000.0,
        "Operating Expense": 2789000.0,
        "Other Operating Expenses": 2000.0,
        "Research And Development": 240000.0,
        "Selling General And Administration": 2547000.0,
        "General And Administrative Expense": NaN,
        "Other Gand A": NaN,
        "Gross Profit": -588000.0,
        "Cost Of Revenue": 3102000.0,
        "Total Revenue": 2514000.0,
        "Excise Taxes": 3432000.0,
        "Operating Revenue": 5946000.0
    }
}