{
    "2023-03-31": {
        "Tax Effect Of Unusual Items": NaN,
        "Tax Rate For Calcs": NaN,
        "Normalized EBITDA": NaN,
        "Total Unusual Items": NaN,
        "Total Unusual Items Excluding Goodwill": NaN,
        "Net Income From Continuing Operation Net Minority Interest": NaN,
        "Reconciled Cost Of Revenue": NaN,
        "EBITDA": NaN,
        "EBIT": NaN,
        "Net Interest Income": NaN,
        "Interest Expense": NaN,
        "Normalized Income": NaN,
        "Net Income From Continuing And Discontinued Operation": NaN,
        "Total Expenses": NaN,
        "Total Operating Income As Reported": NaN,
        "Diluted Average Shares": NaN,
        "Basic Average Shares": NaN,
        "Diluted EPS": NaN,
        "Basic EPS": NaN,
        "Diluted NI Availto Com Stockholders": NaN,
        "Net Income Common Stockholders": NaN,
        "Net Income": NaN,
        "Minority Interests": NaN,
        "Net Income Including Noncontrolling Interests": NaN,
        "Net Income Continuous Operations": NaN,
        "Earnings From Equity Interest Net Of Tax": NaN,
        "Tax Provision": NaN,
        "Pretax Income": NaN,
        "Other Income Expense": NaN,
        "Other Non Operating Income Expenses": 486000.0,
        "Gain On Sale Of Security": NaN,
        "Net Non Operating Interest Income Expense": NaN,
        "Total Other Finance Cost": NaN,
        "Interest Expense Non Operating": NaN,
        "Operating Income": NaN,
        "Operating Expense": NaN,
        "Other Operating Expenses": NaN,
        "Selling General And Administration": NaN,
        "Selling And Marketing Expense": NaN,
        "General And Administrative Expense": NaN,
        "Other Gand A": NaN,
        "Gross Profit": NaN,
        "Cost Of Revenue": NaN,
        "Total Revenue": NaN,
        "Operating Revenue": NaN
    },
    "2022-12-31": {
        "Tax Effect Of Unusual Items": NaN,
        "Tax Rate For Calcs": NaN,
        "Normalized EBITDA": NaN,
        "Total Unusual Items": NaN,
        "Total Unusual Items Excluding Goodwill": NaN,
        "Net Income From Continuing Operation Net Minority Interest": NaN,
        "Reconciled Cost Of Revenue": NaN,
        "EBITDA": NaN,
        "EBIT": NaN,
        "Net Interest Income": NaN,
        "Interest Expense": NaN,
        "Normalized Income": NaN,
        "Net Income From Continuing And Discontinued Operation": NaN,
        "Total Expenses": NaN,
        "Total Operating Income As Reported": NaN,
        "Diluted Average Shares": NaN,
        "Basic Average Shares": NaN,
        "Diluted EPS": NaN,
        "Basic EPS": NaN,
        "Diluted NI Availto Com Stockholders": NaN,
        "Net Income Common Stockholders": NaN,
        "Net Income": NaN,
        "Minority Interests": NaN,
        "Net Income Including Noncontrolling Interests": NaN,
        "Net Income Continuous Operations": NaN,
        "Earnings From Equity Interest Net Of Tax": NaN,
        "Tax Provision": NaN,
        "Pretax Income": NaN,
        "Other Income Expense": NaN,
        "Other Non Operating Income Expenses": 1803000.0,
        "Gain On Sale Of Security": NaN,
        "Net Non Operating Interest Income Expense": NaN,
        "Total Other Finance Cost": -37535000.0,
        "Interest Expense Non Operating": NaN,
        "Operating Income": NaN,
        "Operating Expense": NaN,
        "Other Operating Expenses": NaN,
        "Selling General And Administration": NaN,
        "Selling And Marketing Expense": NaN,
        "General And Administrative Expense": NaN,
        "Other Gand A": NaN,
        "Gross Profit": NaN,
        "Cost Of Revenue": NaN,
        "Total Revenue": NaN,
        "Operating Revenue": NaN
    },
    "2022-09-30": {
        "Tax Effect Of Unusual Items": NaN,
        "Tax Rate For Calcs": NaN,
        "Normalized EBITDA": NaN,
        "Total Unusual Items": NaN,
        "Total Unusual Items Excluding Goodwill": NaN,
        "Net Income From Continuing Operation Net Minority Interest": NaN,
        "Reconciled Cost Of Revenue": NaN,
        "EBITDA": NaN,
        "EBIT": NaN,
        "Net Interest Income": NaN,
        "Interest Expense": NaN,
        "Normalized Income": NaN,
        "Net Income From Continuing And Discontinued Operation": NaN,
        "Total Expenses": NaN,
        "Total Operating Income As Reported": NaN,
        "Diluted Average Shares": NaN,
        "Basic Average Shares": NaN,
        "Diluted EPS": NaN,
        "Basic EPS": NaN,
        "Diluted NI Availto Com Stockholders": NaN,
        "Net Income Common Stockholders": NaN,
        "Net Income": NaN,
        "Minority Interests": NaN,
        "Net Income Including Noncontrolling Interests": NaN,
        "Net Income Continuous Operations": NaN,
        "Earnings From Equity Interest Net Of Tax": NaN,
        "Tax Provision": NaN,
        "Pretax Income": NaN,
        "Other Income Expense": NaN,
        "Other Non Operating Income Expenses": NaN,
        "Gain On Sale Of Security": NaN,
        "Net Non Operating Interest Income Expense": NaN,
        "Total Other Finance Cost": -302000.0,
        "Interest Expense Non Operating": NaN,
        "Operating Income": NaN,
        "Operating Expense": NaN,
        "Other Operating Expenses": NaN,
        "Selling General And Administration": NaN,
        "Selling And Marketing Expense": NaN,
        "General And Administrative Expense": NaN,
        "Other Gand A": NaN,
        "Gross Profit": NaN,
        "Cost Of Revenue": NaN,
        "Total Revenue": NaN,
        "Operating Revenue": NaN
    },
    "2022-06-30": {
        "Tax Effect Of Unusual Items": -271188.738685,
        "Tax Rate For Calcs": 0.036647,
        "Normalized EBITDA": -22576000.0,
        "Total Unusual Items": -7400000.0,
        "Total Unusual Items Excluding Goodwill": -7400000.0,
        "Net Income From Continuing Operation Net Minority Interest": -25215000.0,
        "Reconciled Cost Of Revenue": 168758000.0,
        "EBITDA": -29976000.0,
        "EBIT": -29976000.0,
        "Net Interest Income": 12259000.0,
        "Interest Expense": NaN,
        "Normalized Income": -18086188.738685,
        "Net Income From Continuing And Discontinued Operation": -25215000.0,
        "Total Expenses": 313927000.0,
        "Total Operating Income As Reported": -29976000.0,
        "Diluted Average Shares": 21094691.0,
        "Basic Average Shares": 21094691.0,
        "Diluted EPS": -1.0,
        "Basic EPS": -1.0,
        "Diluted NI Availto Com Stockholders": -25215000.0,
        "Net Income Common Stockholders": -25215000.0,
        "Net Income": -25215000.0,
        "Minority Interests": -183000.0,
        "Net Income Including Noncontrolling Interests": -25032000.0,
        "Net Income Continuous Operations": -25032000.0,
        "Earnings From Equity Interest Net Of Tax": -874000.0,
        "Tax Provision": -919000.0,
        "Pretax Income": -25077000.0,
        "Other Income Expense": -7360000.0,
        "Other Non Operating Income Expenses": 40000.0,
        "Gain On Sale Of Security": -7400000.0,
        "Net Non Operating Interest Income Expense": 12259000.0,
        "Total Other Finance Cost": -12259000.0,
        "Interest Expense Non Operating": NaN,
        "Operating Income": -29976000.0,
        "Operating Expense": 145169000.0,
        "Other Operating Expenses": -11417000.0,
        "Selling General And Administration": 156586000.0,
        "Selling And Marketing Expense": 58193000.0,
        "General And Administrative Expense": 98393000.0,
        "Other Gand A": 98393000.0,
        "Gross Profit": 115193000.0,
        "Cost Of Revenue": 168758000.0,
        "Total Revenue": 283951000.0,
        "Operating Revenue": 279275000.0
    },
    "2023-06-30": {
        "Tax Effect Of Unusual Items": NaN,
        "Tax Rate For Calcs": NaN,
        "Normalized EBITDA": NaN,
        "Total Unusual Items": NaN,
        "Total Unusual Items Excluding Goodwill": NaN,
        "Net Income From Continuing Operation Net Minority Interest": NaN,
        "Reconciled Cost Of Revenue": NaN,
        "EBITDA": NaN,
        "EBIT": NaN,
        "Net Interest Income": NaN,
        "Interest Expense": 12723000.0,
        "Normalized Income": NaN,
        "Net Income From Continuing And Discontinued Operation": NaN,
        "Total Expenses": NaN,
        "Total Operating Income As Reported": NaN,
        "Diluted Average Shares": NaN,
        "Basic Average Shares": NaN,
        "Diluted EPS": NaN,
        "Basic EPS": NaN,
        "Diluted NI Availto Com Stockholders": NaN,
        "Net Income Common Stockholders": NaN,
        "Net Income": NaN,
        "Minority Interests": NaN,
        "Net Income Including Noncontrolling Interests": NaN,
        "Net Income Continuous Operations": NaN,
        "Earnings From Equity Interest Net Of Tax": NaN,
        "Tax Provision": NaN,
        "Pretax Income": NaN,
        "Other Income Expense": NaN,
        "Other Non Operating Income Expenses": -3550000.0,
        "Gain On Sale Of Security": NaN,
        "Net Non Operating Interest Income Expense": NaN,
        "Total Other Finance Cost": NaN,
        "Interest Expense Non Operating": 12723000.0,
        "Operating Income": NaN,
        "Operating Expense": NaN,
        "Other Operating Expenses": NaN,
        "Selling General And Administration": NaN,
        "Selling And Marketing Expense": NaN,
        "General And Administrative Expense": NaN,
        "Other Gand A": NaN,
        "Gross Profit": NaN,
        "Cost Of Revenue": NaN,
        "Total Revenue": NaN,
        "Operating Revenue": NaN
    },
    "2023-09-30": {
        "Tax Effect Of Unusual Items": -22000.0,
        "Tax Rate For Calcs": 0.25,
        "Normalized EBITDA": -30189000.0,
        "Total Unusual Items": -88000.0,
        "Total Unusual Items Excluding Goodwill": -88000.0,
        "Net Income From Continuing Operation Net Minority Interest": -34795000.0,
        "Reconciled Cost Of Revenue": 78868000.0,
        "EBITDA": -30277000.0,
        "EBIT": -30277000.0,
        "Net Interest Income": -1884000.0,
        "Interest Expense": NaN,
        "Normalized Income": -34729000.0,
        "Net Income From Continuing And Discontinued Operation": -34795000.0,
        "Total Expenses": 175466000.0,
        "Total Operating Income As Reported": -30277000.0,
        "Diluted Average Shares": 491732.0,
        "Basic Average Shares": 491732.0,
        "Diluted EPS": -80.0,
        "Basic EPS": -80.0,
        "Diluted NI Availto Com Stockholders": -34795000.0,
        "Net Income Common Stockholders": -34795000.0,
        "Net Income": -34795000.0,
        "Minority Interests": 1000.0,
        "Net Income Including Noncontrolling Interests": -34796000.0,
        "Net Income Continuous Operations": -34796000.0,
        "Earnings From Equity Interest Net Of Tax": -2059000.0,
        "Tax Provision": 1116000.0,
        "Pretax Income": -31621000.0,
        "Other Income Expense": 540000.0,
        "Other Non Operating Income Expenses": 628000.0,
        "Gain On Sale Of Security": -88000.0,
        "Net Non Operating Interest Income Expense": -1884000.0,
        "Total Other Finance Cost": 1884000.0,
        "Interest Expense Non Operating": NaN,
        "Operating Income": -30277000.0,
        "Operating Expense": 96598000.0,
        "Other Operating Expenses": 38932000.0,
        "Selling General And Administration": 57666000.0,
        "Selling And Marketing Expense": 29608000.0,
        "General And Administrative Expense": 28058000.0,
        "Other Gand A": 28058000.0,
        "Gross Profit": 66321000.0,
        "Cost Of Revenue": 78868000.0,
        "Total Revenue": 145189000.0,
        "Operating Revenue": 142835000.0
    },
    "2023-12-31": {
        "Tax Effect Of Unusual Items": -20055750.0,
        "Tax Rate For Calcs": 0.25,
        "Normalized EBITDA": -28039000.0,
        "Total Unusual Items": -80223000.0,
        "Total Unusual Items Excluding Goodwill": -80223000.0,
        "Net Income From Continuing Operation Net Minority Interest": -65862000.0,
        "Reconciled Cost Of Revenue": 79613000.0,
        "EBITDA": -108262000.0,
        "EBIT": -108262000.0,
        "Net Interest Income": 57496000.0,
        "Interest Expense": NaN,
        "Normalized Income": -5694750.0,
        "Net Income From Continuing And Discontinued Operation": -65862000.0,
        "Total Expenses": 188666000.0,
        "Total Operating Income As Reported": -39519000.0,
        "Diluted Average Shares": 491750.0,
        "Basic Average Shares": 491750.0,
        "Diluted EPS": -120.0,
        "Basic EPS": -120.0,
        "Diluted NI Availto Com Stockholders": -65862000.0,
        "Net Income Common Stockholders": -65862000.0,
        "Net Income": -65862000.0,
        "Minority Interests": -11000.0,
        "Net Income Including Noncontrolling Interests": -65851000.0,
        "Net Income Continuous Operations": -65851000.0,
        "Earnings From Equity Interest Net Of Tax": -2331000.0,
        "Tax Provision": 1328000.0,
        "Pretax Income": -62192000.0,
        "Other Income Expense": -80169000.0,
        "Other Non Operating Income Expenses": 54000.0,
        "Gain On Sale Of Security": -80223000.0,
        "Net Non Operating Interest Income Expense": 57496000.0,
        "Total Other Finance Cost": -44698000.0,
        "Interest Expense Non Operating": NaN,
        "Operating Income": -39519000.0,
        "Operating Expense": 109053000.0,
        "Other Operating Expenses": 36616000.0,
        "Selling General And Administration": 72955000.0,
        "Selling And Marketing Expense": 28478000.0,
        "General And Administrative Expense": 44477000.0,
        "Other Gand A": 44477000.0,
        "Gross Profit": 69534000.0,
        "Cost Of Revenue": 79613000.0,
        "Total Revenue": 149147000.0,
        "Operating Revenue": 146589000.0
    },
    "2024-03-31": {
        "Tax Effect Of Unusual Items": -15665.946583,
        "Tax Rate For Calcs": 0.065004,
        "Normalized EBITDA": -9091000.0,
        "Total Unusual Items": -241000.0,
        "Total Unusual Items Excluding Goodwill": -241000.0,
        "Net Income From Continuing Operation Net Minority Interest": 3863000.0,
        "Reconciled Cost Of Revenue": 64745000.0,
        "EBITDA": -9332000.0,
        "EBIT": -9332000.0,
        "Net Interest Income": 14665000.0,
        "Interest Expense": NaN,
        "Normalized Income": 4088334.053417,
        "Net Income From Continuing And Discontinued Operation": 3863000.0,
        "Total Expenses": 137190000.0,
        "Total Operating Income As Reported": -9332000.0,
        "Diluted Average Shares": 491754.0,
        "Basic Average Shares": 491754.0,
        "Diluted EPS": 7.855558,
        "Basic EPS": 7.855558,
        "Diluted NI Availto Com Stockholders": 3863000.0,
        "Net Income Common Stockholders": 3863000.0,
        "Net Income": 3863000.0,
        "Minority Interests": -2000.0,
        "Net Income Including Noncontrolling Interests": 3865000.0,
        "Net Income Continuous Operations": 3865000.0,
        "Earnings From Equity Interest Net Of Tax": -896000.0,
        "Tax Provision": 331000.0,
        "Pretax Income": 5092000.0,
        "Other Income Expense": -241000.0,
        "Other Non Operating Income Expenses": NaN,
        "Gain On Sale Of Security": -241000.0,
        "Net Non Operating Interest Income Expense": 14665000.0,
        "Total Other Finance Cost": -14665000.0,
        "Interest Expense Non Operating": NaN,
        "Operating Income": -9332000.0,
        "Operating Expense": 72445000.0,
        "Other Operating Expenses": 31802000.0,
        "Selling General And Administration": 40643000.0,
        "Selling And Marketing Expense": 25808000.0,
        "General And Administrative Expense": 14835000.0,
        "Other Gand A": 14835000.0,
        "Gross Profit": 63113000.0,
        "Cost Of Revenue": 64745000.0,
        "Total Revenue": 127858000.0,
        "Operating Revenue": 126103000.0
    },
    "2024-06-30": {
        "Tax Effect Of Unusual Items": 642750.0,
        "Tax Rate For Calcs": 0.25,
        "Normalized EBITDA": -25660000.0,
        "Total Unusual Items": 2571000.0,
        "Total Unusual Items Excluding Goodwill": 2571000.0,
        "Net Income From Continuing Operation Net Minority Interest": -11894000.0,
        "Reconciled Cost Of Revenue": 56566000.0,
        "EBITDA": -23089000.0,
        "EBIT": -23089000.0,
        "Net Interest Income": 10928000.0,
        "Interest Expense": NaN,
        "Normalized Income": -13822250.0,
        "Net Income From Continuing And Discontinued Operation": -11894000.0,
        "Total Expenses": 129068000.0,
        "Total Operating Income As Reported": -23089000.0,
        "Diluted Average Shares": 491772.0,
        "Basic Average Shares": 491772.0,
        "Diluted EPS": -40.0,
        "Basic EPS": -40.0,
        "Diluted NI Availto Com Stockholders": -11894000.0,
        "Net Income Common Stockholders": -11894000.0,
        "Net Income": -11894000.0,
        "Minority Interests": 3000.0,
        "Net Income Including Noncontrolling Interests": -11897000.0,
        "Net Income Continuous Operations": -11897000.0,
        "Earnings From Equity Interest Net Of Tax": -1463000.0,
        "Tax Provision": 962000.0,
        "Pretax Income": -9472000.0,
        "Other Income Expense": 2689000.0,
        "Other Non Operating Income Expenses": 118000.0,
        "Gain On Sale Of Security": 2571000.0,
        "Net Non Operating Interest Income Expense": 10928000.0,
        "Total Other Finance Cost": -10928000.0,
        "Interest Expense Non Operating": NaN,
        "Operating Income": -23089000.0,
        "Operating Expense": 72502000.0,
        "Other Operating Expenses": 32136000.0,
        "Selling General And Administration": 40366000.0,
        "Selling And Marketing Expense": 21680000.0,
        "General And Administrative Expense": 18686000.0,
        "Other Gand A": 18686000.0,
        "Gross Profit": 49413000.0,
        "Cost Of Revenue": 56566000.0,
        "Total Revenue": 105979000.0,
        "Operating Revenue": 104089000.0
    },
    "2024-09-30": {
        "Tax Effect Of Unusual Items": 601250.0,
        "Tax Rate For Calcs": 0.25,
        "Normalized EBITDA": -28630000.0,
        "Total Unusual Items": 2405000.0,
        "Total Unusual Items Excluding Goodwill": 2405000.0,
        "Net Income From Continuing Operation Net Minority Interest": -30026000.0,
        "Reconciled Cost Of Revenue": 39760000.0,
        "EBITDA": -26225000.0,
        "EBIT": -26225000.0,
        "Net Interest Income": -5682000.0,
        "Interest Expense": NaN,
        "Normalized Income": -31829750.0,
        "Net Income From Continuing And Discontinued Operation": -30026000.0,
        "Total Expenses": 112916000.0,
        "Total Operating Income As Reported": -26225000.0,
        "Diluted Average Shares": 491772.0,
        "Basic Average Shares": 491772.0,
        "Diluted EPS": -80.0,
        "Basic EPS": -80.0,
        "Diluted NI Availto Com Stockholders": -30026000.0,
        "Net Income Common Stockholders": -30026000.0,
        "Net Income": -30026000.0,
        "Minority Interests": 19000.0,
        "Net Income Including Noncontrolling Interests": -30045000.0,
        "Net Income Continuous Operations": -30045000.0,
        "Earnings From Equity Interest Net Of Tax": -704000.0,
        "Tax Provision": 348000.0,
        "Pretax Income": -28993000.0,
        "Other Income Expense": 2914000.0,
        "Other Non Operating Income Expenses": 509000.0,
        "Gain On Sale Of Security": 2405000.0,
        "Net Non Operating Interest Income Expense": -5682000.0,
        "Total Other Finance Cost": 5682000.0,
        "Interest Expense Non Operating": NaN,
        "Operating Income": -26225000.0,
        "Operating Expense": 73156000.0,
        "Other Operating Expenses": 28057000.0,
        "Selling General And Administration": 45099000.0,
        "Selling And Marketing Expense": 19304000.0,
        "General And Administrative Expense": 25795000.0,
        "Other Gand A": 25795000.0,
        "Gross Profit": 46931000.0,
        "Cost Of Revenue": 39760000.0,
        "Total Revenue": 86691000.0,
        "Operating Revenue": 84859000.0
    }
}