{
    "2023-03-31": {
        "Tax Effect Of Unusual Items": 565779.326289,
        "Tax Rate For Calcs": 0.044985,
        "Normalized EBITDA": 418231000.0,
        "Total Unusual Items": 12577000.0,
        "Total Unusual Items Excluding Goodwill": 12577000.0,
        "Net Income From Continuing Operation Net Minority Interest": 408909000.0,
        "Reconciled Cost Of Revenue": 849373000.0,
        "EBITDA": 430808000.0,
        "EBIT": 430808000.0,
        "Net Interest Income": 246114000.0,
        "Interest Expense": 0.0,
        "Interest Income": 246114000.0,
        "Normalized Income": 396897779.326289,
        "Net Income From Continuing And Discontinued Operation": 408909000.0,
        "Total Expenses": 1536493000.0,
        "Total Operating Income As Reported": 165764000.0,
        "Diluted Average Shares": 1067617747.0,
        "Basic Average Shares": 1064671506.0,
        "Diluted EPS": 0.4,
        "Basic EPS": 0.4,
        "Diluted NI Availto Com Stockholders": 408909000.0,
        "Net Income Common Stockholders": 408909000.0,
        "Otherunder Preferred Stock Dividend": NaN,
        "Net Income": 408909000.0,
        "Minority Interests": -2519000.0,
        "Net Income Including Noncontrolling Interests": 411428000.0,
        "Net Income Continuous Operations": 411428000.0,
        "Tax Provision": 19380000.0,
        "Pretax Income": 430808000.0,
        "Other Income Expense": 18930000.0,
        "Other Non Operating Income Expenses": 6663000.0,
        "Earnings From Equity Interest": -310000.0,
        "Gain On Sale Of Security": 12577000.0,
        "Net Non Operating Interest Income Expense": 246114000.0,
        "Interest Expense Non Operating": 0.0,
        "Interest Income Non Operating": 246114000.0,
        "Operating Income": 165764000.0,
        "Operating Expense": 687120000.0,
        "Other Operating Expenses": -20821000.0,
        "Provision For Doubtful Accounts": 52878000.0,
        "Research And Development": 229879000.0,
        "Selling General And Administration": 425184000.0,
        "Selling And Marketing Expense": 245677000.0,
        "General And Administrative Expense": 179507000.0,
        "Other Gand A": 179507000.0,
        "Salaries And Wages": NaN,
        "Gross Profit": 852884000.0,
        "Cost Of Revenue": 849373000.0,
        "Total Revenue": 1702257000.0,
        "Operating Revenue": 1702257000.0
    },
    "2022-12-31": {
        "Tax Effect Of Unusual Items": 519822.636383,
        "Tax Rate For Calcs": 0.067256,
        "Normalized EBITDA": 202066000.0,
        "Total Unusual Items": 7729000.0,
        "Total Unusual Items Excluding Goodwill": 7729000.0,
        "Net Income From Continuing Operation Net Minority Interest": 193840000.0,
        "Reconciled Cost Of Revenue": 951779000.0,
        "EBITDA": 209795000.0,
        "EBIT": 209795000.0,
        "Net Interest Income": 202324000.0,
        "Interest Expense": 0.0,
        "Interest Income": 202324000.0,
        "Normalized Income": 186630822.636383,
        "Net Income From Continuing And Discontinued Operation": 193840000.0,
        "Total Expenses": 1927743000.0,
        "Total Operating Income As Reported": -5270000.0,
        "Diluted Average Shares": 1065268812.0,
        "Basic Average Shares": 1062342784.0,
        "Diluted EPS": 0.2,
        "Basic EPS": 0.2,
        "Diluted NI Availto Com Stockholders": 193840000.0,
        "Net Income Common Stockholders": 193840000.0,
        "Otherunder Preferred Stock Dividend": NaN,
        "Net Income": 193840000.0,
        "Minority Interests": -1845000.0,
        "Net Income Including Noncontrolling Interests": 195685000.0,
        "Net Income Continuous Operations": 195685000.0,
        "Tax Provision": 14110000.0,
        "Pretax Income": 209795000.0,
        "Other Income Expense": 12741000.0,
        "Other Non Operating Income Expenses": 5085000.0,
        "Earnings From Equity Interest": -73000.0,
        "Gain On Sale Of Security": 7729000.0,
        "Net Non Operating Interest Income Expense": 202324000.0,
        "Interest Expense Non Operating": 0.0,
        "Interest Income Non Operating": 202324000.0,
        "Operating Income": -5270000.0,
        "Operating Expense": 975964000.0,
        "Other Operating Expenses": -17453000.0,
        "Provision For Doubtful Accounts": 53900000.0,
        "Research And Development": 250207000.0,
        "Selling General And Administration": 689310000.0,
        "Selling And Marketing Expense": 281129000.0,
        "General And Administrative Expense": 408181000.0,
        "Other Gand A": 408181000.0,
        "Salaries And Wages": NaN,
        "Gross Profit": 970694000.0,
        "Cost Of Revenue": 951779000.0,
        "Total Revenue": 1922473000.0,
        "Operating Revenue": 1922473000.0
    },
    "2022-09-30": {
        "Tax Effect Of Unusual Items": NaN,
        "Tax Rate For Calcs": NaN,
        "Normalized EBITDA": NaN,
        "Total Unusual Items": NaN,
        "Total Unusual Items Excluding Goodwill": NaN,
        "Net Income From Continuing Operation Net Minority Interest": NaN,
        "Reconciled Cost Of Revenue": NaN,
        "EBITDA": NaN,
        "EBIT": NaN,
        "Net Interest Income": NaN,
        "Interest Expense": NaN,
        "Interest Income": NaN,
        "Normalized Income": NaN,
        "Net Income From Continuing And Discontinued Operation": NaN,
        "Total Expenses": NaN,
        "Total Operating Income As Reported": NaN,
        "Diluted Average Shares": 1065886592.0,
        "Basic Average Shares": 1061262418.0,
        "Diluted EPS": 0.4,
        "Basic EPS": 0.4,
        "Diluted NI Availto Com Stockholders": NaN,
        "Net Income Common Stockholders": NaN,
        "Otherunder Preferred Stock Dividend": 0.0,
        "Net Income": NaN,
        "Minority Interests": NaN,
        "Net Income Including Noncontrolling Interests": NaN,
        "Net Income Continuous Operations": NaN,
        "Tax Provision": NaN,
        "Pretax Income": NaN,
        "Other Income Expense": NaN,
        "Other Non Operating Income Expenses": NaN,
        "Earnings From Equity Interest": NaN,
        "Gain On Sale Of Security": NaN,
        "Net Non Operating Interest Income Expense": NaN,
        "Interest Expense Non Operating": NaN,
        "Interest Income Non Operating": NaN,
        "Operating Income": NaN,
        "Operating Expense": NaN,
        "Other Operating Expenses": NaN,
        "Provision For Doubtful Accounts": NaN,
        "Research And Development": NaN,
        "Selling General And Administration": NaN,
        "Selling And Marketing Expense": NaN,
        "General And Administrative Expense": NaN,
        "Other Gand A": NaN,
        "Salaries And Wages": NaN,
        "Gross Profit": NaN,
        "Cost Of Revenue": NaN,
        "Total Revenue": NaN,
        "Operating Revenue": NaN
    },
    "2022-06-30": {
        "Tax Effect Of Unusual Items": -7418959.356478,
        "Tax Rate For Calcs": 0.170195,
        "Normalized EBITDA": 59012000.0,
        "Total Unusual Items": -43591000.0,
        "Total Unusual Items Excluding Goodwill": -43591000.0,
        "Net Income From Continuing Operation Net Minority Interest": 11411000.0,
        "Reconciled Cost Of Revenue": 925937000.0,
        "EBITDA": 15421000.0,
        "EBIT": 15421000.0,
        "Net Interest Income": 106766000.0,
        "Interest Expense": 68000.0,
        "Interest Income": 106834000.0,
        "Normalized Income": 47583040.643522,
        "Net Income From Continuing And Discontinued Operation": 11411000.0,
        "Total Expenses": 1716466000.0,
        "Total Operating Income As Reported": -46415000.0,
        "Diluted Average Shares": 1084796133.0,
        "Basic Average Shares": 1082581419.0,
        "Diluted EPS": 0.010519,
        "Basic EPS": 0.010541,
        "Diluted NI Availto Com Stockholders": 11411000.0,
        "Net Income Common Stockholders": 11411000.0,
        "Otherunder Preferred Stock Dividend": 0.0,
        "Net Income": 11411000.0,
        "Minority Interests": -1329000.0,
        "Net Income Including Noncontrolling Interests": 12740000.0,
        "Net Income Continuous Operations": 12740000.0,
        "Tax Provision": 2613000.0,
        "Pretax Income": 15353000.0,
        "Other Income Expense": -44998000.0,
        "Other Non Operating Income Expenses": -799000.0,
        "Special Income Charges": NaN,
        "Write Off": NaN,
        "Earnings From Equity Interest": -608000.0,
        "Gain On Sale Of Security": -43591000.0,
        "Net Non Operating Interest Income Expense": 106766000.0,
        "Interest Expense Non Operating": 68000.0,
        "Interest Income Non Operating": 106834000.0,
        "Operating Income": -46415000.0,
        "Operating Expense": 790529000.0,
        "Other Operating Expenses": -6891000.0,
        "Provision For Doubtful Accounts": 40080000.0,
        "Research And Development": 216373000.0,
        "Selling General And Administration": 540967000.0,
        "Selling And Marketing Expense": 196186000.0,
        "General And Administrative Expense": 344781000.0,
        "Other Gand A": 344781000.0,
        "Salaries And Wages": NaN,
        "Gross Profit": 744114000.0,
        "Cost Of Revenue": 925937000.0,
        "Total Revenue": 1670051000.0,
        "Operating Revenue": 1670051000.0
    },
    "2022-03-31": {
        "Diluted EPS": -0.03,
        "Total Revenue": 210,
        "Gross Profit": 102,
        "Operating Income": -40,
        "EBIT": -40,
        "Net Income": -30
    },
    "2021-09-30": {
        "Diluted EPS": -0.03,
        "Total Revenue": 193,
        "Gross Profit": 62,
        "Operating Income": -31,
        "EBIT": -31,
        "Net Income": -28
    },
    "2021-06-30": {
        "Diluted EPS": -1.14,
        "Total Revenue": 173,
        "Gross Profit": 76,
        "Operating Income": -316,
        "EBIT": -316,
        "Net Income": -342
    },
    "2020-12-31": {
        "Diluted EPS": 0.0,
        "Total Revenue": NaN,
        "Gross Profit": NaN,
        "Operating Income": NaN,
        "EBIT": NaN,
        "Net Income": NaN
    },
    "2023-06-30": {
        "Tax Effect Of Unusual Items": 549068.849241,
        "Tax Rate For Calcs": 0.0422,
        "Normalized EBITDA": 622813000.0,
        "Total Unusual Items": 13011000.0,
        "Total Unusual Items Excluding Goodwill": 13011000.0,
        "Net Income From Continuing Operation Net Minority Interest": 605537000.0,
        "Reconciled Cost Of Revenue": 975269000.0,
        "EBITDA": 635824000.0,
        "EBIT": 635824000.0,
        "Net Interest Income": 285461000.0,
        "Interest Expense": 0.0,
        "Interest Income": 285461000.0,
        "Normalized Income": 593075068.849241,
        "Net Income From Continuing And Discontinued Operation": 605537000.0,
        "Total Expenses": 1728239000.0,
        "Total Operating Income As Reported": 333789000.0,
        "Diluted Average Shares": 1060942074.0,
        "Basic Average Shares": 1058851705.0,
        "Diluted EPS": 0.6,
        "Basic EPS": 0.6,
        "Diluted NI Availto Com Stockholders": 605537000.0,
        "Net Income Common Stockholders": 605537000.0,
        "Otherunder Preferred Stock Dividend": NaN,
        "Net Income": 605537000.0,
        "Minority Interests": -3455000.0,
        "Net Income Including Noncontrolling Interests": 608992000.0,
        "Net Income Continuous Operations": 608992000.0,
        "Tax Provision": 26832000.0,
        "Pretax Income": 635824000.0,
        "Other Income Expense": 16574000.0,
        "Other Non Operating Income Expenses": 4259000.0,
        "Earnings From Equity Interest": -696000.0,
        "Gain On Sale Of Security": 13011000.0,
        "Net Non Operating Interest Income Expense": 285461000.0,
        "Interest Expense Non Operating": 0.0,
        "Interest Income Non Operating": 285461000.0,
        "Operating Income": 333789000.0,
        "Operating Expense": 752970000.0,
        "Other Operating Expenses": -5355000.0,
        "Provision For Doubtful Accounts": 51146000.0,
        "Research And Development": 223696000.0,
        "Selling General And Administration": 483483000.0,
        "Selling And Marketing Expense": 281772000.0,
        "General And Administrative Expense": 201711000.0,
        "Other Gand A": 201711000.0,
        "Salaries And Wages": 81199000.0,
        "Gross Profit": 1086759000.0,
        "Cost Of Revenue": 975269000.0,
        "Total Revenue": 2062028000.0,
        "Operating Revenue": 2062028000.0
    },
    "2023-09-30": {
        "Tax Effect Of Unusual Items": 882630.182851,
        "Tax Rate For Calcs": 0.079761,
        "Normalized EBITDA": 660958000.0,
        "Total Unusual Items": 11066000.0,
        "Total Unusual Items Excluding Goodwill": 11066000.0,
        "Net Income From Continuing Operation Net Minority Interest": 614353000.0,
        "Reconciled Cost Of Revenue": 1142057000.0,
        "EBITDA": 672024000.0,
        "EBIT": 672024000.0,
        "Net Interest Income": 297249000.0,
        "Interest Expense": 0.0,
        "Interest Income": 297249000.0,
        "Normalized Income": 604169630.182851,
        "Net Income From Continuing And Discontinued Operation": 614353000.0,
        "Total Expenses": 2016857000.0,
        "Total Operating Income As Reported": 247060000.0,
        "Diluted Average Shares": 1052962633.0,
        "Basic Average Shares": 1051263384.0,
        "Diluted EPS": 0.6,
        "Basic EPS": 0.6,
        "Diluted NI Availto Com Stockholders": 614353000.0,
        "Net Income Common Stockholders": 614353000.0,
        "Otherunder Preferred Stock Dividend": NaN,
        "Net Income": 614353000.0,
        "Minority Interests": -4070000.0,
        "Net Income Including Noncontrolling Interests": 618423000.0,
        "Net Income Continuous Operations": 618423000.0,
        "Tax Provision": 53601000.0,
        "Pretax Income": 672024000.0,
        "Other Income Expense": 127715000.0,
        "Other Non Operating Income Expenses": 116885000.0,
        "Earnings From Equity Interest": -236000.0,
        "Gain On Sale Of Security": 11066000.0,
        "Net Non Operating Interest Income Expense": 297249000.0,
        "Interest Expense Non Operating": 0.0,
        "Interest Income Non Operating": 297249000.0,
        "Operating Income": 247060000.0,
        "Operating Expense": 874800000.0,
        "Other Operating Expenses": -7089000.0,
        "Provision For Doubtful Accounts": 62948000.0,
        "Research And Development": 237716000.0,
        "Selling General And Administration": 581225000.0,
        "Selling And Marketing Expense": 290782000.0,
        "General And Administrative Expense": 290443000.0,
        "Other Gand A": 290443000.0,
        "Salaries And Wages": NaN,
        "Gross Profit": 1121860000.0,
        "Cost Of Revenue": 1142057000.0,
        "Total Revenue": 2263917000.0,
        "Operating Revenue": 2263917000.0
    },
    "2023-12-31": {
        "Tax Effect Of Unusual Items": 349478.943823,
        "Tax Rate For Calcs": 0.011745,
        "Normalized EBITDA": 565485000.0,
        "Total Unusual Items": 29756000.0,
        "Total Unusual Items Excluding Goodwill": 29756000.0,
        "Net Income From Continuing Operation Net Minority Interest": 584089000.0,
        "Reconciled Cost Of Revenue": 1152317000.0,
        "EBITDA": 595241000.0,
        "EBIT": 595241000.0,
        "Net Interest Income": 313037000.0,
        "Interest Expense": 0.0,
        "Interest Income": 313037000.0,
        "Normalized Income": 554682478.943823,
        "Net Income From Continuing And Discontinued Operation": 584089000.0,
        "Total Expenses": 2157141000.0,
        "Total Operating Income As Reported": 250816000.0,
        "Diluted Average Shares": NaN,
        "Basic Average Shares": NaN,
        "Diluted EPS": NaN,
        "Basic EPS": NaN,
        "Diluted NI Availto Com Stockholders": 584089000.0,
        "Net Income Common Stockholders": 584089000.0,
        "Otherunder Preferred Stock Dividend": NaN,
        "Net Income": 584089000.0,
        "Minority Interests": -4161000.0,
        "Net Income Including Noncontrolling Interests": 588250000.0,
        "Net Income Continuous Operations": 588250000.0,
        "Tax Provision": 6991000.0,
        "Pretax Income": 595241000.0,
        "Other Income Expense": 31388000.0,
        "Other Non Operating Income Expenses": 2457000.0,
        "Earnings From Equity Interest": -825000.0,
        "Gain On Sale Of Security": 29756000.0,
        "Net Non Operating Interest Income Expense": 313037000.0,
        "Interest Expense Non Operating": 0.0,
        "Interest Income Non Operating": 313037000.0,
        "Operating Income": 250816000.0,
        "Operating Expense": 1004824000.0,
        "Other Operating Expenses": -5123000.0,
        "Provision For Doubtful Accounts": 67627000.0,
        "Research And Development": 255344000.0,
        "Selling General And Administration": 686976000.0,
        "Selling And Marketing Expense": 420960000.0,
        "General And Administrative Expense": 266016000.0,
        "Other Gand A": 266016000.0,
        "Salaries And Wages": NaN,
        "Gross Profit": 1255640000.0,
        "Cost Of Revenue": 1152317000.0,
        "Total Revenue": 2407957000.0,
        "Operating Revenue": 2407957000.0
    }
}