{
    "2023-03-31": {
        "Tax Effect Of Unusual Items": NaN,
        "Tax Rate For Calcs": NaN,
        "Normalized EBITDA": NaN,
        "Total Unusual Items": NaN,
        "Total Unusual Items Excluding Goodwill": NaN,
        "Net Income From Continuing Operation Net Minority Interest": NaN,
        "Reconciled Depreciation": NaN,
        "Reconciled Cost Of Revenue": NaN,
        "EBITDA": NaN,
        "EBIT": NaN,
        "Net Interest Income": NaN,
        "Interest Expense": NaN,
        "Interest Income": NaN,
        "Normalized Income": NaN,
        "Net Income From Continuing And Discontinued Operation": NaN,
        "Total Expenses": NaN,
        "Rent Expense Supplemental": 41000000.0,
        "Total Operating Income As Reported": NaN,
        "Diluted Average Shares": NaN,
        "Basic Average Shares": NaN,
        "Diluted EPS": NaN,
        "Basic EPS": NaN,
        "Diluted NI Availto Com Stockholders": NaN,
        "Net Income Common Stockholders": NaN,
        "Net Income": NaN,
        "Minority Interests": NaN,
        "Net Income Including Noncontrolling Interests": NaN,
        "Net Income Continuous Operations": NaN,
        "Tax Provision": NaN,
        "Pretax Income": NaN,
        "Other Income Expense": NaN,
        "Special Income Charges": NaN,
        "Other Special Charges": 16000000.0,
        "Impairment Of Capital Assets": NaN,
        "Earnings From Equity Interest": NaN,
        "Gain On Sale Of Security": 194000000.0,
        "Net Non Operating Interest Income Expense": NaN,
        "Total Other Finance Cost": NaN,
        "Interest Expense Non Operating": NaN,
        "Interest Income Non Operating": NaN,
        "Operating Income": NaN,
        "Operating Expense": NaN,
        "Other Operating Expenses": NaN,
        "Other Taxes": 189000000.0,
        "Provision For Doubtful Accounts": 3000000.0,
        "Depreciation Amortization Depletion Income Statement": 36000000.0,
        "Depreciation And Amortization In Income Statement": 36000000.0,
        "Amortization": 3000000.0,
        "Amortization Of Intangibles Income Statement": 3000000.0,
        "Depreciation Income Statement": 33000000.0,
        "Selling General And Administration": NaN,
        "Selling And Marketing Expense": NaN,
        "General And Administrative Expense": NaN,
        "Other Gand A": NaN,
        "Insurance And Claims": 2000000.0,
        "Rent And Landing Fees": 2000000.0,
        "Salaries And Wages": 91000000.0,
        "Gross Profit": NaN,
        "Cost Of Revenue": NaN,
        "Total Revenue": NaN,
        "Operating Revenue": NaN
    },
    "2022-12-31": {
        "Tax Effect Of Unusual Items": NaN,
        "Tax Rate For Calcs": NaN,
        "Normalized EBITDA": NaN,
        "Total Unusual Items": NaN,
        "Total Unusual Items Excluding Goodwill": NaN,
        "Net Income From Continuing Operation Net Minority Interest": NaN,
        "Reconciled Depreciation": NaN,
        "Reconciled Cost Of Revenue": NaN,
        "EBITDA": NaN,
        "EBIT": NaN,
        "Net Interest Income": NaN,
        "Interest Expense": NaN,
        "Interest Income": NaN,
        "Normalized Income": NaN,
        "Net Income From Continuing And Discontinued Operation": NaN,
        "Total Expenses": NaN,
        "Rent Expense Supplemental": 44457681.036907,
        "Total Operating Income As Reported": NaN,
        "Diluted Average Shares": NaN,
        "Basic Average Shares": NaN,
        "Diluted EPS": NaN,
        "Basic EPS": NaN,
        "Diluted NI Availto Com Stockholders": NaN,
        "Net Income Common Stockholders": NaN,
        "Net Income": NaN,
        "Minority Interests": NaN,
        "Net Income Including Noncontrolling Interests": NaN,
        "Net Income Continuous Operations": NaN,
        "Tax Provision": NaN,
        "Pretax Income": NaN,
        "Other Income Expense": NaN,
        "Special Income Charges": NaN,
        "Gain On Sale Of Ppe": 0.0,
        "Gain On Sale Of Business": 0.0,
        "Other Special Charges": -187409807.252628,
        "Impairment Of Capital Assets": NaN,
        "Earnings From Equity Interest": NaN,
        "Gain On Sale Of Security": 444284867.702072,
        "Net Non Operating Interest Income Expense": NaN,
        "Total Other Finance Cost": NaN,
        "Interest Expense Non Operating": NaN,
        "Interest Income Non Operating": NaN,
        "Operating Income": NaN,
        "Operating Expense": NaN,
        "Other Operating Expenses": NaN,
        "Other Taxes": -263306319.979242,
        "Provision For Doubtful Accounts": -12450273.70203,
        "Depreciation Amortization Depletion Income Statement": -37542042.622774,
        "Depreciation And Amortization In Income Statement": -37542042.622774,
        "Amortization": 2318093.817538,
        "Amortization Of Intangibles Income Statement": 2318093.817538,
        "Depreciation Income Statement": -39860136.440312,
        "Selling General And Administration": NaN,
        "Selling And Marketing Expense": NaN,
        "General And Administrative Expense": NaN,
        "Other Gand A": NaN,
        "Insurance And Claims": 150920.436291,
        "Rent And Landing Fees": -5908507.963551,
        "Salaries And Wages": 20396925.333172,
        "Gross Profit": NaN,
        "Cost Of Revenue": NaN,
        "Total Revenue": NaN,
        "Operating Revenue": NaN
    },
    "2022-09-30": {
        "Tax Effect Of Unusual Items": -4194717870.536939,
        "Tax Rate For Calcs": 0.297329,
        "Normalized EBITDA": 330137000000.0,
        "Total Unusual Items": -14108000000.0,
        "Total Unusual Items Excluding Goodwill": -14108000000.0,
        "Net Income From Continuing Operation Net Minority Interest": 91896000000.0,
        "Reconciled Depreciation": 98815000000.0,
        "Reconciled Cost Of Revenue": 527339000000.0,
        "EBITDA": 316029000000.0,
        "EBIT": 217214000000.0,
        "Net Interest Income": 16738000000.0,
        "Interest Expense": 86026000000.0,
        "Interest Income": 87286000000.0,
        "Normalized Income": 101809282129.46306,
        "Net Income From Continuing And Discontinued Operation": 91896000000.0,
        "Total Expenses": 609920000000.0,
        "Rent Expense Supplemental": NaN,
        "Total Operating Income As Reported": 95412000000.0,
        "Diluted Average Shares": 391399582.0,
        "Basic Average Shares": 391399582.0,
        "Diluted EPS": -167.55,
        "Basic EPS": -167.55,
        "Diluted NI Availto Com Stockholders": 91896000000.0,
        "Net Income Common Stockholders": 91896000000.0,
        "Net Income": 91896000000.0,
        "Minority Interests": -286000000.0,
        "Net Income Including Noncontrolling Interests": 92182000000.0,
        "Net Income Continuous Operations": 92182000000.0,
        "Tax Provision": 39006000000.0,
        "Pretax Income": 131188000000.0,
        "Other Income Expense": 4930000000.0,
        "Special Income Charges": -14108000000.0,
        "Gain On Sale Of Ppe": NaN,
        "Gain On Sale Of Business": NaN,
        "Other Special Charges": NaN,
        "Impairment Of Capital Assets": 14108000000.0,
        "Earnings From Equity Interest": 19038000000.0,
        "Gain On Sale Of Security": NaN,
        "Net Non Operating Interest Income Expense": 16738000000.0,
        "Total Other Finance Cost": -15478000000.0,
        "Interest Expense Non Operating": 86026000000.0,
        "Interest Income Non Operating": 87286000000.0,
        "Operating Income": 109520000000.0,
        "Operating Expense": 82581000000.0,
        "Other Operating Expenses": 4751000000.0,
        "Other Taxes": NaN,
        "Provision For Doubtful Accounts": NaN,
        "Depreciation Amortization Depletion Income Statement": NaN,
        "Depreciation And Amortization In Income Statement": NaN,
        "Amortization": NaN,
        "Amortization Of Intangibles Income Statement": NaN,
        "Depreciation Income Statement": NaN,
        "Selling General And Administration": 77830000000.0,
        "Selling And Marketing Expense": 53453000000.0,
        "General And Administrative Expense": 24377000000.0,
        "Other Gand A": 24377000000.0,
        "Insurance And Claims": NaN,
        "Rent And Landing Fees": NaN,
        "Salaries And Wages": NaN,
        "Gross Profit": 192101000000.0,
        "Cost Of Revenue": 527339000000.0,
        "Total Revenue": 719440000000.0,
        "Operating Revenue": 719440000000.0
    },
    "2022-06-30": {
        "Tax Effect Of Unusual Items": 0.0,
        "Tax Rate For Calcs": 0.186405,
        "Normalized EBITDA": 258520000000.0,
        "Total Unusual Items": 0.0,
        "Total Unusual Items Excluding Goodwill": 0.0,
        "Net Income From Continuing Operation Net Minority Interest": 93087000000.0,
        "Reconciled Depreciation": 81946000000.0,
        "Reconciled Cost Of Revenue": 410626000000.0,
        "EBITDA": 258520000000.0,
        "EBIT": 176574000000.0,
        "Net Interest Income": -207000000.0,
        "Interest Expense": 60960000000.0,
        "Interest Income": 53736000000.0,
        "Normalized Income": 93087000000.0,
        "Net Income From Continuing And Discontinued Operation": 93087000000.0,
        "Total Expenses": 477655000000.0,
        "Rent Expense Supplemental": NaN,
        "Total Operating Income As Reported": 100356000000.0,
        "Diluted Average Shares": 393037494.0,
        "Basic Average Shares": 393037494.0,
        "Diluted EPS": 236.84,
        "Basic EPS": 236.84,
        "Diluted NI Availto Com Stockholders": 93087000000.0,
        "Net Income Common Stockholders": 93087000000.0,
        "Net Income": 93087000000.0,
        "Minority Interests": -976000000.0,
        "Net Income Including Noncontrolling Interests": 94063000000.0,
        "Net Income Continuous Operations": 94063000000.0,
        "Tax Provision": 21551000000.0,
        "Pretax Income": 115614000000.0,
        "Other Income Expense": 15465000000.0,
        "Special Income Charges": 0.0,
        "Gain On Sale Of Ppe": NaN,
        "Gain On Sale Of Business": NaN,
        "Other Special Charges": NaN,
        "Impairment Of Capital Assets": 0.0,
        "Earnings From Equity Interest": 15465000000.0,
        "Gain On Sale Of Security": NaN,
        "Net Non Operating Interest Income Expense": -207000000.0,
        "Total Other Finance Cost": -7017000000.0,
        "Interest Expense Non Operating": 60960000000.0,
        "Interest Income Non Operating": 53736000000.0,
        "Operating Income": 100356000000.0,
        "Operating Expense": 67029000000.0,
        "Other Operating Expenses": 2923000000.0,
        "Other Taxes": NaN,
        "Provision For Doubtful Accounts": NaN,
        "Depreciation Amortization Depletion Income Statement": NaN,
        "Depreciation And Amortization In Income Statement": NaN,
        "Amortization": NaN,
        "Amortization Of Intangibles Income Statement": NaN,
        "Depreciation Income Statement": NaN,
        "Selling General And Administration": 64106000000.0,
        "Selling And Marketing Expense": 44888000000.0,
        "General And Administrative Expense": 19218000000.0,
        "Other Gand A": 19218000000.0,
        "Insurance And Claims": NaN,
        "Rent And Landing Fees": NaN,
        "Salaries And Wages": NaN,
        "Gross Profit": 167385000000.0,
        "Cost Of Revenue": 410626000000.0,
        "Total Revenue": 578011000000.0,
        "Operating Revenue": 578011000000.0
    },
    "2022-03-31": {
        "Diluted EPS": 0.68,
        "Total Revenue": NaN,
        "Gross Profit": 939,
        "Operating Income": 404,
        "EBIT": NaN,
        "Net Income": 269
    },
    "2021-12-31": {
        "Diluted EPS": 0.76,
        "Total Revenue": NaN,
        "Gross Profit": NaN,
        "Operating Income": -115,
        "EBIT": 590,
        "Net Income": 296
    },
    "2021-09-30": {
        "Diluted EPS": 0.59,
        "Total Revenue": NaN,
        "Gross Profit": 801,
        "Operating Income": 428,
        "EBIT": NaN,
        "Net Income": 232
    },
    "2021-06-30": {
        "Diluted EPS": -1.22,
        "Total Revenue": NaN,
        "Gross Profit": 710,
        "Operating Income": 309,
        "EBIT": NaN,
        "Net Income": -479
    },
    "2021-03-31": {
        "Diluted EPS": -0.06,
        "Total Revenue": NaN,
        "Gross Profit": 410,
        "Operating Income": 77,
        "EBIT": 825,
        "Net Income": -23
    },
    "2020-12-31": {
        "Diluted EPS": 1.64,
        "Total Revenue": NaN,
        "Gross Profit": 197,
        "Operating Income": 613,
        "EBIT": NaN,
        "Net Income": 646
    },
    "2020-09-30": {
        "Diluted EPS": -1.23,
        "Total Revenue": NaN,
        "Gross Profit": 147,
        "Operating Income": -300,
        "EBIT": 422,
        "Net Income": -484
    },
    "2020-06-30": {
        "Diluted EPS": -3.19,
        "Total Revenue": NaN,
        "Gross Profit": -200,
        "Operating Income": NaN,
        "EBIT": -677,
        "Net Income": NaN
    },
    "2020-03-31": {
        "Diluted EPS": 0.26,
        "Total Revenue": NaN,
        "Gross Profit": 466,
        "Operating Income": 240,
        "EBIT": NaN,
        "Net Income": 101
    },
    "2019-12-31": {
        "Diluted EPS": -0.47,
        "Total Revenue": NaN,
        "Gross Profit": 297,
        "Operating Income": -251,
        "EBIT": 608,
        "Net Income": -182
    },
    "2019-09-30": {
        "Diluted EPS": -0.64,
        "Total Revenue": NaN,
        "Gross Profit": 567,
        "Operating Income": -621,
        "EBIT": 276,
        "Net Income": -252
    },
    "2019-06-30": {
        "Diluted EPS": -0.16,
        "Total Revenue": NaN,
        "Gross Profit": 595,
        "Operating Income": 163,
        "EBIT": 909,
        "Net Income": -61
    },
    "2019-03-31": {
        "Diluted EPS": -0.54,
        "Total Revenue": NaN,
        "Gross Profit": 672,
        "Operating Income": 273,
        "EBIT": NaN,
        "Net Income": -210
    },
    "2018-12-31": {
        "Diluted EPS": 1.42,
        "Total Revenue": NaN,
        "Gross Profit": 791,
        "Operating Income": 189,
        "EBIT": NaN,
        "Net Income": 553
    },
    "2018-09-30": {
        "Diluted EPS": 1.07,
        "Total Revenue": NaN,
        "Gross Profit": 806,
        "Operating Income": 406,
        "EBIT": 690,
        "Net Income": 422
    },
    "2018-06-30": {
        "Diluted EPS": 0.22,
        "Total Revenue": NaN,
        "Gross Profit": 479,
        "Operating Income": 76,
        "EBIT": 928,
        "Net Income": 86
    },
    "2018-03-31": {
        "Diluted EPS": 0.79,
        "Total Revenue": NaN,
        "Gross Profit": 630,
        "Operating Income": 883,
        "EBIT": NaN,
        "Net Income": 309
    },
    "2017-12-31": {
        "Diluted EPS": 1.85,
        "Total Revenue": NaN,
        "Gross Profit": 516,
        "Operating Income": -19,
        "EBIT": NaN,
        "Net Income": 725
    },
    "2017-09-30": {
        "Diluted EPS": 0.01,
        "Total Revenue": NaN,
        "Gross Profit": 576,
        "Operating Income": 177,
        "EBIT": 846,
        "Net Income": 5
    },
    "2017-06-30": {
        "Diluted EPS": 0.03,
        "Total Revenue": NaN,
        "Gross Profit": 669,
        "Operating Income": 221,
        "EBIT": 997,
        "Net Income": 14
    },
    "2017-03-31": {
        "Diluted EPS": 0.0,
        "Total Revenue": NaN,
        "Gross Profit": 716,
        "Operating Income": 288,
        "EBIT": NaN,
        "Net Income": 2
    },
    "2016-12-31": {
        "Diluted EPS": 0.24,
        "Total Revenue": NaN,
        "Gross Profit": 522,
        "Operating Income": 129,
        "EBIT": 868,
        "Net Income": 95
    },
    "2016-09-30": {
        "Diluted EPS": -5.17,
        "Total Revenue": NaN,
        "Gross Profit": 524,
        "Operating Income": 108,
        "EBIT": 893,
        "Net Income": NaN
    },
    "2016-06-30": {
        "Diluted EPS": -0.13,
        "Total Revenue": NaN,
        "Gross Profit": 700,
        "Operating Income": 374,
        "EBIT": NaN,
        "Net Income": -52
    },
    "2016-03-31": {
        "Diluted EPS": 0.18,
        "Total Revenue": NaN,
        "Gross Profit": 474,
        "Operating Income": 113,
        "EBIT": 858,
        "Net Income": 69
    },
    "2015-12-31": {
        "Diluted EPS": -0.43,
        "Total Revenue": NaN,
        "Gross Profit": 773,
        "Operating Income": 20,
        "EBIT": 883,
        "Net Income": -170
    },
    "2015-09-30": {
        "Diluted EPS": 0.51,
        "Total Revenue": NaN,
        "Gross Profit": NaN,
        "Operating Income": 609,
        "EBIT": NaN,
        "Net Income": 200
    },
    "2015-06-30": {
        "Diluted EPS": 0.66,
        "Total Revenue": NaN,
        "Gross Profit": NaN,
        "Operating Income": 624,
        "EBIT": NaN,
        "Net Income": 257
    },
    "2015-03-31": {
        "Diluted EPS": 0.62,
        "Total Revenue": NaN,
        "Gross Profit": 995,
        "Operating Income": 515,
        "EBIT": NaN,
        "Net Income": 245
    },
    "2014-12-31": {
        "Diluted EPS": 0.44,
        "Total Revenue": NaN,
        "Gross Profit": NaN,
        "Operating Income": 407,
        "EBIT": NaN,
        "Net Income": 171
    },
    "2014-09-30": {
        "Diluted EPS": 0.99,
        "Total Revenue": NaN,
        "Gross Profit": NaN,
        "Operating Income": 925,
        "EBIT": NaN,
        "Net Income": 388
    },
    "2014-06-30": {
        "Diluted EPS": 0.47,
        "Total Revenue": NaN,
        "Gross Profit": NaN,
        "Operating Income": 586,
        "EBIT": NaN,
        "Net Income": 184
    },
    "2014-03-31": {
        "Diluted EPS": 0.91,
        "Total Revenue": NaN,
        "Gross Profit": 741,
        "Operating Income": 313,
        "EBIT": 842,
        "Net Income": 357
    },
    "2013-12-31": {
        "Diluted EPS": 0.62,
        "Total Revenue": NaN,
        "Gross Profit": -244,
        "Operating Income": -431,
        "EBIT": 248,
        "Net Income": 243
    },
    "2013-09-30": {
        "Diluted EPS": 0.6,
        "Total Revenue": NaN,
        "Gross Profit": 854,
        "Operating Income": 329,
        "EBIT": 838,
        "Net Income": 237
    },
    "2013-06-30": {
        "Diluted EPS": 0.25,
        "Total Revenue": NaN,
        "Gross Profit": 783,
        "Operating Income": 15,
        "EBIT": 492,
        "Net Income": 97
    },
    "2013-03-31": {
        "Diluted EPS": 0.64,
        "Total Revenue": NaN,
        "Gross Profit": 939,
        "Operating Income": 507,
        "EBIT": 948,
        "Net Income": 252
    },
    "2012-12-31": {
        "Diluted EPS": 0.57,
        "Total Revenue": NaN,
        "Gross Profit": NaN,
        "Operating Income": 628,
        "EBIT": NaN,
        "Net Income": 225
    },
    "2012-09-30": {
        "Diluted EPS": 0.42,
        "Total Revenue": NaN,
        "Gross Profit": 822,
        "Operating Income": 391,
        "EBIT": 858,
        "Net Income": 165
    },
    "2012-06-30": {
        "Diluted EPS": 0.46,
        "Total Revenue": NaN,
        "Gross Profit": 763,
        "Operating Income": 281,
        "EBIT": 714,
        "Net Income": 181
    },
    "2012-03-31": {
        "Diluted EPS": 0.94,
        "Total Revenue": NaN,
        "Gross Profit": 508,
        "Operating Income": 88,
        "EBIT": 508,
        "Net Income": 368
    },
    "2011-12-31": {
        "Diluted EPS": 0.47,
        "Total Revenue": NaN,
        "Gross Profit": NaN,
        "Operating Income": NaN,
        "EBIT": NaN,
        "Net Income": 186
    },
    "2011-09-30": {
        "Diluted EPS": 1.07,
        "Total Revenue": NaN,
        "Gross Profit": 645,
        "Operating Income": 645,
        "EBIT": 983,
        "Net Income": 422
    },
    "2011-06-30": {
        "Diluted EPS": 0.61,
        "Total Revenue": NaN,
        "Gross Profit": NaN,
        "Operating Income": 417,
        "EBIT": 702,
        "Net Income": 240
    },
    "2011-03-31": {
        "Diluted EPS": 1.11,
        "Total Revenue": NaN,
        "Gross Profit": 997,
        "Operating Income": 679,
        "EBIT": NaN,
        "Net Income": 444
    },
    "2010-12-31": {
        "Diluted EPS": 1.75,
        "Total Revenue": NaN,
        "Gross Profit": NaN,
        "Operating Income": NaN,
        "EBIT": NaN,
        "Net Income": 292
    },
    "2010-09-30": {
        "Diluted EPS": 1.0,
        "Total Revenue": NaN,
        "Gross Profit": NaN,
        "Operating Income": NaN,
        "EBIT": NaN,
        "Net Income": 391
    },
    "2010-06-30": {
        "Diluted EPS": 1.02,
        "Total Revenue": NaN,
        "Gross Profit": NaN,
        "Operating Income": NaN,
        "EBIT": NaN,
        "Net Income": 401
    },
    "2010-03-31": {
        "Diluted EPS": 0.0,
        "Total Revenue": NaN,
        "Gross Profit": 973,
        "Operating Income": 709,
        "EBIT": NaN,
        "Net Income": 401
    },
    "2009-12-31": {
        "Diluted EPS": 0.0,
        "Total Revenue": NaN,
        "Gross Profit": NaN,
        "Operating Income": NaN,
        "EBIT": NaN,
        "Net Income": 382
    },
    "2009-09-30": {
        "Diluted EPS": 0.68,
        "Total Revenue": NaN,
        "Gross Profit": NaN,
        "Operating Income": NaN,
        "EBIT": NaN,
        "Net Income": 268
    },
    "2009-06-30": {
        "Diluted EPS": 0.36,
        "Total Revenue": NaN,
        "Gross Profit": NaN,
        "Operating Income": NaN,
        "EBIT": NaN,
        "Net Income": 144
    },
    "2009-03-31": {
        "Diluted EPS": 0.0,
        "Total Revenue": NaN,
        "Gross Profit": 713,
        "Operating Income": 429,
        "EBIT": 731,
        "Net Income": 145
    },
    "2023-06-30": {
        "Tax Effect Of Unusual Items": NaN,
        "Tax Rate For Calcs": NaN,
        "Normalized EBITDA": NaN,
        "Total Unusual Items": NaN,
        "Total Unusual Items Excluding Goodwill": NaN,
        "Net Income From Continuing Operation Net Minority Interest": NaN,
        "Reconciled Depreciation": 854000000.0,
        "Reconciled Cost Of Revenue": NaN,
        "EBITDA": NaN,
        "EBIT": NaN,
        "Net Interest Income": NaN,
        "Interest Expense": NaN,
        "Interest Income": NaN,
        "Normalized Income": NaN,
        "Net Income From Continuing And Discontinued Operation": NaN,
        "Total Expenses": NaN,
        "Rent Expense Supplemental": NaN,
        "Total Operating Income As Reported": NaN,
        "Diluted Average Shares": 389534884.0,
        "Basic Average Shares": 389534884.0,
        "Diluted EPS": 0.86,
        "Basic EPS": 0.86,
        "Diluted NI Availto Com Stockholders": NaN,
        "Net Income Common Stockholders": NaN,
        "Net Income": NaN,
        "Minority Interests": NaN,
        "Net Income Including Noncontrolling Interests": NaN,
        "Net Income Continuous Operations": NaN,
        "Tax Provision": NaN,
        "Pretax Income": NaN,
        "Other Income Expense": NaN,
        "Special Income Charges": NaN,
        "Other Special Charges": NaN,
        "Impairment Of Capital Assets": NaN,
        "Earnings From Equity Interest": NaN,
        "Gain On Sale Of Security": NaN,
        "Net Non Operating Interest Income Expense": NaN,
        "Total Other Finance Cost": NaN,
        "Interest Expense Non Operating": NaN,
        "Interest Income Non Operating": NaN,
        "Operating Income": NaN,
        "Operating Expense": NaN,
        "Other Operating Expenses": NaN,
        "Other Taxes": NaN,
        "Provision For Doubtful Accounts": NaN,
        "Depreciation Amortization Depletion Income Statement": NaN,
        "Depreciation And Amortization In Income Statement": NaN,
        "Amortization": NaN,
        "Amortization Of Intangibles Income Statement": NaN,
        "Depreciation Income Statement": NaN,
        "Selling General And Administration": NaN,
        "Selling And Marketing Expense": NaN,
        "General And Administrative Expense": NaN,
        "Other Gand A": NaN,
        "Insurance And Claims": NaN,
        "Rent And Landing Fees": NaN,
        "Salaries And Wages": NaN,
        "Gross Profit": NaN,
        "Cost Of Revenue": NaN,
        "Total Revenue": NaN,
        "Operating Revenue": NaN
    },
    "2023-09-30": {
        "Tax Effect Of Unusual Items": 0.0,
        "Tax Rate For Calcs": 0.0,
        "Normalized EBITDA": 1452894724.978019,
        "Total Unusual Items": -506000000.0,
        "Total Unusual Items Excluding Goodwill": -506000000.0,
        "Net Income From Continuing Operation Net Minority Interest": -128000000.0,
        "Reconciled Depreciation": 153894724.978019,
        "Reconciled Cost Of Revenue": 3689000000.0,
        "EBITDA": 946894724.978019,
        "EBIT": 793000000.0,
        "Net Interest Income": 206000000.0,
        "Interest Expense": 930000000.0,
        "Interest Income": 1042000000.0,
        "Normalized Income": 378000000.0,
        "Net Income From Continuing And Discontinued Operation": -128000000.0,
        "Total Expenses": 4385000000.0,
        "Rent Expense Supplemental": NaN,
        "Total Operating Income As Reported": -387000000.0,
        "Diluted Average Shares": 387878788.0,
        "Basic Average Shares": 387878788.0,
        "Diluted EPS": -0.33,
        "Basic EPS": -0.33,
        "Diluted NI Availto Com Stockholders": -128000000.0,
        "Net Income Common Stockholders": -128000000.0,
        "Net Income": -128000000.0,
        "Minority Interests": 9000000.0,
        "Net Income Including Noncontrolling Interests": -137000000.0,
        "Net Income Continuous Operations": -137000000.0,
        "Tax Provision": 0.0,
        "Pretax Income": -137000000.0,
        "Other Income Expense": -462000000.0,
        "Special Income Charges": -506000000.0,
        "Other Special Charges": NaN,
        "Impairment Of Capital Assets": 506000000.0,
        "Earnings From Equity Interest": 44000000.0,
        "Gain On Sale Of Security": NaN,
        "Net Non Operating Interest Income Expense": 206000000.0,
        "Total Other Finance Cost": -94000000.0,
        "Interest Expense Non Operating": 930000000.0,
        "Interest Income Non Operating": 1042000000.0,
        "Operating Income": 119000000.0,
        "Operating Expense": 696000000.0,
        "Other Operating Expenses": 19000000.0,
        "Other Taxes": NaN,
        "Provision For Doubtful Accounts": NaN,
        "Depreciation Amortization Depletion Income Statement": NaN,
        "Depreciation And Amortization In Income Statement": NaN,
        "Amortization": NaN,
        "Amortization Of Intangibles Income Statement": NaN,
        "Depreciation Income Statement": NaN,
        "Selling General And Administration": 677000000.0,
        "Selling And Marketing Expense": 483000000.0,
        "General And Administrative Expense": 194000000.0,
        "Other Gand A": 194000000.0,
        "Insurance And Claims": NaN,
        "Rent And Landing Fees": NaN,
        "Salaries And Wages": NaN,
        "Gross Profit": 815000000.0,
        "Cost Of Revenue": 3689000000.0,
        "Total Revenue": 4504000000.0,
        "Operating Revenue": 4504000000.0
    },
    "2023-12-31": {
        "Tax Effect Of Unusual Items": -292324729.8874,
        "Tax Rate For Calcs": 0.35,
        "Normalized EBITDA": 2268523052.067355,
        "Total Unusual Items": -835213513.964001,
        "Total Unusual Items Excluding Goodwill": -835213513.964001,
        "Net Income From Continuing Operation Net Minority Interest": -1502965243.51847,
        "Reconciled Depreciation": 1490105275.021981,
        "Reconciled Cost Of Revenue": 4568267423.474573,
        "EBITDA": 1433309538.103354,
        "EBIT": -56795736.918627,
        "Net Interest Income": -528434755.502574,
        "Interest Expense": 509800731.715702,
        "Interest Income": 152846528.738546,
        "Normalized Income": -960076459.441869,
        "Net Income From Continuing And Discontinued Operation": -1502965243.51847,
        "Total Expenses": 6789519513.654341,
        "Rent Expense Supplemental": 81404824.189549,
        "Total Operating Income As Reported": -967085243.450916,
        "Diluted Average Shares": NaN,
        "Basic Average Shares": NaN,
        "Diluted EPS": NaN,
        "Basic EPS": NaN,
        "Diluted NI Availto Com Stockholders": -1502965243.51847,
        "Net Income Common Stockholders": -1502965243.51847,
        "Net Income": -1502965243.51847,
        "Minority Interests": 1312993.963416,
        "Net Income Including Noncontrolling Interests": -1504278237.481885,
        "Net Income Continuous Operations": -1504278237.481885,
        "Tax Provision": 937681768.847556,
        "Pretax Income": -566596468.634329,
        "Other Income Expense": -889997748.571475,
        "Special Income Charges": -1796921278.890635,
        "Other Special Charges": 14913051.704683,
        "Impairment Of Capital Assets": 1782008227.185952,
        "Earnings From Equity Interest": -54784234.607474,
        "Gain On Sale Of Security": 961707764.926634,
        "Net Non Operating Interest Income Expense": -528434755.502574,
        "Total Other Finance Cost": 171480552.525418,
        "Interest Expense Non Operating": 509800731.715702,
        "Interest Income Non Operating": 152846528.738546,
        "Operating Income": 851836035.439719,
        "Operating Expense": 795944088.093732,
        "Other Operating Expenses": -283968138.911543,
        "Other Taxes": 313916922.504962,
        "Provision For Doubtful Accounts": 4343268.626876,
        "Depreciation Amortization Depletion Income Statement": 64797272.935945,
        "Depreciation And Amortization In Income Statement": 64797272.935945,
        "Amortization": -1378380.366618,
        "Amortization Of Intangibles Income Statement": -1378380.366618,
        "Depreciation Income Statement": 66175653.302563,
        "Selling General And Administration": 670539406.13914,
        "Selling And Marketing Expense": 336474680.503045,
        "General And Administrative Expense": 334064725.636095,
        "Other Gand A": 116900583.775889,
        "Insurance And Claims": 2625175.793562,
        "Rent And Landing Fees": 8418385.944953,
        "Salaries And Wages": 206120580.12169,
        "Gross Profit": 1647780123.533451,
        "Cost Of Revenue": 5993575425.560609,
        "Total Revenue": 7641355549.09406,
        "Operating Revenue": 7641355549.09406
    },
    "2024-03-31": {
        "Tax Effect Of Unusual Items": 5600000.0,
        "Tax Rate For Calcs": 0.35,
        "Normalized EBITDA": 1456000000.0,
        "Total Unusual Items": 16000000.0,
        "Total Unusual Items Excluding Goodwill": 16000000.0,
        "Net Income From Continuing Operation Net Minority Interest": 657000000.0,
        "Reconciled Depreciation": 652000000.0,
        "Reconciled Cost Of Revenue": 2404000000.0,
        "EBITDA": 1472000000.0,
        "EBIT": 820000000.0,
        "Net Interest Income": -283000000.0,
        "Interest Expense": 284000000.0,
        "Interest Income": 35000000.0,
        "Normalized Income": 646600000.0,
        "Net Income From Continuing And Discontinued Operation": 657000000.0,
        "Total Expenses": 3605000000.0,
        "Rent Expense Supplemental": 51000000.0,
        "Total Operating Income As Reported": 666000000.0,
        "Diluted Average Shares": 395783133.0,
        "Basic Average Shares": 395783133.0,
        "Diluted EPS": 1.66,
        "Basic EPS": 1.66,
        "Diluted NI Availto Com Stockholders": 657000000.0,
        "Net Income Common Stockholders": 657000000.0,
        "Net Income": 657000000.0,
        "Minority Interests": -8000000.0,
        "Net Income Including Noncontrolling Interests": 657000000.0,
        "Net Income Continuous Operations": 657000000.0,
        "Tax Provision": -121000000.0,
        "Pretax Income": 536000000.0,
        "Other Income Expense": 145000000.0,
        "Special Income Charges": -8000000.0,
        "Other Special Charges": 8000000.0,
        "Impairment Of Capital Assets": 0.0,
        "Earnings From Equity Interest": 129000000.0,
        "Gain On Sale Of Security": 24000000.0,
        "Net Non Operating Interest Income Expense": -283000000.0,
        "Total Other Finance Cost": 34000000.0,
        "Interest Expense Non Operating": 284000000.0,
        "Interest Income Non Operating": 35000000.0,
        "Operating Income": 674000000.0,
        "Operating Expense": 586000000.0,
        "Other Operating Expenses": -22000000.0,
        "Other Taxes": 212000000.0,
        "Provision For Doubtful Accounts": 35000000.0,
        "Depreciation Amortization Depletion Income Statement": 37000000.0,
        "Depreciation And Amortization In Income Statement": 37000000.0,
        "Amortization": 3000000.0,
        "Amortization Of Intangibles Income Statement": 3000000.0,
        "Depreciation Income Statement": 34000000.0,
        "Selling General And Administration": 309000000.0,
        "Selling And Marketing Expense": 159000000.0,
        "General And Administrative Expense": 150000000.0,
        "Other Gand A": 57000000.0,
        "Insurance And Claims": 3000000.0,
        "Rent And Landing Fees": 3000000.0,
        "Salaries And Wages": 87000000.0,
        "Gross Profit": 1260000000.0,
        "Cost Of Revenue": 3019000000.0,
        "Total Revenue": 4279000000.0,
        "Operating Revenue": 4279000000.0
    },
    "2024-06-30": {
        "Tax Effect Of Unusual Items": -1750000.0,
        "Tax Rate For Calcs": 0.35,
        "Normalized EBITDA": 1407000000.0,
        "Total Unusual Items": -5000000.0,
        "Total Unusual Items Excluding Goodwill": -5000000.0,
        "Net Income From Continuing Operation Net Minority Interest": 519000000.0,
        "Reconciled Depreciation": 638000000.0,
        "Reconciled Cost Of Revenue": 3457000000.0,
        "EBITDA": 1402000000.0,
        "EBIT": 764000000.0,
        "Net Interest Income": -161000000.0,
        "Interest Expense": 308000000.0,
        "Interest Income": 32000000.0,
        "Normalized Income": 522250000.0,
        "Net Income From Continuing And Discontinued Operation": 519000000.0,
        "Total Expenses": 4340000000.0,
        "Rent Expense Supplemental": NaN,
        "Total Operating Income As Reported": 590000000.0,
        "Diluted Average Shares": 393316557.0,
        "Basic Average Shares": 393316557.0,
        "Diluted EPS": 1.0,
        "Basic EPS": 1.0,
        "Diluted NI Availto Com Stockholders": 519000000.0,
        "Net Income Common Stockholders": 519000000.0,
        "Net Income": 519000000.0,
        "Minority Interests": -16000000.0,
        "Net Income Including Noncontrolling Interests": 535000000.0,
        "Net Income Continuous Operations": 535000000.0,
        "Tax Provision": -79000000.0,
        "Pretax Income": 456000000.0,
        "Other Income Expense": 22000000.0,
        "Special Income Charges": -5000000.0,
        "Other Special Charges": NaN,
        "Impairment Of Capital Assets": 5000000.0,
        "Earnings From Equity Interest": 27000000.0,
        "Gain On Sale Of Security": NaN,
        "Net Non Operating Interest Income Expense": -161000000.0,
        "Total Other Finance Cost": -115000000.0,
        "Interest Expense Non Operating": 308000000.0,
        "Interest Income Non Operating": 32000000.0,
        "Operating Income": 595000000.0,
        "Operating Expense": 883000000.0,
        "Other Operating Expenses": 96000000.0,
        "Other Taxes": NaN,
        "Provision For Doubtful Accounts": NaN,
        "Depreciation Amortization Depletion Income Statement": NaN,
        "Depreciation And Amortization In Income Statement": NaN,
        "Amortization": NaN,
        "Amortization Of Intangibles Income Statement": NaN,
        "Depreciation Income Statement": NaN,
        "Selling General And Administration": 787000000.0,
        "Selling And Marketing Expense": 577000000.0,
        "General And Administrative Expense": 210000000.0,
        "Other Gand A": 210000000.0,
        "Insurance And Claims": NaN,
        "Rent And Landing Fees": NaN,
        "Salaries And Wages": NaN,
        "Gross Profit": 1478000000.0,
        "Cost Of Revenue": 3457000000.0,
        "Total Revenue": 4935000000.0,
        "Operating Revenue": 4935000000.0
    },
    "2024-09-30": {
        "Tax Effect Of Unusual Items": -7350000.0,
        "Tax Rate For Calcs": 0.35,
        "Normalized EBITDA": 986000000.0,
        "Total Unusual Items": -21000000.0,
        "Total Unusual Items Excluding Goodwill": -21000000.0,
        "Net Income From Continuing Operation Net Minority Interest": 1470000000.0,
        "Reconciled Depreciation": NaN,
        "Reconciled Cost Of Revenue": 3678000000.0,
        "EBITDA": 965000000.0,
        "EBIT": 965000000.0,
        "Net Interest Income": -163000000.0,
        "Interest Expense": 267000000.0,
        "Interest Income": 19000000.0,
        "Normalized Income": 1483650000.0,
        "Net Income From Continuing And Discontinued Operation": 1470000000.0,
        "Total Expenses": 4522000000.0,
        "Rent Expense Supplemental": NaN,
        "Total Operating Income As Reported": 754000000.0,
        "Diluted Average Shares": 392000000.0,
        "Basic Average Shares": 392000000.0,
        "Diluted EPS": 3.75,
        "Basic EPS": 3.75,
        "Diluted NI Availto Com Stockholders": 1470000000.0,
        "Net Income Common Stockholders": 1470000000.0,
        "Net Income": 1470000000.0,
        "Minority Interests": -15000000.0,
        "Net Income Including Noncontrolling Interests": 1485000000.0,
        "Net Income Continuous Operations": 1485000000.0,
        "Tax Provision": -787000000.0,
        "Pretax Income": 698000000.0,
        "Other Income Expense": 86000000.0,
        "Special Income Charges": -21000000.0,
        "Other Special Charges": NaN,
        "Impairment Of Capital Assets": 21000000.0,
        "Earnings From Equity Interest": 107000000.0,
        "Gain On Sale Of Security": NaN,
        "Net Non Operating Interest Income Expense": -163000000.0,
        "Total Other Finance Cost": -85000000.0,
        "Interest Expense Non Operating": 267000000.0,
        "Interest Income Non Operating": 19000000.0,
        "Operating Income": 775000000.0,
        "Operating Expense": 844000000.0,
        "Other Operating Expenses": 68000000.0,
        "Other Taxes": NaN,
        "Provision For Doubtful Accounts": NaN,
        "Depreciation Amortization Depletion Income Statement": NaN,
        "Depreciation And Amortization In Income Statement": NaN,
        "Amortization": NaN,
        "Amortization Of Intangibles Income Statement": NaN,
        "Depreciation Income Statement": NaN,
        "Selling General And Administration": 776000000.0,
        "Selling And Marketing Expense": 552000000.0,
        "General And Administrative Expense": 224000000.0,
        "Other Gand A": 224000000.0,
        "Insurance And Claims": NaN,
        "Rent And Landing Fees": NaN,
        "Salaries And Wages": NaN,
        "Gross Profit": 1619000000.0,
        "Cost Of Revenue": 3678000000.0,
        "Total Revenue": 5297000000.0,
        "Operating Revenue": 5297000000.0
    }
}