{
    "2023-03-31": {
        "Tax Effect Of Unusual Items": 0.0,
        "Tax Rate For Calcs": 0.0,
        "Normalized EBITDA": -104033000.0,
        "Total Unusual Items": 13000.0,
        "Total Unusual Items Excluding Goodwill": 13000.0,
        "Net Income From Continuing Operation Net Minority Interest": -92537000.0,
        "Reconciled Cost Of Revenue": 7010000.0,
        "EBITDA": -104020000.0,
        "EBIT": -104020000.0,
        "Net Interest Income": 7774000.0,
        "Interest Income": 7774000.0,
        "Normalized Income": -92550000.0,
        "Net Income From Continuing And Discontinued Operation": -92537000.0,
        "Total Expenses": 113293000.0,
        "Total Operating Income As Reported": -104020000.0,
        "Diluted Average Shares": 9731180.0,
        "Basic Average Shares": 9731180.0,
        "Diluted EPS": -9.5,
        "Basic EPS": -9.5,
        "Diluted NI Availto Com Stockholders": -92537000.0,
        "Net Income Common Stockholders": -92537000.0,
        "Net Income": -92537000.0,
        "Net Income Including Noncontrolling Interests": -92537000.0,
        "Net Income Continuous Operations": -92537000.0,
        "Earnings From Equity Interest Net Of Tax": -16000.0,
        "Tax Provision": 0.0,
        "Pretax Income": -92521000.0,
        "Other Income Expense": 3725000.0,
        "Other Non Operating Income Expenses": 3712000.0,
        "Special Income Charges": NaN,
        "Impairment Of Capital Assets": NaN,
        "Gain On Sale Of Security": 13000.0,
        "Net Non Operating Interest Income Expense": 7774000.0,
        "Interest Income Non Operating": 7774000.0,
        "Operating Income": -104020000.0,
        "Operating Expense": 106283000.0,
        "Research And Development": 44273000.0,
        "Selling General And Administration": 62010000.0,
        "Selling And Marketing Expense": 21828000.0,
        "General And Administrative Expense": 40182000.0,
        "Other Gand A": 40182000.0,
        "Gross Profit": 2263000.0,
        "Cost Of Revenue": 7010000.0,
        "Total Revenue": 9273000.0,
        "Operating Revenue": 9273000.0
    },
    "2022-12-31": {
        "Tax Effect Of Unusual Items": NaN,
        "Tax Rate For Calcs": NaN,
        "Normalized EBITDA": NaN,
        "Total Unusual Items": NaN,
        "Total Unusual Items Excluding Goodwill": NaN,
        "Net Income From Continuing Operation Net Minority Interest": NaN,
        "Reconciled Cost Of Revenue": NaN,
        "EBITDA": NaN,
        "EBIT": NaN,
        "Net Interest Income": NaN,
        "Interest Income": NaN,
        "Normalized Income": NaN,
        "Net Income From Continuing And Discontinued Operation": NaN,
        "Total Expenses": NaN,
        "Total Operating Income As Reported": NaN,
        "Diluted Average Shares": 9846475.0,
        "Basic Average Shares": 9846475.0,
        "Diluted EPS": -10.5,
        "Basic EPS": -10.5,
        "Diluted NI Availto Com Stockholders": NaN,
        "Net Income Common Stockholders": NaN,
        "Net Income": NaN,
        "Net Income Including Noncontrolling Interests": NaN,
        "Net Income Continuous Operations": NaN,
        "Earnings From Equity Interest Net Of Tax": NaN,
        "Tax Provision": NaN,
        "Pretax Income": NaN,
        "Other Income Expense": NaN,
        "Other Non Operating Income Expenses": NaN,
        "Special Income Charges": 0.0,
        "Impairment Of Capital Assets": 0.0,
        "Gain On Sale Of Security": NaN,
        "Net Non Operating Interest Income Expense": NaN,
        "Interest Income Non Operating": NaN,
        "Operating Income": NaN,
        "Operating Expense": NaN,
        "Research And Development": NaN,
        "Selling General And Administration": NaN,
        "Selling And Marketing Expense": NaN,
        "General And Administrative Expense": NaN,
        "Other Gand A": NaN,
        "Gross Profit": NaN,
        "Cost Of Revenue": NaN,
        "Total Revenue": NaN,
        "Operating Revenue": NaN
    },
    "2022-09-30": {
        "Tax Effect Of Unusual Items": NaN,
        "Tax Rate For Calcs": NaN,
        "Normalized EBITDA": NaN,
        "Total Unusual Items": NaN,
        "Total Unusual Items Excluding Goodwill": NaN,
        "Net Income From Continuing Operation Net Minority Interest": NaN,
        "Reconciled Cost Of Revenue": NaN,
        "EBITDA": NaN,
        "EBIT": NaN,
        "Net Interest Income": NaN,
        "Interest Income": NaN,
        "Normalized Income": NaN,
        "Net Income From Continuing And Discontinued Operation": NaN,
        "Total Expenses": NaN,
        "Total Operating Income As Reported": NaN,
        "Diluted Average Shares": NaN,
        "Basic Average Shares": NaN,
        "Diluted EPS": NaN,
        "Basic EPS": NaN,
        "Diluted NI Availto Com Stockholders": NaN,
        "Net Income Common Stockholders": NaN,
        "Net Income": NaN,
        "Net Income Including Noncontrolling Interests": NaN,
        "Net Income Continuous Operations": NaN,
        "Earnings From Equity Interest Net Of Tax": 0.0,
        "Tax Provision": NaN,
        "Pretax Income": NaN,
        "Other Income Expense": NaN,
        "Other Non Operating Income Expenses": NaN,
        "Special Income Charges": 0.0,
        "Impairment Of Capital Assets": 0.0,
        "Gain On Sale Of Security": NaN,
        "Net Non Operating Interest Income Expense": NaN,
        "Interest Income Non Operating": NaN,
        "Operating Income": NaN,
        "Operating Expense": NaN,
        "Research And Development": NaN,
        "Selling General And Administration": NaN,
        "Selling And Marketing Expense": NaN,
        "General And Administrative Expense": NaN,
        "Other Gand A": NaN,
        "Gross Profit": NaN,
        "Cost Of Revenue": NaN,
        "Total Revenue": NaN,
        "Operating Revenue": NaN
    },
    "2022-06-30": {
        "Tax Effect Of Unusual Items": 0.0,
        "Tax Rate For Calcs": 0.0,
        "Normalized EBITDA": -34063000.0,
        "Total Unusual Items": -18000.0,
        "Total Unusual Items Excluding Goodwill": -18000.0,
        "Net Income From Continuing Operation Net Minority Interest": -26431000.0,
        "Reconciled Cost Of Revenue": 63773000.0,
        "EBITDA": -34081000.0,
        "EBIT": -34081000.0,
        "Net Interest Income": 1581000.0,
        "Interest Income": 1581000.0,
        "Normalized Income": -26413000.0,
        "Net Income From Continuing And Discontinued Operation": -26431000.0,
        "Total Expenses": 167573000.0,
        "Total Operating Income As Reported": -34081000.0,
        "Diluted Average Shares": 50915344.0,
        "Basic Average Shares": 50915344.0,
        "Diluted EPS": -0.5,
        "Basic EPS": -0.5,
        "Diluted NI Availto Com Stockholders": -26431000.0,
        "Net Income Common Stockholders": -26431000.0,
        "Net Income": -26431000.0,
        "Net Income Including Noncontrolling Interests": -26431000.0,
        "Net Income Continuous Operations": -26431000.0,
        "Earnings From Equity Interest Net Of Tax": NaN,
        "Tax Provision": 0.0,
        "Pretax Income": -26431000.0,
        "Other Income Expense": 6069000.0,
        "Other Non Operating Income Expenses": 6087000.0,
        "Special Income Charges": 0.0,
        "Impairment Of Capital Assets": 0.0,
        "Gain On Sale Of Security": -18000.0,
        "Net Non Operating Interest Income Expense": 1581000.0,
        "Interest Income Non Operating": 1581000.0,
        "Operating Income": -34081000.0,
        "Operating Expense": 103800000.0,
        "Research And Development": 35709000.0,
        "Selling General And Administration": 68091000.0,
        "Selling And Marketing Expense": 8282000.0,
        "General And Administrative Expense": 59809000.0,
        "Other Gand A": 36925000.0,
        "Salaries And Wages": 22884000.0,
        "Gross Profit": 69719000.0,
        "Cost Of Revenue": 63773000.0,
        "Total Revenue": 133492000.0,
        "Operating Revenue": 133492000.0
    },
    "2023-06-30": {
        "Tax Effect Of Unusual Items": 0.0,
        "Tax Rate For Calcs": 0.0,
        "Normalized EBITDA": -57949000.0,
        "Total Unusual Items": 148000.0,
        "Total Unusual Items Excluding Goodwill": 148000.0,
        "Net Income From Continuing Operation Net Minority Interest": -47926000.0,
        "Reconciled Cost Of Revenue": 35766000.0,
        "EBITDA": -57801000.0,
        "EBIT": -57801000.0,
        "Net Interest Income": 8069000.0,
        "Interest Income": 8069000.0,
        "Normalized Income": -48074000.0,
        "Net Income From Continuing And Discontinued Operation": -47926000.0,
        "Total Expenses": 127047000.0,
        "Total Operating Income As Reported": -57801000.0,
        "Diluted Average Shares": 9566341.0,
        "Basic Average Shares": 9566341.0,
        "Diluted EPS": -5.0,
        "Basic EPS": -5.0,
        "Diluted NI Availto Com Stockholders": -47926000.0,
        "Net Income Common Stockholders": -47926000.0,
        "Net Income": -47926000.0,
        "Net Income Including Noncontrolling Interests": -47926000.0,
        "Net Income Continuous Operations": -47926000.0,
        "Earnings From Equity Interest Net Of Tax": 19000.0,
        "Tax Provision": 0.0,
        "Pretax Income": -47945000.0,
        "Other Income Expense": 1787000.0,
        "Other Non Operating Income Expenses": 1639000.0,
        "Special Income Charges": NaN,
        "Impairment Of Capital Assets": NaN,
        "Gain On Sale Of Security": 148000.0,
        "Net Non Operating Interest Income Expense": 8069000.0,
        "Interest Income Non Operating": 8069000.0,
        "Operating Income": -57801000.0,
        "Operating Expense": 91281000.0,
        "Research And Development": 36796000.0,
        "Selling General And Administration": 54485000.0,
        "Selling And Marketing Expense": 21581000.0,
        "General And Administrative Expense": 32904000.0,
        "Other Gand A": 32904000.0,
        "Gross Profit": 33480000.0,
        "Cost Of Revenue": 35766000.0,
        "Total Revenue": 69246000.0,
        "Operating Revenue": 69246000.0
    },
    "2023-09-30": {
        "Tax Effect Of Unusual Items": 0.0,
        "Tax Rate For Calcs": 0.0,
        "Normalized EBITDA": -78580000.0,
        "Total Unusual Items": -89000.0,
        "Total Unusual Items Excluding Goodwill": -89000.0,
        "Net Income From Continuing Operation Net Minority Interest": -72878000.0,
        "Reconciled Cost Of Revenue": 20708000.0,
        "EBITDA": -78669000.0,
        "EBIT": -78669000.0,
        "Net Interest Income": 6163000.0,
        "Interest Income": 6163000.0,
        "Normalized Income": -72789000.0,
        "Net Income From Continuing And Discontinued Operation": -72878000.0,
        "Total Expenses": 123766000.0,
        "Total Operating Income As Reported": -78669000.0,
        "Diluted Average Shares": 8713497.0,
        "Basic Average Shares": 8713497.0,
        "Diluted EPS": -8.5,
        "Basic EPS": -8.5,
        "Diluted NI Availto Com Stockholders": -72878000.0,
        "Net Income Common Stockholders": -72878000.0,
        "Net Income": -72878000.0,
        "Net Income Including Noncontrolling Interests": -72878000.0,
        "Net Income Continuous Operations": -72878000.0,
        "Earnings From Equity Interest Net Of Tax": -1000.0,
        "Tax Provision": 0.0,
        "Pretax Income": -72877000.0,
        "Other Income Expense": -371000.0,
        "Other Non Operating Income Expenses": -282000.0,
        "Special Income Charges": NaN,
        "Impairment Of Capital Assets": NaN,
        "Gain On Sale Of Security": -89000.0,
        "Net Non Operating Interest Income Expense": 6163000.0,
        "Interest Income Non Operating": 6163000.0,
        "Operating Income": -78669000.0,
        "Operating Expense": 103058000.0,
        "Research And Development": 45933000.0,
        "Selling General And Administration": 57125000.0,
        "Selling And Marketing Expense": 27948000.0,
        "General And Administrative Expense": 29177000.0,
        "Other Gand A": 29177000.0,
        "Gross Profit": 24389000.0,
        "Cost Of Revenue": 20708000.0,
        "Total Revenue": 45097000.0,
        "Operating Revenue": 45097000.0
    },
    "2023-12-31": {
        "Tax Effect Of Unusual Items": 0.0,
        "Tax Rate For Calcs": 0.0,
        "Normalized EBITDA": -101387000.0,
        "Total Unusual Items": -873000.0,
        "Total Unusual Items Excluding Goodwill": -873000.0,
        "Net Income From Continuing Operation Net Minority Interest": -98441000.0,
        "Reconciled Cost Of Revenue": 26775000.0,
        "EBITDA": -102260000.0,
        "EBIT": -102260000.0,
        "Net Interest Income": 5805000.0,
        "Interest Income": 5805000.0,
        "Normalized Income": -97568000.0,
        "Net Income From Continuing And Discontinued Operation": -98441000.0,
        "Total Expenses": 149606000.0,
        "Total Operating Income As Reported": -102260000.0,
        "Diluted Average Shares": NaN,
        "Basic Average Shares": NaN,
        "Diluted EPS": NaN,
        "Basic EPS": NaN,
        "Diluted NI Availto Com Stockholders": -98441000.0,
        "Net Income Common Stockholders": -98441000.0,
        "Net Income": -98441000.0,
        "Net Income Including Noncontrolling Interests": -98441000.0,
        "Net Income Continuous Operations": -98441000.0,
        "Earnings From Equity Interest Net Of Tax": NaN,
        "Tax Provision": 0.0,
        "Pretax Income": -98439000.0,
        "Other Income Expense": -1984000.0,
        "Other Non Operating Income Expenses": -1111000.0,
        "Special Income Charges": NaN,
        "Impairment Of Capital Assets": NaN,
        "Gain On Sale Of Security": -873000.0,
        "Net Non Operating Interest Income Expense": 5805000.0,
        "Interest Income Non Operating": 5805000.0,
        "Operating Income": -102260000.0,
        "Operating Expense": 122831000.0,
        "Research And Development": 40930000.0,
        "Selling General And Administration": 81901000.0,
        "Selling And Marketing Expense": -28954000.0,
        "General And Administrative Expense": 110855000.0,
        "Other Gand A": -47303000.0,
        "Gross Profit": 20571000.0,
        "Cost Of Revenue": 26775000.0,
        "Total Revenue": 47346000.0,
        "Operating Revenue": 47346000.0
    },
    "2024-03-31": {
        "Tax Effect Of Unusual Items": 0.0,
        "Tax Rate For Calcs": 0.0,
        "Normalized EBITDA": -63071000.0,
        "Total Unusual Items": 160000.0,
        "Total Unusual Items Excluding Goodwill": 160000.0,
        "Net Income From Continuing Operation Net Minority Interest": -56077000.0,
        "Reconciled Cost Of Revenue": 15699000.0,
        "EBITDA": -62911000.0,
        "EBIT": -62911000.0,
        "Net Interest Income": 5137000.0,
        "Interest Income": 5137000.0,
        "Normalized Income": -56237000.0,
        "Net Income From Continuing And Discontinued Operation": -56077000.0,
        "Total Expenses": 88412000.0,
        "Total Operating Income As Reported": -62911000.0,
        "Diluted Average Shares": 7751334.0,
        "Basic Average Shares": 7751334.0,
        "Diluted EPS": -7.0,
        "Basic EPS": -7.0,
        "Diluted NI Availto Com Stockholders": -56077000.0,
        "Net Income Common Stockholders": -56077000.0,
        "Net Income": -56077000.0,
        "Net Income Including Noncontrolling Interests": -56077000.0,
        "Net Income Continuous Operations": -56077000.0,
        "Earnings From Equity Interest Net Of Tax": 0.0,
        "Tax Provision": 0.0,
        "Pretax Income": -56077000.0,
        "Other Income Expense": 1697000.0,
        "Other Non Operating Income Expenses": 1537000.0,
        "Special Income Charges": NaN,
        "Impairment Of Capital Assets": NaN,
        "Gain On Sale Of Security": 160000.0,
        "Net Non Operating Interest Income Expense": 5137000.0,
        "Interest Income Non Operating": 5137000.0,
        "Operating Income": -62911000.0,
        "Operating Expense": 72713000.0,
        "Research And Development": 19081000.0,
        "Selling General And Administration": 53632000.0,
        "Selling And Marketing Expense": 18787000.0,
        "General And Administrative Expense": 34845000.0,
        "Other Gand A": 34845000.0,
        "Gross Profit": 9802000.0,
        "Cost Of Revenue": 15699000.0,
        "Total Revenue": 25501000.0,
        "Operating Revenue": 25501000.0
    }
}