{
    "2023-03-31": {
        "Tax Effect Of Unusual Items": -4584000.0,
        "Tax Rate For Calcs": 0.191,
        "Normalized EBITDA": 554000000.0,
        "Total Unusual Items": -24000000.0,
        "Total Unusual Items Excluding Goodwill": -24000000.0,
        "Net Income From Continuing Operation Net Minority Interest": 300000000.0,
        "Reconciled Depreciation": 29000000.0,
        "Reconciled Cost Of Revenue": 834000000.0,
        "EBITDA": 530000000.0,
        "EBIT": 501000000.0,
        "Net Interest Income": -130000000.0,
        "Interest Expense": 130000000.0,
        "Normalized Income": 319416000.0,
        "Net Income From Continuing And Discontinued Operation": 300000000.0,
        "Total Expenses": 1114000000.0,
        "Total Operating Income As Reported": 523000000.0,
        "Diluted Average Shares": 285000000.0,
        "Basic Average Shares": 281000000.0,
        "Diluted EPS": 1.05,
        "Basic EPS": 1.07,
        "Diluted NI Availto Com Stockholders": 300000000.0,
        "Net Income Common Stockholders": 300000000.0,
        "Net Income": 300000000.0,
        "Net Income Including Noncontrolling Interests": 300000000.0,
        "Net Income Continuous Operations": 300000000.0,
        "Tax Provision": 71000000.0,
        "Pretax Income": 371000000.0,
        "Other Income Expense": -30000000.0,
        "Other Non Operating Income Expenses": -6000000.0,
        "Special Income Charges": 3000000.0,
        "Other Special Charges": NaN,
        "Write Off": 1000000.0,
        "Restructuring And Mergern Acquisition": -4000000.0,
        "Gain On Sale Of Security": -27000000.0,
        "Net Non Operating Interest Income Expense": -130000000.0,
        "Interest Expense Non Operating": 130000000.0,
        "Operating Income": 531000000.0,
        "Operating Expense": 280000000.0,
        "Selling General And Administration": 280000000.0,
        "General And Administrative Expense": 280000000.0,
        "Other Gand A": 282000000.0,
        "Salaries And Wages": -2000000.0,
        "Gross Profit": 811000000.0,
        "Cost Of Revenue": 834000000.0,
        "Total Revenue": 1645000000.0,
        "Operating Revenue": 1645000000.0
    },
    "2022-12-31": {
        "Tax Effect Of Unusual Items": -393442.622951,
        "Tax Rate For Calcs": 0.131148,
        "Normalized EBITDA": 609000000.0,
        "Total Unusual Items": -3000000.0,
        "Total Unusual Items Excluding Goodwill": -3000000.0,
        "Net Income From Continuing Operation Net Minority Interest": 371000000.0,
        "Reconciled Depreciation": 42000000.0,
        "Reconciled Cost Of Revenue": 1074000000.0,
        "EBITDA": 606000000.0,
        "EBIT": 564000000.0,
        "Net Interest Income": -137000000.0,
        "Interest Expense": 137000000.0,
        "Normalized Income": 373606557.377049,
        "Net Income From Continuing And Discontinued Operation": 371000000.0,
        "Total Expenses": 1452000000.0,
        "Total Operating Income As Reported": 578000000.0,
        "Diluted Average Shares": 287000000.0,
        "Basic Average Shares": 283000000.0,
        "Diluted EPS": 1.29,
        "Basic EPS": 1.31,
        "Diluted NI Availto Com Stockholders": 371000000.0,
        "Net Income Common Stockholders": 371000000.0,
        "Net Income": 371000000.0,
        "Net Income Including Noncontrolling Interests": 371000000.0,
        "Net Income Continuous Operations": 371000000.0,
        "Tax Provision": 56000000.0,
        "Pretax Income": 427000000.0,
        "Other Income Expense": -3000000.0,
        "Other Non Operating Income Expenses": 0.0,
        "Special Income Charges": 4000000.0,
        "Other Special Charges": -12000000.0,
        "Write Off": 8000000.0,
        "Restructuring And Mergern Acquisition": -12000000.0,
        "Gain On Sale Of Security": -7000000.0,
        "Net Non Operating Interest Income Expense": -137000000.0,
        "Interest Expense Non Operating": 137000000.0,
        "Operating Income": 567000000.0,
        "Operating Expense": 378000000.0,
        "Selling General And Administration": 378000000.0,
        "General And Administrative Expense": 378000000.0,
        "Other Gand A": 372000000.0,
        "Salaries And Wages": 6000000.0,
        "Gross Profit": 945000000.0,
        "Cost Of Revenue": 1074000000.0,
        "Total Revenue": 2019000000.0,
        "Operating Revenue": 2019000000.0
    },
    "2022-09-30": {
        "Tax Effect Of Unusual Items": 7740000.0,
        "Tax Rate For Calcs": 0.258,
        "Normalized EBITDA": 574000000.0,
        "Total Unusual Items": 30000000.0,
        "Total Unusual Items Excluding Goodwill": 30000000.0,
        "Net Income From Continuing Operation Net Minority Interest": 331000000.0,
        "Reconciled Depreciation": 33000000.0,
        "Reconciled Cost Of Revenue": 826000000.0,
        "EBITDA": 604000000.0,
        "EBIT": 571000000.0,
        "Net Interest Income": -124000000.0,
        "Interest Expense": 124000000.0,
        "Normalized Income": 308740000.0,
        "Net Income From Continuing And Discontinued Operation": 331000000.0,
        "Total Expenses": 1089000000.0,
        "Total Operating Income As Reported": 546000000.0,
        "Diluted Average Shares": 289000000.0,
        "Basic Average Shares": 285000000.0,
        "Diluted EPS": 1.14,
        "Basic EPS": 1.16,
        "Diluted NI Availto Com Stockholders": 331000000.0,
        "Net Income Common Stockholders": 331000000.0,
        "Net Income": 331000000.0,
        "Net Income Including Noncontrolling Interests": 331000000.0,
        "Net Income Continuous Operations": 331000000.0,
        "Tax Provision": 116000000.0,
        "Pretax Income": 447000000.0,
        "Other Income Expense": 20000000.0,
        "Other Non Operating Income Expenses": -10000000.0,
        "Special Income Charges": 3000000.0,
        "Other Special Charges": -3000000.0,
        "Write Off": 1000000.0,
        "Restructuring And Mergern Acquisition": -3000000.0,
        "Gain On Sale Of Security": 27000000.0,
        "Net Non Operating Interest Income Expense": -124000000.0,
        "Interest Expense Non Operating": 124000000.0,
        "Operating Income": 551000000.0,
        "Operating Expense": 263000000.0,
        "Selling General And Administration": 263000000.0,
        "General And Administrative Expense": 263000000.0,
        "Other Gand A": 261000000.0,
        "Salaries And Wages": 2000000.0,
        "Gross Profit": 814000000.0,
        "Cost Of Revenue": 826000000.0,
        "Total Revenue": 1640000000.0,
        "Operating Revenue": 1640000000.0
    },
    "2022-06-30": {
        "Tax Effect Of Unusual Items": -2800000.0,
        "Tax Rate For Calcs": 0.4,
        "Normalized EBITDA": 579000000.0,
        "Total Unusual Items": -7000000.0,
        "Total Unusual Items Excluding Goodwill": -7000000.0,
        "Net Income From Continuing Operation Net Minority Interest": 224000000.0,
        "Reconciled Depreciation": 34000000.0,
        "Reconciled Cost Of Revenue": 840000000.0,
        "EBITDA": 572000000.0,
        "EBIT": 538000000.0,
        "Net Interest Income": -148000000.0,
        "Interest Expense": 148000000.0,
        "Normalized Income": 228200000.0,
        "Net Income From Continuing And Discontinued Operation": 224000000.0,
        "Total Expenses": 1095000000.0,
        "Total Operating Income As Reported": 554000000.0,
        "Diluted Average Shares": 290000000.0,
        "Basic Average Shares": 286000000.0,
        "Diluted EPS": 0.77,
        "Basic EPS": 0.78,
        "Diluted NI Availto Com Stockholders": 224000000.0,
        "Net Income Common Stockholders": 224000000.0,
        "Net Income": 224000000.0,
        "Net Income Including Noncontrolling Interests": 224000000.0,
        "Net Income Continuous Operations": 224000000.0,
        "Tax Provision": 166000000.0,
        "Pretax Income": 390000000.0,
        "Other Income Expense": -3000000.0,
        "Other Non Operating Income Expenses": 4000000.0,
        "Special Income Charges": 8000000.0,
        "Other Special Charges": -8000000.0,
        "Write Off": -1000000.0,
        "Restructuring And Mergern Acquisition": -8000000.0,
        "Gain On Sale Of Security": -15000000.0,
        "Net Non Operating Interest Income Expense": -148000000.0,
        "Interest Expense Non Operating": 148000000.0,
        "Operating Income": 541000000.0,
        "Operating Expense": 255000000.0,
        "Selling General And Administration": 255000000.0,
        "General And Administrative Expense": 255000000.0,
        "Other Gand A": 254000000.0,
        "Salaries And Wages": 1000000.0,
        "Gross Profit": 796000000.0,
        "Cost Of Revenue": 840000000.0,
        "Total Revenue": 1636000000.0,
        "Operating Revenue": 1636000000.0
    },
    "2023-06-30": {
        "Tax Effect Of Unusual Items": 5670000.0,
        "Tax Rate For Calcs": 0.126,
        "Normalized EBITDA": 596000000.0,
        "Total Unusual Items": 45000000.0,
        "Total Unusual Items Excluding Goodwill": 45000000.0,
        "Net Income From Continuing Operation Net Minority Interest": 418000000.0,
        "Reconciled Depreciation": 38000000.0,
        "Reconciled Cost Of Revenue": 835000000.0,
        "EBITDA": 641000000.0,
        "EBIT": 603000000.0,
        "Net Interest Income": -125000000.0,
        "Interest Expense": 125000000.0,
        "Normalized Income": 378670000.0,
        "Net Income From Continuing And Discontinued Operation": 418000000.0,
        "Total Expenses": 1125000000.0,
        "Total Operating Income As Reported": 573000000.0,
        "Diluted Average Shares": 286000000.0,
        "Basic Average Shares": 281000000.0,
        "Diluted EPS": 1.46,
        "Basic EPS": 1.49,
        "Diluted NI Availto Com Stockholders": 418000000.0,
        "Net Income Common Stockholders": 418000000.0,
        "Net Income": 418000000.0,
        "Net Income Including Noncontrolling Interests": 418000000.0,
        "Net Income Continuous Operations": 418000000.0,
        "Tax Provision": 60000000.0,
        "Pretax Income": 478000000.0,
        "Other Income Expense": 41000000.0,
        "Other Non Operating Income Expenses": -4000000.0,
        "Special Income Charges": 17000000.0,
        "Other Special Charges": NaN,
        "Write Off": 0.0,
        "Restructuring And Mergern Acquisition": -17000000.0,
        "Gain On Sale Of Security": 28000000.0,
        "Net Non Operating Interest Income Expense": -125000000.0,
        "Interest Expense Non Operating": 125000000.0,
        "Operating Income": 562000000.0,
        "Operating Expense": 290000000.0,
        "Selling General And Administration": 290000000.0,
        "General And Administrative Expense": 290000000.0,
        "Other Gand A": 291000000.0,
        "Salaries And Wages": -1000000.0,
        "Gross Profit": 852000000.0,
        "Cost Of Revenue": 835000000.0,
        "Total Revenue": 1687000000.0,
        "Operating Revenue": 1687000000.0
    },
    "2022-03-31": {
        "Diluted EPS": 1.36,
        "Total Revenue": NaN,
        "Gross Profit": NaN,
        "Operating Income": 509,
        "EBIT": 546,
        "Net Income": 399
    },
    "2021-12-31": {
        "Diluted EPS": 1.1,
        "Total Revenue": NaN,
        "Gross Profit": NaN,
        "Operating Income": 502,
        "EBIT": 549,
        "Net Income": 330
    },
    "2021-09-30": {
        "Diluted EPS": 1.75,
        "Total Revenue": NaN,
        "Gross Profit": NaN,
        "Operating Income": 527,
        "EBIT": 566,
        "Net Income": 528
    },
    "2021-06-30": {
        "Diluted EPS": 1.29,
        "Total Revenue": NaN,
        "Gross Profit": NaN,
        "Operating Income": 567,
        "EBIT": 606,
        "Net Income": 391
    },
    "2021-03-31": {
        "Diluted EPS": 1.07,
        "Total Revenue": NaN,
        "Gross Profit": NaN,
        "Operating Income": 543,
        "EBIT": 582,
        "Net Income": 326
    },
    "2020-12-31": {
        "Diluted EPS": 1.08,
        "Total Revenue": NaN,
        "Gross Profit": NaN,
        "Operating Income": 482,
        "EBIT": 528,
        "Net Income": 332
    },
    "2020-09-30": {
        "Diluted EPS": 0.92,
        "Total Revenue": NaN,
        "Gross Profit": NaN,
        "Operating Income": 471,
        "EBIT": 518,
        "Net Income": 283
    },
    "2020-06-30": {
        "Diluted EPS": 0.67,
        "Total Revenue": NaN,
        "Gross Profit": 849,
        "Operating Income": 300,
        "EBIT": 326,
        "Net Income": 206
    },
    "2020-03-31": {
        "Diluted EPS": 0.27,
        "Total Revenue": NaN,
        "Gross Profit": 965,
        "Operating Income": 250,
        "EBIT": 277,
        "Net Income": 83
    },
    "2019-12-31": {
        "Diluted EPS": 1.58,
        "Total Revenue": NaN,
        "Gross Profit": NaN,
        "Operating Income": 546,
        "EBIT": 574,
        "Net Income": 488
    },
    "2019-09-30": {
        "Diluted EPS": 0.81,
        "Total Revenue": NaN,
        "Gross Profit": NaN,
        "Operating Income": 480,
        "EBIT": 510,
        "Net Income": 255
    },
    "2019-06-30": {
        "Diluted EPS": 0.92,
        "Total Revenue": NaN,
        "Gross Profit": NaN,
        "Operating Income": 471,
        "EBIT": 499,
        "Net Income": 289
    },
    "2019-03-31": {
        "Diluted EPS": 0.83,
        "Total Revenue": NaN,
        "Gross Profit": 982,
        "Operating Income": 433,
        "EBIT": 459,
        "Net Income": 262
    },
    "2018-12-31": {
        "Diluted EPS": 1.05,
        "Total Revenue": NaN,
        "Gross Profit": NaN,
        "Operating Income": 741,
        "EBIT": 775,
        "Net Income": 334
    },
    "2018-09-30": {
        "Diluted EPS": 1.4,
        "Total Revenue": NaN,
        "Gross Profit": 992,
        "Operating Income": 553,
        "EBIT": 585,
        "Net Income": 454
    },
    "2018-06-30": {
        "Diluted EPS": 0.97,
        "Total Revenue": NaN,
        "Gross Profit": 947,
        "Operating Income": 449,
        "EBIT": 483,
        "Net Income": 321
    },
    "2018-03-31": {
        "Diluted EPS": 1.27,
        "Total Revenue": NaN,
        "Gross Profit": 933,
        "Operating Income": 553,
        "EBIT": 590,
        "Net Income": 433
    },
    "2017-12-31": {
        "Diluted EPS": 1.24,
        "Total Revenue": NaN,
        "Gross Profit": 846,
        "Operating Income": NaN,
        "EBIT": NaN,
        "Net Income": 436
    },
    "2017-09-30": {
        "Diluted EPS": 1.18,
        "Total Revenue": NaN,
        "Gross Profit": 719,
        "Operating Income": 643,
        "EBIT": 703,
        "Net Income": 418
    },
    "2017-06-30": {
        "Diluted EPS": 0.58,
        "Total Revenue": NaN,
        "Gross Profit": 700,
        "Operating Income": 419,
        "EBIT": 484,
        "Net Income": 206
    },
    "2017-03-31": {
        "Diluted EPS": 0.77,
        "Total Revenue": NaN,
        "Gross Profit": 659,
        "Operating Income": 484,
        "EBIT": 554,
        "Net Income": 280
    },
    "2016-12-31": {
        "Diluted EPS": 0.71,
        "Total Revenue": NaN,
        "Gross Profit": NaN,
        "Operating Income": 489,
        "EBIT": 575,
        "Net Income": 267
    },
    "2016-09-30": {
        "Diluted EPS": 1.62,
        "Total Revenue": NaN,
        "Gross Profit": 947,
        "Operating Income": 398,
        "EBIT": 475,
        "Net Income": 640
    },
    "2016-06-30": {
        "Diluted EPS": 0.81,
        "Total Revenue": NaN,
        "Gross Profit": 933,
        "Operating Income": 415,
        "EBIT": 489,
        "Net Income": 336
    },
    "2016-03-31": {
        "Diluted EPS": 0.87,
        "Total Revenue": NaN,
        "Gross Profit": 895,
        "Operating Income": 349,
        "EBIT": 422,
        "Net Income": 364
    },
    "2015-12-31": {
        "Diluted EPS": 0.63,
        "Total Revenue": NaN,
        "Gross Profit": NaN,
        "Operating Income": 429,
        "EBIT": 243,
        "Net Income": 275
    },
    "2015-09-30": {
        "Diluted EPS": 0.95,
        "Total Revenue": NaN,
        "Gross Profit": NaN,
        "Operating Income": 603,
        "EBIT": 782,
        "Net Income": 421
    },
    "2015-06-30": {
        "Diluted EPS": 0.53,
        "Total Revenue": NaN,
        "Gross Profit": NaN,
        "Operating Income": 371,
        "EBIT": 558,
        "Net Income": 235
    },
    "2015-03-31": {
        "Diluted EPS": 0.81,
        "Total Revenue": NaN,
        "Gross Profit": NaN,
        "Operating Income": 506,
        "EBIT": 645,
        "Net Income": 362
    },
    "2014-12-31": {
        "Diluted EPS": -0.2,
        "Total Revenue": NaN,
        "Gross Profit": NaN,
        "Operating Income": -43,
        "EBIT": -216,
        "Net Income": -86
    },
    "2014-09-30": {
        "Diluted EPS": 0.89,
        "Total Revenue": NaN,
        "Gross Profit": NaN,
        "Operating Income": 550,
        "EBIT": 731,
        "Net Income": 404
    },
    "2014-06-30": {
        "Diluted EPS": 0.73,
        "Total Revenue": NaN,
        "Gross Profit": NaN,
        "Operating Income": 479,
        "EBIT": 659,
        "Net Income": 334
    },
    "2014-03-31": {
        "Diluted EPS": 0.87,
        "Total Revenue": NaN,
        "Gross Profit": NaN,
        "Operating Income": 571,
        "EBIT": 711,
        "Net Income": 399
    },
    "2013-12-31": {
        "Diluted EPS": 0.7,
        "Total Revenue": NaN,
        "Gross Profit": NaN,
        "Operating Income": 571,
        "EBIT": 819,
        "Net Income": 321
    },
    "2013-09-30": {
        "Diluted EPS": 0.33,
        "Total Revenue": NaN,
        "Gross Profit": NaN,
        "Operating Income": 350,
        "EBIT": 523,
        "Net Income": 152
    },
    "2013-06-30": {
        "Diluted EPS": 0.61,
        "Total Revenue": NaN,
        "Gross Profit": NaN,
        "Operating Income": 390,
        "EBIT": 560,
        "Net Income": 281
    },
    "2013-03-31": {
        "Diluted EPS": 0.72,
        "Total Revenue": NaN,
        "Gross Profit": NaN,
        "Operating Income": 487,
        "EBIT": 617,
        "Net Income": 337
    },
    "2012-12-31": {
        "Diluted EPS": 0.73,
        "Total Revenue": NaN,
        "Gross Profit": NaN,
        "Operating Income": 505,
        "EBIT": 728,
        "Net Income": 337
    },
    "2012-09-30": {
        "Diluted EPS": 1.0,
        "Total Revenue": NaN,
        "Gross Profit": NaN,
        "Operating Income": 671,
        "EBIT": 828,
        "Net Income": 471
    },
    "2012-06-30": {
        "Diluted EPS": 0.69,
        "Total Revenue": NaN,
        "Gross Profit": NaN,
        "Operating Income": 473,
        "EBIT": 631,
        "Net Income": 331
    },
    "2012-03-31": {
        "Diluted EPS": 0.96,
        "Total Revenue": NaN,
        "Gross Profit": NaN,
        "Operating Income": 645,
        "EBIT": 772,
        "Net Income": 458
    },
    "2011-12-31": {
        "Diluted EPS": 0.75,
        "Total Revenue": NaN,
        "Gross Profit": NaN,
        "Operating Income": 507,
        "EBIT": 718,
        "Net Income": 356
    },
    "2011-09-30": {
        "Diluted EPS": 0.8,
        "Total Revenue": NaN,
        "Gross Profit": NaN,
        "Operating Income": 488,
        "EBIT": 645,
        "Net Income": 383
    },
    "2011-06-30": {
        "Diluted EPS": 0.65,
        "Total Revenue": NaN,
        "Gross Profit": NaN,
        "Operating Income": 419,
        "EBIT": 565,
        "Net Income": 316
    },
    "2011-03-31": {
        "Diluted EPS": 0.54,
        "Total Revenue": NaN,
        "Gross Profit": NaN,
        "Operating Income": 401,
        "EBIT": 524,
        "Net Income": 264
    },
    "2010-12-31": {
        "Diluted EPS": 0.55,
        "Total Revenue": NaN,
        "Gross Profit": NaN,
        "Operating Income": 440,
        "EBIT": 646,
        "Net Income": 274
    },
    "2010-09-30": {
        "Diluted EPS": 0.74,
        "Total Revenue": NaN,
        "Gross Profit": NaN,
        "Operating Income": 544,
        "EBIT": 671,
        "Net Income": 357
    },
    "2010-06-30": {
        "Diluted EPS": 0.59,
        "Total Revenue": NaN,
        "Gross Profit": NaN,
        "Operating Income": 421,
        "EBIT": 558,
        "Net Income": 286
    },
    "2010-03-31": {
        "Diluted EPS": 0.5,
        "Total Revenue": NaN,
        "Gross Profit": NaN,
        "Operating Income": 364,
        "EBIT": 483,
        "Net Income": 241
    },
    "2009-12-31": {
        "Diluted EPS": 0.44,
        "Total Revenue": NaN,
        "Gross Profit": NaN,
        "Operating Income": 375,
        "EBIT": 570,
        "Net Income": 216
    },
    "2009-09-30": {
        "Diluted EPS": 0.69,
        "Total Revenue": NaN,
        "Gross Profit": NaN,
        "Operating Income": 470,
        "EBIT": 609,
        "Net Income": 334
    },
    "2009-06-30": {
        "Diluted EPS": 0.63,
        "Total Revenue": NaN,
        "Gross Profit": NaN,
        "Operating Income": 394,
        "EBIT": 523,
        "Net Income": 303
    },
    "2009-03-31": {
        "Diluted EPS": 0.46,
        "Total Revenue": NaN,
        "Gross Profit": NaN,
        "Operating Income": 351,
        "EBIT": 468,
        "Net Income": 218
    },
    "2023-09-30": {
        "Tax Effect Of Unusual Items": 5310000.0,
        "Tax Rate For Calcs": 0.177,
        "Normalized EBITDA": 638000000.0,
        "Total Unusual Items": 30000000.0,
        "Total Unusual Items Excluding Goodwill": 30000000.0,
        "Net Income From Continuing Operation Net Minority Interest": 416000000.0,
        "Reconciled Depreciation": 37000000.0,
        "Reconciled Cost Of Revenue": 848000000.0,
        "EBITDA": 668000000.0,
        "EBIT": 631000000.0,
        "Net Interest Income": -126000000.0,
        "Interest Expense": 126000000.0,
        "Normalized Income": 391310000.0,
        "Net Income From Continuing And Discontinued Operation": 416000000.0,
        "Total Expenses": 1113000000.0,
        "Total Operating Income As Reported": 613000000.0,
        "Diluted Average Shares": 286000000.0,
        "Basic Average Shares": 281000000.0,
        "Diluted EPS": 1.46,
        "Basic EPS": 1.48,
        "Diluted NI Availto Com Stockholders": 416000000.0,
        "Net Income Common Stockholders": 416000000.0,
        "Net Income": 416000000.0,
        "Net Income Including Noncontrolling Interests": 416000000.0,
        "Net Income Continuous Operations": 416000000.0,
        "Tax Provision": 89000000.0,
        "Pretax Income": 505000000.0,
        "Other Income Expense": 36000000.0,
        "Other Non Operating Income Expenses": 6000000.0,
        "Special Income Charges": 18000000.0,
        "Other Special Charges": NaN,
        "Write Off": 1000000.0,
        "Restructuring And Mergern Acquisition": -19000000.0,
        "Gain On Sale Of Security": 12000000.0,
        "Net Non Operating Interest Income Expense": -126000000.0,
        "Interest Expense Non Operating": 126000000.0,
        "Operating Income": 595000000.0,
        "Operating Expense": 265000000.0,
        "Selling General And Administration": 265000000.0,
        "General And Administrative Expense": 265000000.0,
        "Other Gand A": 267000000.0,
        "Salaries And Wages": -2000000.0,
        "Gross Profit": 860000000.0,
        "Cost Of Revenue": 848000000.0,
        "Total Revenue": 1708000000.0,
        "Operating Revenue": 1708000000.0
    }
}