{
    "2023-06-30": {
        "Tax Effect Of Unusual Items": -6175000.0,
        "Tax Rate For Calcs": 0.247,
        "Normalized EBITDA": 408000000.0,
        "Total Unusual Items": -25000000.0,
        "Total Unusual Items Excluding Goodwill": -25000000.0,
        "Net Income From Continuing Operation Net Minority Interest": 197000000.0,
        "Reconciled Depreciation": 112000000.0,
        "Reconciled Cost Of Revenue": 2206000000.0,
        "EBITDA": 383000000.0,
        "EBIT": 271000000.0,
        "Net Interest Income": 40000000.0,
        "Interest Income": 40000000.0,
        "Normalized Income": 215825000.0,
        "Net Income From Continuing And Discontinued Operation": 197000000.0,
        "Total Expenses": 2383000000.0,
        "Rent Expense Supplemental": 675000000.0,
        "Total Operating Income As Reported": 257000000.0,
        "Diluted Average Shares": 422000000.0,
        "Basic Average Shares": 418000000.0,
        "Diluted EPS": 0.47,
        "Basic EPS": 0.47,
        "Diluted NI Availto Com Stockholders": 197000000.0,
        "Net Income Common Stockholders": 197000000.0,
        "Net Income": 197000000.0,
        "Minority Interests": -17000000.0,
        "Net Income Including Noncontrolling Interests": 214000000.0,
        "Net Income Continuous Operations": 214000000.0,
        "Earnings From Equity Interest Net Of Tax": -1000000.0,
        "Tax Provision": 71000000.0,
        "Pretax Income": 286000000.0,
        "Other Income Expense": -25000000.0,
        "Other Non Operating Income Expenses": NaN,
        "Special Income Charges": -14000000.0,
        "Gain On Sale Of Business": -14000000.0,
        "Restructuring And Mergern Acquisition": 14000000.0,
        "Earnings From Equity Interest": NaN,
        "Gain On Sale Of Security": -11000000.0,
        "Net Non Operating Interest Income Expense": 40000000.0,
        "Interest Income Non Operating": 40000000.0,
        "Operating Income": 271000000.0,
        "Operating Expense": 177000000.0,
        "Other Operating Expenses": 24000000.0,
        "Depreciation Amortization Depletion Income Statement": 0.0,
        "Depreciation And Amortization In Income Statement": 0.0,
        "Amortization": 0.0,
        "Amortization Of Intangibles Income Statement": 0.0,
        "Selling General And Administration": 153000000.0,
        "General And Administrative Expense": 153000000.0,
        "Other Gand A": 153000000.0,
        "Gross Profit": 448000000.0,
        "Cost Of Revenue": 2206000000.0,
        "Total Revenue": 2654000000.0,
        "Operating Revenue": 2627000000.0
    },
    "2023-03-31": {
        "Tax Effect Of Unusual Items": NaN,
        "Tax Rate For Calcs": NaN,
        "Normalized EBITDA": NaN,
        "Total Unusual Items": NaN,
        "Total Unusual Items Excluding Goodwill": NaN,
        "Net Income From Continuing Operation Net Minority Interest": NaN,
        "Reconciled Depreciation": NaN,
        "Reconciled Cost Of Revenue": NaN,
        "EBITDA": NaN,
        "EBIT": NaN,
        "Net Interest Income": NaN,
        "Interest Income": NaN,
        "Normalized Income": NaN,
        "Net Income From Continuing And Discontinued Operation": NaN,
        "Total Expenses": NaN,
        "Rent Expense Supplemental": NaN,
        "Total Operating Income As Reported": NaN,
        "Diluted Average Shares": NaN,
        "Basic Average Shares": NaN,
        "Diluted EPS": NaN,
        "Basic EPS": NaN,
        "Diluted NI Availto Com Stockholders": NaN,
        "Net Income Common Stockholders": NaN,
        "Net Income": NaN,
        "Minority Interests": NaN,
        "Net Income Including Noncontrolling Interests": NaN,
        "Net Income Continuous Operations": NaN,
        "Earnings From Equity Interest Net Of Tax": NaN,
        "Tax Provision": NaN,
        "Pretax Income": NaN,
        "Other Income Expense": NaN,
        "Other Non Operating Income Expenses": -1000000.0,
        "Special Income Charges": NaN,
        "Gain On Sale Of Business": NaN,
        "Restructuring And Mergern Acquisition": 3000000.0,
        "Earnings From Equity Interest": NaN,
        "Gain On Sale Of Security": NaN,
        "Net Non Operating Interest Income Expense": NaN,
        "Interest Income Non Operating": NaN,
        "Operating Income": NaN,
        "Operating Expense": NaN,
        "Other Operating Expenses": NaN,
        "Depreciation Amortization Depletion Income Statement": 2000000.0,
        "Depreciation And Amortization In Income Statement": 2000000.0,
        "Amortization": 2000000.0,
        "Amortization Of Intangibles Income Statement": 2000000.0,
        "Selling General And Administration": NaN,
        "General And Administrative Expense": NaN,
        "Other Gand A": NaN,
        "Gross Profit": NaN,
        "Cost Of Revenue": NaN,
        "Total Revenue": NaN,
        "Operating Revenue": NaN
    },
    "2022-12-31": {
        "Tax Effect Of Unusual Items": NaN,
        "Tax Rate For Calcs": NaN,
        "Normalized EBITDA": NaN,
        "Total Unusual Items": NaN,
        "Total Unusual Items Excluding Goodwill": NaN,
        "Net Income From Continuing Operation Net Minority Interest": NaN,
        "Reconciled Depreciation": NaN,
        "Reconciled Cost Of Revenue": NaN,
        "EBITDA": NaN,
        "EBIT": NaN,
        "Net Interest Income": NaN,
        "Interest Income": NaN,
        "Normalized Income": NaN,
        "Net Income From Continuing And Discontinued Operation": NaN,
        "Total Expenses": NaN,
        "Rent Expense Supplemental": NaN,
        "Total Operating Income As Reported": NaN,
        "Diluted Average Shares": NaN,
        "Basic Average Shares": NaN,
        "Diluted EPS": NaN,
        "Basic EPS": NaN,
        "Diluted NI Availto Com Stockholders": NaN,
        "Net Income Common Stockholders": NaN,
        "Net Income": NaN,
        "Minority Interests": NaN,
        "Net Income Including Noncontrolling Interests": NaN,
        "Net Income Continuous Operations": NaN,
        "Earnings From Equity Interest Net Of Tax": NaN,
        "Tax Provision": NaN,
        "Pretax Income": NaN,
        "Other Income Expense": NaN,
        "Other Non Operating Income Expenses": NaN,
        "Special Income Charges": NaN,
        "Gain On Sale Of Business": NaN,
        "Restructuring And Mergern Acquisition": NaN,
        "Earnings From Equity Interest": 0.0,
        "Gain On Sale Of Security": NaN,
        "Net Non Operating Interest Income Expense": NaN,
        "Interest Income Non Operating": NaN,
        "Operating Income": NaN,
        "Operating Expense": NaN,
        "Other Operating Expenses": NaN,
        "Depreciation Amortization Depletion Income Statement": 23000000.0,
        "Depreciation And Amortization In Income Statement": 23000000.0,
        "Amortization": 23000000.0,
        "Amortization Of Intangibles Income Statement": 23000000.0,
        "Selling General And Administration": NaN,
        "General And Administrative Expense": NaN,
        "Other Gand A": NaN,
        "Gross Profit": NaN,
        "Cost Of Revenue": NaN,
        "Total Revenue": NaN,
        "Operating Revenue": NaN
    },
    "2022-09-30": {
        "Tax Effect Of Unusual Items": NaN,
        "Tax Rate For Calcs": NaN,
        "Normalized EBITDA": NaN,
        "Total Unusual Items": NaN,
        "Total Unusual Items Excluding Goodwill": NaN,
        "Net Income From Continuing Operation Net Minority Interest": NaN,
        "Reconciled Depreciation": NaN,
        "Reconciled Cost Of Revenue": NaN,
        "EBITDA": NaN,
        "EBIT": NaN,
        "Net Interest Income": NaN,
        "Interest Income": NaN,
        "Normalized Income": NaN,
        "Net Income From Continuing And Discontinued Operation": NaN,
        "Total Expenses": NaN,
        "Rent Expense Supplemental": NaN,
        "Total Operating Income As Reported": NaN,
        "Diluted Average Shares": NaN,
        "Basic Average Shares": NaN,
        "Diluted EPS": NaN,
        "Basic EPS": NaN,
        "Diluted NI Availto Com Stockholders": NaN,
        "Net Income Common Stockholders": NaN,
        "Net Income": NaN,
        "Minority Interests": NaN,
        "Net Income Including Noncontrolling Interests": NaN,
        "Net Income Continuous Operations": NaN,
        "Earnings From Equity Interest Net Of Tax": NaN,
        "Tax Provision": NaN,
        "Pretax Income": NaN,
        "Other Income Expense": NaN,
        "Other Non Operating Income Expenses": NaN,
        "Special Income Charges": NaN,
        "Restructuring And Mergern Acquisition": NaN,
        "Earnings From Equity Interest": 0.0,
        "Gain On Sale Of Security": NaN,
        "Net Non Operating Interest Income Expense": NaN,
        "Interest Income Non Operating": NaN,
        "Operating Income": NaN,
        "Operating Expense": NaN,
        "Other Operating Expenses": NaN,
        "Depreciation Amortization Depletion Income Statement": NaN,
        "Depreciation And Amortization In Income Statement": NaN,
        "Amortization": NaN,
        "Amortization Of Intangibles Income Statement": NaN,
        "Selling General And Administration": NaN,
        "General And Administrative Expense": NaN,
        "Other Gand A": NaN,
        "Gross Profit": NaN,
        "Cost Of Revenue": NaN,
        "Total Revenue": NaN,
        "Operating Revenue": NaN
    },
    "2022-06-30": {
        "Tax Effect Of Unusual Items": 1590000.0,
        "Tax Rate For Calcs": 0.265,
        "Normalized EBITDA": 266000000.0,
        "Total Unusual Items": 6000000.0,
        "Total Unusual Items Excluding Goodwill": 6000000.0,
        "Net Income From Continuing Operation Net Minority Interest": 83000000.0,
        "Reconciled Depreciation": 153000000.0,
        "Reconciled Cost Of Revenue": 1850000000.0,
        "EBITDA": 272000000.0,
        "EBIT": 119000000.0,
        "Net Interest Income": 14000000.0,
        "Interest Income": 14000000.0,
        "Normalized Income": 78590000.0,
        "Net Income From Continuing And Discontinued Operation": 83000000.0,
        "Total Expenses": 2009000000.0,
        "Rent Expense Supplemental": 605000000.0,
        "Total Operating Income As Reported": 81000000.0,
        "Diluted Average Shares": 424000000.0,
        "Basic Average Shares": 421000000.0,
        "Diluted EPS": 0.2,
        "Basic EPS": 0.2,
        "Diluted NI Availto Com Stockholders": 83000000.0,
        "Net Income Common Stockholders": 83000000.0,
        "Net Income": 83000000.0,
        "Minority Interests": 0.0,
        "Net Income Including Noncontrolling Interests": 83000000.0,
        "Net Income Continuous Operations": 83000000.0,
        "Earnings From Equity Interest Net Of Tax": -1000000.0,
        "Tax Provision": 31000000.0,
        "Pretax Income": 115000000.0,
        "Other Income Expense": -18000000.0,
        "Other Non Operating Income Expenses": -24000000.0,
        "Special Income Charges": -14000000.0,
        "Restructuring And Mergern Acquisition": 14000000.0,
        "Earnings From Equity Interest": 0.0,
        "Gain On Sale Of Security": 20000000.0,
        "Net Non Operating Interest Income Expense": 14000000.0,
        "Interest Income Non Operating": 14000000.0,
        "Operating Income": 119000000.0,
        "Operating Expense": 159000000.0,
        "Other Operating Expenses": 18000000.0,
        "Depreciation Amortization Depletion Income Statement": 24000000.0,
        "Depreciation And Amortization In Income Statement": 24000000.0,
        "Amortization": 24000000.0,
        "Amortization Of Intangibles Income Statement": 24000000.0,
        "Selling General And Administration": 141000000.0,
        "General And Administrative Expense": 141000000.0,
        "Other Gand A": 141000000.0,
        "Gross Profit": 278000000.0,
        "Cost Of Revenue": 1850000000.0,
        "Total Revenue": 2128000000.0,
        "Operating Revenue": 2107000000.0
    },
    "2022-03-31": {
        "Diluted EPS": 0.23,
        "Total Revenue": NaN,
        "Gross Profit": 471,
        "Operating Income": 191,
        "EBIT": 355,
        "Net Income": 100
    },
    "2021-12-31": {
        "Diluted EPS": 1.09,
        "Total Revenue": NaN,
        "Gross Profit": 360,
        "Operating Income": 633,
        "EBIT": 769,
        "Net Income": 475
    },
    "2021-09-30": {
        "Diluted EPS": 0.24,
        "Total Revenue": NaN,
        "Gross Profit": 526,
        "Operating Income": 178,
        "EBIT": 306,
        "Net Income": 104
    },
    "2021-06-30": {
        "Diluted EPS": 0.42,
        "Total Revenue": NaN,
        "Gross Profit": 572,
        "Operating Income": 233,
        "EBIT": 357,
        "Net Income": 181
    },
    "2021-03-31": {
        "Diluted EPS": 0.53,
        "Total Revenue": NaN,
        "Gross Profit": 661,
        "Operating Income": 342,
        "EBIT": 470,
        "Net Income": 230
    },
    "2020-12-31": {
        "Diluted EPS": 0.35,
        "Total Revenue": NaN,
        "Gross Profit": 529,
        "Operating Income": 180,
        "EBIT": 303,
        "Net Income": 151
    },
    "2020-09-30": {
        "Diluted EPS": 1.1,
        "Total Revenue": NaN,
        "Gross Profit": 624,
        "Operating Income": 556,
        "EBIT": 669,
        "Net Income": 439
    },
    "2020-06-30": {
        "Diluted EPS": 0.34,
        "Total Revenue": NaN,
        "Gross Profit": 441,
        "Operating Income": 128,
        "EBIT": 233,
        "Net Income": 132
    },
    "2020-03-31": {
        "Diluted EPS": 0.16,
        "Total Revenue": NaN,
        "Gross Profit": 371,
        "Operating Income": 97,
        "EBIT": 206,
        "Net Income": 62
    },
    "2019-12-31": {
        "Diluted EPS": 0.23,
        "Total Revenue": NaN,
        "Gross Profit": 441,
        "Operating Income": 94,
        "EBIT": 200,
        "Net Income": 90
    },
    "2019-09-30": {
        "Diluted EPS": 0.58,
        "Total Revenue": NaN,
        "Gross Profit": 594,
        "Operating Income": 300,
        "EBIT": 405,
        "Net Income": 223
    },
    "2019-06-30": {
        "Diluted EPS": 0.46,
        "Total Revenue": NaN,
        "Gross Profit": 481,
        "Operating Income": 204,
        "EBIT": 310,
        "Net Income": 178
    },
    "2019-03-31": {
        "Diluted EPS": 0.57,
        "Total Revenue": NaN,
        "Gross Profit": 601,
        "Operating Income": 303,
        "EBIT": 414,
        "Net Income": 222
    },
    "2018-12-31": {
        "Diluted EPS": 0.2,
        "Total Revenue": NaN,
        "Gross Profit": 392,
        "Operating Income": 84,
        "EBIT": 186,
        "Net Income": 74
    },
    "2018-09-30": {
        "Diluted EPS": 0.51,
        "Total Revenue": NaN,
        "Gross Profit": 557,
        "Operating Income": 269,
        "EBIT": 377,
        "Net Income": 203
    },
    "2018-06-30": {
        "Diluted EPS": 0.36,
        "Total Revenue": NaN,
        "Gross Profit": 466,
        "Operating Income": 193,
        "EBIT": 310,
        "Net Income": 143
    },
    "2018-03-31": {
        "Diluted EPS": 0.72,
        "Total Revenue": NaN,
        "Gross Profit": 566,
        "Operating Income": 395,
        "EBIT": 513,
        "Net Income": 288
    },
    "2017-12-31": {
        "Diluted EPS": -0.27,
        "Total Revenue": NaN,
        "Gross Profit": 399,
        "Operating Income": 47,
        "EBIT": 155,
        "Net Income": -107
    },
    "2017-09-30": {
        "Diluted EPS": 0.44,
        "Total Revenue": NaN,
        "Gross Profit": 553,
        "Operating Income": 264,
        "EBIT": 369,
        "Net Income": 176
    },
    "2017-06-30": {
        "Diluted EPS": 0.31,
        "Total Revenue": NaN,
        "Gross Profit": 453,
        "Operating Income": 171,
        "EBIT": 271,
        "Net Income": 125
    },
    "2017-03-31": {
        "Diluted EPS": 0.52,
        "Total Revenue": NaN,
        "Gross Profit": 542,
        "Operating Income": 296,
        "EBIT": 392,
        "Net Income": 204
    },
    "2016-12-31": {
        "Diluted EPS": 0.0,
        "Total Revenue": NaN,
        "Gross Profit": NaN,
        "Operating Income": NaN,
        "EBIT": NaN,
        "Net Income": NaN
    },
    "2016-06-30": {
        "Diluted EPS": 0.21,
        "Total Revenue": NaN,
        "Gross Profit": 226,
        "Operating Income": 87,
        "EBIT": 190,
        "Net Income": 77
    },
    "2016-03-31": {
        "Diluted EPS": 0.4,
        "Total Revenue": NaN,
        "Gross Profit": 271,
        "Operating Income": 209,
        "EBIT": 277,
        "Net Income": 145
    },
    "2015-12-31": {
        "Diluted EPS": 0.0,
        "Total Revenue": NaN,
        "Gross Profit": NaN,
        "Operating Income": NaN,
        "EBIT": NaN,
        "Net Income": NaN
    },
    "2014-12-31": {
        "Diluted EPS": 0.0,
        "Total Revenue": NaN,
        "Gross Profit": NaN,
        "Operating Income": NaN,
        "EBIT": NaN,
        "Net Income": NaN
    },
    "2023-09-30": {
        "Tax Effect Of Unusual Items": -1100000.0,
        "Tax Rate For Calcs": 0.275,
        "Normalized EBITDA": 438000000.0,
        "Total Unusual Items": -4000000.0,
        "Total Unusual Items Excluding Goodwill": -4000000.0,
        "Net Income From Continuing Operation Net Minority Interest": 244000000.0,
        "Reconciled Depreciation": 111000000.0,
        "Reconciled Cost Of Revenue": 2282000000.0,
        "EBITDA": 434000000.0,
        "EBIT": 323000000.0,
        "Net Interest Income": 46000000.0,
        "Interest Income": 46000000.0,
        "Normalized Income": 246900000.0,
        "Net Income From Continuing And Discontinued Operation": 244000000.0,
        "Total Expenses": 2591000000.0,
        "Rent Expense Supplemental": 732000000.0,
        "Total Operating Income As Reported": 323000000.0,
        "Diluted Average Shares": 420000000.0,
        "Basic Average Shares": 416000000.0,
        "Diluted EPS": 0.58,
        "Basic EPS": 0.59,
        "Diluted NI Availto Com Stockholders": 244000000.0,
        "Net Income Common Stockholders": 244000000.0,
        "Net Income": 244000000.0,
        "Minority Interests": -23000000.0,
        "Net Income Including Noncontrolling Interests": 267000000.0,
        "Net Income Continuous Operations": 267000000.0,
        "Earnings From Equity Interest Net Of Tax": 2000000.0,
        "Tax Provision": 100000000.0,
        "Pretax Income": 365000000.0,
        "Other Income Expense": -4000000.0,
        "Other Non Operating Income Expenses": NaN,
        "Special Income Charges": 0.0,
        "Gain On Sale Of Business": 0.0,
        "Restructuring And Mergern Acquisition": 0.0,
        "Earnings From Equity Interest": NaN,
        "Gain On Sale Of Security": -4000000.0,
        "Net Non Operating Interest Income Expense": 46000000.0,
        "Interest Income Non Operating": 46000000.0,
        "Operating Income": 323000000.0,
        "Operating Expense": 198000000.0,
        "Other Operating Expenses": 29000000.0,
        "Depreciation Amortization Depletion Income Statement": 0.0,
        "Depreciation And Amortization In Income Statement": 0.0,
        "Amortization": 0.0,
        "Amortization Of Intangibles Income Statement": 0.0,
        "Selling General And Administration": 169000000.0,
        "General And Administrative Expense": 169000000.0,
        "Other Gand A": 169000000.0,
        "Gross Profit": 521000000.0,
        "Cost Of Revenue": 2393000000.0,
        "Total Revenue": 2914000000.0,
        "Operating Revenue": 2882000000.0
    },
    "2023-12-31": {
        "Tax Effect Of Unusual Items": -6695652.173913,
        "Tax Rate For Calcs": 0.23913,
        "Normalized EBITDA": 263000000.0,
        "Total Unusual Items": -28000000.0,
        "Total Unusual Items Excluding Goodwill": -28000000.0,
        "Net Income From Continuing Operation Net Minority Interest": 97000000.0,
        "Reconciled Depreciation": 114000000.0,
        "Reconciled Cost Of Revenue": 2070000000.0,
        "EBITDA": 235000000.0,
        "EBIT": 121000000.0,
        "Net Interest Income": 45000000.0,
        "Interest Income": 45000000.0,
        "Normalized Income": 118304347.826087,
        "Net Income From Continuing And Discontinued Operation": 97000000.0,
        "Total Expenses": 2372000000.0,
        "Rent Expense Supplemental": 654000000.0,
        "Total Operating Income As Reported": 110000000.0,
        "Diluted Average Shares": 415000000.0,
        "Basic Average Shares": 411000000.0,
        "Diluted EPS": 0.23,
        "Basic EPS": 0.23,
        "Diluted NI Availto Com Stockholders": 97000000.0,
        "Net Income Common Stockholders": 97000000.0,
        "Net Income": 97000000.0,
        "Minority Interests": -10000000.0,
        "Net Income Including Noncontrolling Interests": 107000000.0,
        "Net Income Continuous Operations": 107000000.0,
        "Earnings From Equity Interest Net Of Tax": 2000000.0,
        "Tax Provision": 33000000.0,
        "Pretax Income": 138000000.0,
        "Other Income Expense": -28000000.0,
        "Other Non Operating Income Expenses": NaN,
        "Special Income Charges": -12000000.0,
        "Gain On Sale Of Business": -12000000.0,
        "Restructuring And Mergern Acquisition": 12000000.0,
        "Earnings From Equity Interest": NaN,
        "Gain On Sale Of Security": -16000000.0,
        "Net Non Operating Interest Income Expense": 45000000.0,
        "Interest Income Non Operating": 45000000.0,
        "Operating Income": 121000000.0,
        "Operating Expense": 188000000.0,
        "Other Operating Expenses": 35000000.0,
        "Depreciation Amortization Depletion Income Statement": 0.0,
        "Depreciation And Amortization In Income Statement": 0.0,
        "Amortization": 0.0,
        "Amortization Of Intangibles Income Statement": 0.0,
        "Selling General And Administration": 153000000.0,
        "General And Administrative Expense": 153000000.0,
        "Other Gand A": 153000000.0,
        "Gross Profit": 309000000.0,
        "Cost Of Revenue": 2184000000.0,
        "Total Revenue": 2493000000.0,
        "Operating Revenue": 2453000000.0
    },
    "2024-03-31": {
        "Tax Effect Of Unusual Items": 1883000.0,
        "Tax Rate For Calcs": 0.269,
        "Normalized EBITDA": 484000000.0,
        "Total Unusual Items": 7000000.0,
        "Total Unusual Items Excluding Goodwill": 7000000.0,
        "Net Income From Continuing Operation Net Minority Interest": 287000000.0,
        "Reconciled Depreciation": 117000000.0,
        "Reconciled Cost Of Revenue": 2415000000.0,
        "EBITDA": 491000000.0,
        "EBIT": 374000000.0,
        "Net Interest Income": 38000000.0,
        "Interest Income": 38000000.0,
        "Normalized Income": 281883000.0,
        "Net Income From Continuing And Discontinued Operation": 287000000.0,
        "Total Expenses": 2584000000.0,
        "Rent Expense Supplemental": 697000000.0,
        "Total Operating Income As Reported": 374000000.0,
        "Diluted Average Shares": 403000000.0,
        "Basic Average Shares": 401000000.0,
        "Diluted EPS": 0.71,
        "Basic EPS": 0.72,
        "Diluted NI Availto Com Stockholders": 287000000.0,
        "Net Income Common Stockholders": 287000000.0,
        "Net Income": 287000000.0,
        "Minority Interests": -20000000.0,
        "Net Income Including Noncontrolling Interests": 307000000.0,
        "Net Income Continuous Operations": 307000000.0,
        "Earnings From Equity Interest Net Of Tax": 0.0,
        "Tax Provision": 113000000.0,
        "Pretax Income": 420000000.0,
        "Other Income Expense": 8000000.0,
        "Other Non Operating Income Expenses": 1000000.0,
        "Special Income Charges": -1000000.0,
        "Gain On Sale Of Business": -1000000.0,
        "Restructuring And Mergern Acquisition": 1000000.0,
        "Earnings From Equity Interest": NaN,
        "Gain On Sale Of Security": 8000000.0,
        "Net Non Operating Interest Income Expense": 38000000.0,
        "Interest Income Non Operating": 38000000.0,
        "Operating Income": 374000000.0,
        "Operating Expense": 169000000.0,
        "Other Operating Expenses": 29000000.0,
        "Depreciation Amortization Depletion Income Statement": NaN,
        "Depreciation And Amortization In Income Statement": NaN,
        "Amortization": NaN,
        "Amortization Of Intangibles Income Statement": NaN,
        "Selling General And Administration": 140000000.0,
        "General And Administrative Expense": 140000000.0,
        "Other Gand A": 140000000.0,
        "Gross Profit": 543000000.0,
        "Cost Of Revenue": 2415000000.0,
        "Total Revenue": 2958000000.0,
        "Operating Revenue": 2926000000.0
    },
    "2024-06-30": {
        "Tax Effect Of Unusual Items": -1260000.0,
        "Tax Rate For Calcs": 0.252,
        "Normalized EBITDA": 402000000.0,
        "Total Unusual Items": -5000000.0,
        "Total Unusual Items Excluding Goodwill": -5000000.0,
        "Net Income From Continuing Operation Net Minority Interest": 212000000.0,
        "Reconciled Depreciation": 118000000.0,
        "Reconciled Cost Of Revenue": 2238000000.0,
        "EBITDA": 397000000.0,
        "EBIT": 279000000.0,
        "Net Interest Income": 31000000.0,
        "Interest Income": 31000000.0,
        "Normalized Income": 215740000.0,
        "Net Income From Continuing And Discontinued Operation": 212000000.0,
        "Total Expenses": 2400000000.0,
        "Rent Expense Supplemental": 674000000.0,
        "Total Operating Income As Reported": 266000000.0,
        "Diluted Average Shares": 391000000.0,
        "Basic Average Shares": 389000000.0,
        "Diluted EPS": 0.55,
        "Basic EPS": 0.55,
        "Diluted NI Availto Com Stockholders": 212000000.0,
        "Net Income Common Stockholders": 212000000.0,
        "Net Income": 212000000.0,
        "Minority Interests": -16000000.0,
        "Net Income Including Noncontrolling Interests": 228000000.0,
        "Net Income Continuous Operations": 228000000.0,
        "Earnings From Equity Interest Net Of Tax": 0.0,
        "Tax Provision": 77000000.0,
        "Pretax Income": 305000000.0,
        "Other Income Expense": -5000000.0,
        "Other Non Operating Income Expenses": NaN,
        "Special Income Charges": -13000000.0,
        "Gain On Sale Of Business": -13000000.0,
        "Restructuring And Mergern Acquisition": NaN,
        "Earnings From Equity Interest": NaN,
        "Gain On Sale Of Security": 8000000.0,
        "Net Non Operating Interest Income Expense": 31000000.0,
        "Interest Income Non Operating": 31000000.0,
        "Operating Income": 279000000.0,
        "Operating Expense": 162000000.0,
        "Other Operating Expenses": 29000000.0,
        "Depreciation Amortization Depletion Income Statement": NaN,
        "Depreciation And Amortization In Income Statement": NaN,
        "Amortization": NaN,
        "Amortization Of Intangibles Income Statement": NaN,
        "Selling General And Administration": 133000000.0,
        "General And Administrative Expense": 133000000.0,
        "Other Gand A": 133000000.0,
        "Gross Profit": 441000000.0,
        "Cost Of Revenue": 2238000000.0,
        "Total Revenue": 2679000000.0,
        "Operating Revenue": 2646000000.0
    }
}