{
    "2023-03-31": {
        "Tax Effect Of Unusual Items": NaN,
        "Tax Rate For Calcs": NaN,
        "Normalized EBITDA": NaN,
        "Total Unusual Items": NaN,
        "Total Unusual Items Excluding Goodwill": NaN,
        "Net Income From Continuing Operation Net Minority Interest": NaN,
        "Reconciled Cost Of Revenue": NaN,
        "EBITDA": NaN,
        "EBIT": NaN,
        "Net Interest Income": NaN,
        "Interest Expense": NaN,
        "Interest Income": NaN,
        "Normalized Income": NaN,
        "Net Income From Continuing And Discontinued Operation": NaN,
        "Total Expenses": NaN,
        "Total Operating Income As Reported": NaN,
        "Diluted Average Shares": NaN,
        "Basic Average Shares": NaN,
        "Diluted EPS": NaN,
        "Basic EPS": NaN,
        "Diluted NI Availto Com Stockholders": NaN,
        "Net Income Common Stockholders": NaN,
        "Otherunder Preferred Stock Dividend": 1566000.0,
        "Preferred Stock Dividends": NaN,
        "Net Income": NaN,
        "Minority Interests": NaN,
        "Net Income Including Noncontrolling Interests": NaN,
        "Net Income Continuous Operations": NaN,
        "Earnings From Equity Interest Net Of Tax": NaN,
        "Tax Provision": NaN,
        "Pretax Income": NaN,
        "Other Income Expense": NaN,
        "Special Income Charges": 0.0,
        "Gain On Sale Of Business": NaN,
        "Impairment Of Capital Assets": 0.0,
        "Gain On Sale Of Security": NaN,
        "Net Non Operating Interest Income Expense": NaN,
        "Interest Expense Non Operating": NaN,
        "Interest Income Non Operating": NaN,
        "Operating Income": NaN,
        "Operating Expense": NaN,
        "Other Operating Expenses": NaN,
        "Research And Development": NaN,
        "Selling General And Administration": NaN,
        "Selling And Marketing Expense": NaN,
        "General And Administrative Expense": NaN,
        "Other Gand A": NaN,
        "Gross Profit": NaN,
        "Cost Of Revenue": NaN,
        "Total Revenue": NaN,
        "Operating Revenue": NaN
    },
    "2022-12-31": {
        "Tax Effect Of Unusual Items": NaN,
        "Tax Rate For Calcs": NaN,
        "Normalized EBITDA": NaN,
        "Total Unusual Items": NaN,
        "Total Unusual Items Excluding Goodwill": NaN,
        "Net Income From Continuing Operation Net Minority Interest": NaN,
        "Reconciled Cost Of Revenue": NaN,
        "EBITDA": NaN,
        "EBIT": NaN,
        "Net Interest Income": NaN,
        "Interest Expense": NaN,
        "Interest Income": NaN,
        "Normalized Income": NaN,
        "Net Income From Continuing And Discontinued Operation": NaN,
        "Total Expenses": NaN,
        "Total Operating Income As Reported": NaN,
        "Diluted Average Shares": NaN,
        "Basic Average Shares": NaN,
        "Diluted EPS": NaN,
        "Basic EPS": NaN,
        "Diluted NI Availto Com Stockholders": NaN,
        "Net Income Common Stockholders": NaN,
        "Otherunder Preferred Stock Dividend": 1530000.0,
        "Preferred Stock Dividends": NaN,
        "Net Income": NaN,
        "Minority Interests": NaN,
        "Net Income Including Noncontrolling Interests": NaN,
        "Net Income Discontinuous Operations": 0.0,
        "Net Income Continuous Operations": NaN,
        "Earnings From Equity Interest Net Of Tax": NaN,
        "Tax Provision": NaN,
        "Pretax Income": NaN,
        "Other Income Expense": NaN,
        "Special Income Charges": NaN,
        "Gain On Sale Of Business": 0.0,
        "Other Special Charges": -1087000.0,
        "Impairment Of Capital Assets": NaN,
        "Gain On Sale Of Security": NaN,
        "Net Non Operating Interest Income Expense": NaN,
        "Interest Expense Non Operating": NaN,
        "Interest Income Non Operating": NaN,
        "Operating Income": NaN,
        "Operating Expense": NaN,
        "Other Operating Expenses": NaN,
        "Research And Development": NaN,
        "Selling General And Administration": NaN,
        "Selling And Marketing Expense": NaN,
        "General And Administrative Expense": NaN,
        "Other Gand A": NaN,
        "Gross Profit": NaN,
        "Cost Of Revenue": NaN,
        "Total Revenue": NaN,
        "Operating Revenue": NaN
    },
    "2022-09-30": {
        "Tax Effect Of Unusual Items": NaN,
        "Tax Rate For Calcs": NaN,
        "Normalized EBITDA": NaN,
        "Total Unusual Items": NaN,
        "Total Unusual Items Excluding Goodwill": NaN,
        "Net Income From Continuing Operation Net Minority Interest": NaN,
        "Reconciled Cost Of Revenue": NaN,
        "EBITDA": NaN,
        "EBIT": NaN,
        "Net Interest Income": NaN,
        "Interest Expense": NaN,
        "Interest Income": NaN,
        "Normalized Income": NaN,
        "Net Income From Continuing And Discontinued Operation": NaN,
        "Total Expenses": NaN,
        "Total Operating Income As Reported": NaN,
        "Diluted Average Shares": NaN,
        "Basic Average Shares": NaN,
        "Diluted EPS": NaN,
        "Basic EPS": NaN,
        "Diluted NI Availto Com Stockholders": NaN,
        "Net Income Common Stockholders": NaN,
        "Otherunder Preferred Stock Dividend": 1396000.0,
        "Preferred Stock Dividends": NaN,
        "Net Income": NaN,
        "Minority Interests": NaN,
        "Net Income Including Noncontrolling Interests": NaN,
        "Net Income Discontinuous Operations": 0.0,
        "Net Income Continuous Operations": NaN,
        "Earnings From Equity Interest Net Of Tax": NaN,
        "Tax Provision": NaN,
        "Pretax Income": NaN,
        "Other Income Expense": NaN,
        "Special Income Charges": NaN,
        "Gain On Sale Of Business": 0.0,
        "Other Special Charges": -56159000.0,
        "Impairment Of Capital Assets": NaN,
        "Gain On Sale Of Security": NaN,
        "Net Non Operating Interest Income Expense": NaN,
        "Interest Expense Non Operating": NaN,
        "Interest Income Non Operating": NaN,
        "Operating Income": NaN,
        "Operating Expense": NaN,
        "Other Operating Expenses": NaN,
        "Research And Development": NaN,
        "Selling General And Administration": NaN,
        "Selling And Marketing Expense": NaN,
        "General And Administrative Expense": NaN,
        "Other Gand A": NaN,
        "Gross Profit": NaN,
        "Cost Of Revenue": NaN,
        "Total Revenue": NaN,
        "Operating Revenue": NaN
    },
    "2022-06-30": {
        "Tax Effect Of Unusual Items": 5648187.947924,
        "Tax Rate For Calcs": 0.324329,
        "Normalized EBITDA": 56684000.0,
        "Total Unusual Items": 17415000.0,
        "Total Unusual Items Excluding Goodwill": 17415000.0,
        "Net Income From Continuing Operation Net Minority Interest": 18651000.0,
        "Reconciled Cost Of Revenue": 377671000.0,
        "EBITDA": 74099000.0,
        "EBIT": 74099000.0,
        "Net Interest Income": 14586000.0,
        "Interest Expense": 3356000.0,
        "Interest Income": 17942000.0,
        "Normalized Income": 6884187.947924,
        "Net Income From Continuing And Discontinued Operation": 18651000.0,
        "Total Expenses": 557356000.0,
        "Total Operating Income As Reported": 38742000.0,
        "Diluted Average Shares": 72586310.0,
        "Basic Average Shares": 71893282.0,
        "Diluted EPS": 0.23,
        "Basic EPS": 0.23,
        "Diluted NI Availto Com Stockholders": 16401000.0,
        "Net Income Common Stockholders": 16401000.0,
        "Otherunder Preferred Stock Dividend": 1250000.0,
        "Preferred Stock Dividends": 1000000.0,
        "Net Income": 18651000.0,
        "Minority Interests": 3689000.0,
        "Net Income Including Noncontrolling Interests": 14962000.0,
        "Net Income Discontinuous Operations": 0.0,
        "Net Income Continuous Operations": 14962000.0,
        "Earnings From Equity Interest Net Of Tax": -32837000.0,
        "Tax Provision": 22944000.0,
        "Pretax Income": 70743000.0,
        "Other Income Expense": 17415000.0,
        "Special Income Charges": 4017000.0,
        "Gain On Sale Of Business": 0.0,
        "Other Special Charges": -4017000.0,
        "Impairment Of Capital Assets": NaN,
        "Gain On Sale Of Security": 13398000.0,
        "Net Non Operating Interest Income Expense": 14586000.0,
        "Interest Expense Non Operating": 3356000.0,
        "Interest Income Non Operating": 17942000.0,
        "Operating Income": 38742000.0,
        "Operating Expense": 179685000.0,
        "Other Operating Expenses": -5286000.0,
        "Research And Development": 62876000.0,
        "Selling General And Administration": 122095000.0,
        "Selling And Marketing Expense": 98415000.0,
        "General And Administrative Expense": 23680000.0,
        "Other Gand A": 23680000.0,
        "Gross Profit": 218427000.0,
        "Cost Of Revenue": 377671000.0,
        "Total Revenue": 596098000.0,
        "Operating Revenue": 565239000.0
    },
    "2023-06-30": {
        "Tax Effect Of Unusual Items": 3465628.660905,
        "Tax Rate For Calcs": 0.036169,
        "Normalized EBITDA": 56041000.0,
        "Total Unusual Items": 95818000.0,
        "Total Unusual Items Excluding Goodwill": 95818000.0,
        "Net Income From Continuing Operation Net Minority Interest": 155103000.0,
        "Reconciled Cost Of Revenue": 349566000.0,
        "EBITDA": 151859000.0,
        "EBIT": 151859000.0,
        "Net Interest Income": 43545000.0,
        "Interest Expense": 3057000.0,
        "Interest Income": 46602000.0,
        "Normalized Income": 62750628.660905,
        "Net Income From Continuing And Discontinued Operation": 155103000.0,
        "Total Expenses": 537895000.0,
        "Total Operating Income As Reported": 9439000.0,
        "Diluted Average Shares": 76872137.0,
        "Basic Average Shares": 67273951.0,
        "Diluted EPS": 2.02,
        "Basic EPS": 2.27,
        "Diluted NI Availto Com Stockholders": 152537000.0,
        "Net Income Common Stockholders": 152537000.0,
        "Otherunder Preferred Stock Dividend": 1566000.0,
        "Preferred Stock Dividends": 2566000.0,
        "Net Income": 155103000.0,
        "Minority Interests": 7798000.0,
        "Net Income Including Noncontrolling Interests": 147305000.0,
        "Net Income Continuous Operations": 147305000.0,
        "Earnings From Equity Interest Net Of Tax": 3885000.0,
        "Tax Provision": 5382000.0,
        "Pretax Income": 148802000.0,
        "Other Income Expense": 95818000.0,
        "Special Income Charges": 0.0,
        "Gain On Sale Of Business": 0.0,
        "Impairment Of Capital Assets": NaN,
        "Gain On Sale Of Security": 95818000.0,
        "Net Non Operating Interest Income Expense": 43545000.0,
        "Interest Expense Non Operating": 3057000.0,
        "Interest Income Non Operating": 46602000.0,
        "Operating Income": 9439000.0,
        "Operating Expense": 188329000.0,
        "Other Operating Expenses": -3382000.0,
        "Research And Development": 75540000.0,
        "Selling General And Administration": 116171000.0,
        "Selling And Marketing Expense": 87205000.0,
        "General And Administrative Expense": 28966000.0,
        "Other Gand A": 28966000.0,
        "Gross Profit": 197768000.0,
        "Cost Of Revenue": 349566000.0,
        "Total Revenue": 547334000.0,
        "Operating Revenue": 476981000.0
    },
    "2023-09-30": {
        "Tax Effect Of Unusual Items": -365251.892599,
        "Tax Rate For Calcs": 0.053081,
        "Normalized EBITDA": 65556000.0,
        "Total Unusual Items": -6881000.0,
        "Total Unusual Items Excluding Goodwill": -6881000.0,
        "Net Income From Continuing Operation Net Minority Interest": 72892000.0,
        "Reconciled Cost Of Revenue": 357914000.0,
        "EBITDA": 58675000.0,
        "EBIT": 58675000.0,
        "Net Interest Income": 45191000.0,
        "Interest Expense": 2139000.0,
        "Interest Income": 47330000.0,
        "Normalized Income": 79407748.107401,
        "Net Income From Continuing And Discontinued Operation": 72892000.0,
        "Total Expenses": 548843000.0,
        "Total Operating Income As Reported": 12049000.0,
        "Diluted Average Shares": 67669387.0,
        "Basic Average Shares": 62266339.0,
        "Diluted EPS": 1.86,
        "Basic EPS": 1.99,
        "Diluted NI Availto Com Stockholders": 123909000.0,
        "Net Income Common Stockholders": 123909000.0,
        "Otherunder Preferred Stock Dividend": -51017000.0,
        "Preferred Stock Dividends": -51017000.0,
        "Net Income": 72892000.0,
        "Minority Interests": 7812000.0,
        "Net Income Including Noncontrolling Interests": 65080000.0,
        "Net Income Continuous Operations": 65080000.0,
        "Earnings From Equity Interest Net Of Tax": 11545000.0,
        "Tax Provision": 3001000.0,
        "Pretax Income": 56536000.0,
        "Other Income Expense": -6881000.0,
        "Special Income Charges": -6177000.0,
        "Gain On Sale Of Business": -6177000.0,
        "Impairment Of Capital Assets": NaN,
        "Gain On Sale Of Security": -704000.0,
        "Net Non Operating Interest Income Expense": 45191000.0,
        "Interest Expense Non Operating": 2139000.0,
        "Interest Income Non Operating": 47330000.0,
        "Operating Income": 18226000.0,
        "Operating Expense": 190929000.0,
        "Other Operating Expenses": -333000.0,
        "Research And Development": 71608000.0,
        "Selling General And Administration": 119654000.0,
        "Selling And Marketing Expense": 92515000.0,
        "General And Administrative Expense": 27139000.0,
        "Other Gand A": 27139000.0,
        "Gross Profit": 209155000.0,
        "Cost Of Revenue": 357914000.0,
        "Total Revenue": 567069000.0,
        "Operating Revenue": 495801000.0
    },
    "2023-12-31": {
        "Tax Effect Of Unusual Items": -91525.839227,
        "Tax Rate For Calcs": 0.048299,
        "Normalized EBITDA": 51941000.0,
        "Total Unusual Items": -1895000.0,
        "Total Unusual Items Excluding Goodwill": -1895000.0,
        "Net Income From Continuing Operation Net Minority Interest": 45835000.0,
        "Reconciled Cost Of Revenue": 368360000.0,
        "EBITDA": 50046000.0,
        "EBIT": 50046000.0,
        "Net Interest Income": 45030000.0,
        "Interest Expense": 2115000.0,
        "Interest Income": 47145000.0,
        "Normalized Income": 47638474.160773,
        "Net Income From Continuing And Discontinued Operation": 45835000.0,
        "Total Expenses": 565043000.0,
        "Total Operating Income As Reported": 4796000.0,
        "Diluted Average Shares": 3369204.0,
        "Basic Average Shares": 3093813.0,
        "Diluted EPS": 14.8,
        "Basic EPS": 15.6,
        "Diluted NI Availto Com Stockholders": 45485000.0,
        "Net Income Common Stockholders": 45485000.0,
        "Otherunder Preferred Stock Dividend": NaN,
        "Preferred Stock Dividends": 350000.0,
        "Net Income": 45835000.0,
        "Minority Interests": 5746000.0,
        "Net Income Including Noncontrolling Interests": 40089000.0,
        "Net Income Continuous Operations": 40089000.0,
        "Earnings From Equity Interest Net Of Tax": -5527000.0,
        "Tax Provision": 2315000.0,
        "Pretax Income": 47931000.0,
        "Other Income Expense": -1895000.0,
        "Special Income Charges": 0.0,
        "Gain On Sale Of Business": 0.0,
        "Impairment Of Capital Assets": NaN,
        "Gain On Sale Of Security": -1895000.0,
        "Net Non Operating Interest Income Expense": 45030000.0,
        "Interest Expense Non Operating": 2115000.0,
        "Interest Income Non Operating": 47145000.0,
        "Operating Income": 4796000.0,
        "Operating Expense": 196683000.0,
        "Other Operating Expenses": -2742000.0,
        "Research And Development": 72580000.0,
        "Selling General And Administration": 126845000.0,
        "Selling And Marketing Expense": 92258000.0,
        "General And Administrative Expense": 34587000.0,
        "Other Gand A": 34587000.0,
        "Gross Profit": 201479000.0,
        "Cost Of Revenue": 368360000.0,
        "Total Revenue": 569839000.0,
        "Operating Revenue": 486196000.0
    },
    "2024-03-31": {
        "Tax Effect Of Unusual Items": 152693.781558,
        "Tax Rate For Calcs": 0.087104,
        "Normalized EBITDA": 52470000.0,
        "Total Unusual Items": 1753000.0,
        "Total Unusual Items Excluding Goodwill": 1753000.0,
        "Net Income From Continuing Operation Net Minority Interest": 45286000.0,
        "Reconciled Cost Of Revenue": 369197000.0,
        "EBITDA": 54223000.0,
        "EBIT": 54223000.0,
        "Net Interest Income": 46791000.0,
        "Interest Expense": 2136000.0,
        "Interest Income": 48927000.0,
        "Normalized Income": 43685693.781558,
        "Net Income From Continuing And Discontinued Operation": 45286000.0,
        "Total Expenses": 561017000.0,
        "Total Operating Income As Reported": 3543000.0,
        "Diluted Average Shares": 67152622.0,
        "Basic Average Shares": 61783347.0,
        "Diluted EPS": 0.69,
        "Basic EPS": 0.73,
        "Diluted NI Availto Com Stockholders": 44939000.0,
        "Net Income Common Stockholders": 44939000.0,
        "Otherunder Preferred Stock Dividend": NaN,
        "Preferred Stock Dividends": 347000.0,
        "Net Income": 45286000.0,
        "Minority Interests": 5131000.0,
        "Net Income Including Noncontrolling Interests": 40155000.0,
        "Net Income Continuous Operations": 40155000.0,
        "Earnings From Equity Interest Net Of Tax": -7395000.0,
        "Tax Provision": 4537000.0,
        "Pretax Income": 52087000.0,
        "Other Income Expense": 1753000.0,
        "Special Income Charges": NaN,
        "Gain On Sale Of Business": NaN,
        "Impairment Of Capital Assets": NaN,
        "Gain On Sale Of Security": 1753000.0,
        "Net Non Operating Interest Income Expense": 46791000.0,
        "Interest Expense Non Operating": 2136000.0,
        "Interest Income Non Operating": 48927000.0,
        "Operating Income": 3543000.0,
        "Operating Expense": 191820000.0,
        "Other Operating Expenses": -3600000.0,
        "Research And Development": 69039000.0,
        "Selling General And Administration": 126381000.0,
        "Selling And Marketing Expense": 94638000.0,
        "General And Administrative Expense": 31743000.0,
        "Other Gand A": 31743000.0,
        "Gross Profit": 195363000.0,
        "Cost Of Revenue": 369197000.0,
        "Total Revenue": 564560000.0,
        "Operating Revenue": 466391000.0
    },
    "2024-06-30": {
        "Tax Effect Of Unusual Items": 118614.075988,
        "Tax Rate For Calcs": 0.055195,
        "Normalized EBITDA": 47328000.0,
        "Total Unusual Items": 2149000.0,
        "Total Unusual Items Excluding Goodwill": 2149000.0,
        "Net Income From Continuing Operation Net Minority Interest": 52066000.0,
        "Reconciled Cost Of Revenue": 366189000.0,
        "EBITDA": 49477000.0,
        "EBIT": 49477000.0,
        "Net Interest Income": 44838000.0,
        "Interest Expense": 1864000.0,
        "Interest Income": 46702000.0,
        "Normalized Income": 50035614.075988,
        "Net Income From Continuing And Discontinued Operation": 52066000.0,
        "Total Expenses": 564502000.0,
        "Total Operating Income As Reported": 2269000.0,
        "Diluted Average Shares": 64101951.0,
        "Basic Average Shares": 59537049.0,
        "Diluted EPS": 0.83,
        "Basic EPS": 0.87,
        "Diluted NI Availto Com Stockholders": 51719000.0,
        "Net Income Common Stockholders": 51719000.0,
        "Otherunder Preferred Stock Dividend": NaN,
        "Preferred Stock Dividends": 347000.0,
        "Net Income": 52066000.0,
        "Minority Interests": 4276000.0,
        "Net Income Including Noncontrolling Interests": 47790000.0,
        "Net Income Continuous Operations": 47790000.0,
        "Earnings From Equity Interest Net Of Tax": 2805000.0,
        "Tax Provision": 2628000.0,
        "Pretax Income": 47613000.0,
        "Other Income Expense": 2149000.0,
        "Special Income Charges": 1643000.0,
        "Gain On Sale Of Business": 1643000.0,
        "Impairment Of Capital Assets": NaN,
        "Gain On Sale Of Security": 506000.0,
        "Net Non Operating Interest Income Expense": 44838000.0,
        "Interest Expense Non Operating": 1864000.0,
        "Interest Income Non Operating": 46702000.0,
        "Operating Income": 626000.0,
        "Operating Expense": 198313000.0,
        "Other Operating Expenses": -361000.0,
        "Research And Development": 69856000.0,
        "Selling General And Administration": 128818000.0,
        "Selling And Marketing Expense": 88132000.0,
        "General And Administrative Expense": 40686000.0,
        "Other Gand A": 40686000.0,
        "Gross Profit": 198939000.0,
        "Cost Of Revenue": 366189000.0,
        "Total Revenue": 565128000.0,
        "Operating Revenue": 459730000.0
    }
}