{
    "2023-03-31": {
        "Tax Effect Of Unusual Items": NaN,
        "Tax Rate For Calcs": NaN,
        "Normalized EBITDA": NaN,
        "Total Unusual Items": NaN,
        "Total Unusual Items Excluding Goodwill": NaN,
        "Net Income From Continuing Operation Net Minority Interest": NaN,
        "Reconciled Depreciation": NaN,
        "Reconciled Cost Of Revenue": NaN,
        "EBITDA": NaN,
        "EBIT": NaN,
        "Net Interest Income": NaN,
        "Interest Expense": NaN,
        "Normalized Income": NaN,
        "Net Income From Continuing And Discontinued Operation": NaN,
        "Total Expenses": NaN,
        "Total Operating Income As Reported": NaN,
        "Diluted Average Shares": NaN,
        "Basic Average Shares": NaN,
        "Diluted EPS": NaN,
        "Basic EPS": NaN,
        "Diluted NI Availto Com Stockholders": NaN,
        "Net Income Common Stockholders": NaN,
        "Net Income": NaN,
        "Net Income Including Noncontrolling Interests": NaN,
        "Net Income Discontinuous Operations": 0.0,
        "Net Income Continuous Operations": NaN,
        "Tax Provision": NaN,
        "Pretax Income": NaN,
        "Other Income Expense": NaN,
        "Other Non Operating Income Expenses": NaN,
        "Special Income Charges": NaN,
        "Other Special Charges": NaN,
        "Write Off": NaN,
        "Restructuring And Mergern Acquisition": NaN,
        "Net Non Operating Interest Income Expense": NaN,
        "Interest Expense Non Operating": NaN,
        "Operating Income": NaN,
        "Operating Expense": NaN,
        "Research And Development": NaN,
        "Selling General And Administration": NaN,
        "Selling And Marketing Expense": NaN,
        "General And Administrative Expense": NaN,
        "Other Gand A": NaN,
        "Gross Profit": NaN,
        "Cost Of Revenue": NaN,
        "Total Revenue": NaN,
        "Operating Revenue": NaN
    },
    "2022-12-31": {
        "Tax Effect Of Unusual Items": NaN,
        "Tax Rate For Calcs": NaN,
        "Normalized EBITDA": NaN,
        "Total Unusual Items": NaN,
        "Total Unusual Items Excluding Goodwill": NaN,
        "Net Income From Continuing Operation Net Minority Interest": NaN,
        "Reconciled Depreciation": NaN,
        "Reconciled Cost Of Revenue": NaN,
        "EBITDA": NaN,
        "EBIT": NaN,
        "Net Interest Income": NaN,
        "Interest Expense": NaN,
        "Normalized Income": NaN,
        "Net Income From Continuing And Discontinued Operation": NaN,
        "Total Expenses": NaN,
        "Total Operating Income As Reported": NaN,
        "Diluted Average Shares": NaN,
        "Basic Average Shares": NaN,
        "Diluted EPS": NaN,
        "Basic EPS": NaN,
        "Diluted NI Availto Com Stockholders": NaN,
        "Net Income Common Stockholders": NaN,
        "Net Income": NaN,
        "Net Income Including Noncontrolling Interests": NaN,
        "Net Income Discontinuous Operations": 0.0,
        "Net Income Continuous Operations": NaN,
        "Tax Provision": NaN,
        "Pretax Income": NaN,
        "Other Income Expense": NaN,
        "Other Non Operating Income Expenses": NaN,
        "Special Income Charges": NaN,
        "Other Special Charges": NaN,
        "Write Off": NaN,
        "Restructuring And Mergern Acquisition": -14000000.0,
        "Net Non Operating Interest Income Expense": NaN,
        "Interest Expense Non Operating": NaN,
        "Operating Income": NaN,
        "Operating Expense": NaN,
        "Research And Development": NaN,
        "Selling General And Administration": NaN,
        "Selling And Marketing Expense": NaN,
        "General And Administrative Expense": NaN,
        "Other Gand A": NaN,
        "Gross Profit": NaN,
        "Cost Of Revenue": NaN,
        "Total Revenue": NaN,
        "Operating Revenue": NaN
    },
    "2022-09-30": {
        "Tax Effect Of Unusual Items": NaN,
        "Tax Rate For Calcs": NaN,
        "Normalized EBITDA": NaN,
        "Total Unusual Items": NaN,
        "Total Unusual Items Excluding Goodwill": NaN,
        "Net Income From Continuing Operation Net Minority Interest": NaN,
        "Reconciled Depreciation": NaN,
        "Reconciled Cost Of Revenue": NaN,
        "EBITDA": NaN,
        "EBIT": NaN,
        "Net Interest Income": NaN,
        "Interest Expense": NaN,
        "Normalized Income": NaN,
        "Net Income From Continuing And Discontinued Operation": NaN,
        "Total Expenses": NaN,
        "Total Operating Income As Reported": NaN,
        "Diluted Average Shares": NaN,
        "Basic Average Shares": NaN,
        "Diluted EPS": NaN,
        "Basic EPS": NaN,
        "Diluted NI Availto Com Stockholders": NaN,
        "Net Income Common Stockholders": NaN,
        "Net Income": NaN,
        "Net Income Including Noncontrolling Interests": NaN,
        "Net Income Discontinuous Operations": NaN,
        "Net Income Continuous Operations": NaN,
        "Tax Provision": NaN,
        "Pretax Income": NaN,
        "Other Income Expense": NaN,
        "Other Non Operating Income Expenses": NaN,
        "Special Income Charges": NaN,
        "Write Off": 0.0,
        "Restructuring And Mergern Acquisition": 0.0,
        "Net Non Operating Interest Income Expense": NaN,
        "Interest Expense Non Operating": NaN,
        "Operating Income": NaN,
        "Operating Expense": NaN,
        "Research And Development": NaN,
        "Selling General And Administration": NaN,
        "Selling And Marketing Expense": NaN,
        "General And Administrative Expense": NaN,
        "Other Gand A": NaN,
        "Gross Profit": NaN,
        "Cost Of Revenue": NaN,
        "Total Revenue": NaN,
        "Operating Revenue": NaN
    },
    "2022-06-30": {
        "Tax Effect Of Unusual Items": -3200000.0,
        "Tax Rate For Calcs": 0.4,
        "Normalized EBITDA": 80000000.0,
        "Total Unusual Items": -8000000.0,
        "Total Unusual Items Excluding Goodwill": -8000000.0,
        "Net Income From Continuing Operation Net Minority Interest": 8000000.0,
        "Reconciled Depreciation": 49000000.0,
        "Reconciled Cost Of Revenue": 566000000.0,
        "EBITDA": 72000000.0,
        "EBIT": 23000000.0,
        "Net Interest Income": -9000000.0,
        "Interest Expense": 9000000.0,
        "Normalized Income": 12800000.0,
        "Net Income From Continuing And Discontinued Operation": 8000000.0,
        "Total Expenses": 990000000.0,
        "Total Operating Income As Reported": 18000000.0,
        "Diluted Average Shares": 245163000.0,
        "Basic Average Shares": 243942000.0,
        "Diluted EPS": 0.03,
        "Basic EPS": 0.03,
        "Diluted NI Availto Com Stockholders": 8000000.0,
        "Net Income Common Stockholders": 8000000.0,
        "Net Income": 8000000.0,
        "Net Income Including Noncontrolling Interests": 8000000.0,
        "Net Income Discontinuous Operations": NaN,
        "Net Income Continuous Operations": 8000000.0,
        "Tax Provision": 6000000.0,
        "Pretax Income": 14000000.0,
        "Other Income Expense": 4000000.0,
        "Other Non Operating Income Expenses": 12000000.0,
        "Special Income Charges": -8000000.0,
        "Other Special Charges": 7000000.0,
        "Write Off": NaN,
        "Restructuring And Mergern Acquisition": 1000000.0,
        "Net Non Operating Interest Income Expense": -9000000.0,
        "Interest Expense Non Operating": 9000000.0,
        "Operating Income": 19000000.0,
        "Operating Expense": 424000000.0,
        "Research And Development": 119000000.0,
        "Selling General And Administration": 305000000.0,
        "Selling And Marketing Expense": 182000000.0,
        "General And Administrative Expense": 123000000.0,
        "Other Gand A": 123000000.0,
        "Salaries And Wages": NaN,
        "Gross Profit": 443000000.0,
        "Cost Of Revenue": 566000000.0,
        "Total Revenue": 1009000000.0,
        "Operating Revenue": 1009000000.0
    },
    "2023-06-30": {
        "Tax Effect Of Unusual Items": -630000.0,
        "Tax Rate For Calcs": 0.21,
        "Normalized EBITDA": 29000000.0,
        "Total Unusual Items": -3000000.0,
        "Total Unusual Items Excluding Goodwill": -3000000.0,
        "Net Income From Continuing Operation Net Minority Interest": -35000000.0,
        "Reconciled Depreciation": 51000000.0,
        "Reconciled Cost Of Revenue": 104000000.0,
        "EBITDA": 26000000.0,
        "EBIT": -25000000.0,
        "Net Interest Income": -9000000.0,
        "Interest Expense": 9000000.0,
        "Normalized Income": -32630000.0,
        "Net Income From Continuing And Discontinued Operation": -35000000.0,
        "Total Expenses": 570000000.0,
        "Total Operating Income As Reported": -67000000.0,
        "Diluted Average Shares": 233629000.0,
        "Basic Average Shares": 233629000.0,
        "Diluted EPS": -0.15,
        "Basic EPS": -0.15,
        "Diluted NI Availto Com Stockholders": -35000000.0,
        "Net Income Common Stockholders": -35000000.0,
        "Net Income": -35000000.0,
        "Net Income Including Noncontrolling Interests": -35000000.0,
        "Net Income Discontinuous Operations": 0.0,
        "Net Income Continuous Operations": -35000000.0,
        "Tax Provision": 1000000.0,
        "Pretax Income": -34000000.0,
        "Other Income Expense": 39000000.0,
        "Other Non Operating Income Expenses": 42000000.0,
        "Special Income Charges": -3000000.0,
        "Other Special Charges": NaN,
        "Write Off": 2000000.0,
        "Restructuring And Mergern Acquisition": 1000000.0,
        "Net Non Operating Interest Income Expense": -9000000.0,
        "Interest Expense Non Operating": 9000000.0,
        "Operating Income": -64000000.0,
        "Operating Expense": 466000000.0,
        "Research And Development": 140000000.0,
        "Selling General And Administration": 326000000.0,
        "Selling And Marketing Expense": 173000000.0,
        "General And Administrative Expense": 153000000.0,
        "Other Gand A": 153000000.0,
        "Gross Profit": 402000000.0,
        "Cost Of Revenue": 104000000.0,
        "Total Revenue": 506000000.0,
        "Operating Revenue": 495000000.0
    },
    "2023-09-30": {
        "Tax Effect Of Unusual Items": 0.0,
        "Tax Rate For Calcs": 0.0,
        "Normalized EBITDA": 38000000.0,
        "Total Unusual Items": -2000000.0,
        "Total Unusual Items Excluding Goodwill": -2000000.0,
        "Net Income From Continuing Operation Net Minority Interest": -28000000.0,
        "Reconciled Depreciation": 55000000.0,
        "Reconciled Cost Of Revenue": 110000000.0,
        "EBITDA": 36000000.0,
        "EBIT": -19000000.0,
        "Net Interest Income": -9000000.0,
        "Interest Expense": 9000000.0,
        "Normalized Income": -26000000.0,
        "Net Income From Continuing And Discontinued Operation": -28000000.0,
        "Total Expenses": 547000000.0,
        "Total Operating Income As Reported": -53000000.0,
        "Diluted Average Shares": 233295000.0,
        "Basic Average Shares": 233295000.0,
        "Diluted EPS": -0.12,
        "Basic EPS": -0.12,
        "Diluted NI Availto Com Stockholders": -28000000.0,
        "Net Income Common Stockholders": -28000000.0,
        "Net Income": -28000000.0,
        "Net Income Including Noncontrolling Interests": -28000000.0,
        "Net Income Discontinuous Operations": 0.0,
        "Net Income Continuous Operations": -28000000.0,
        "Tax Provision": 0.0,
        "Pretax Income": -28000000.0,
        "Other Income Expense": 32000000.0,
        "Other Non Operating Income Expenses": 34000000.0,
        "Special Income Charges": -2000000.0,
        "Other Special Charges": NaN,
        "Write Off": 1000000.0,
        "Restructuring And Mergern Acquisition": 1000000.0,
        "Net Non Operating Interest Income Expense": -9000000.0,
        "Interest Expense Non Operating": 9000000.0,
        "Operating Income": -51000000.0,
        "Operating Expense": 437000000.0,
        "Research And Development": 142000000.0,
        "Selling General And Administration": 295000000.0,
        "Selling And Marketing Expense": 164000000.0,
        "General And Administrative Expense": 131000000.0,
        "Other Gand A": 131000000.0,
        "Gross Profit": 386000000.0,
        "Cost Of Revenue": 110000000.0,
        "Total Revenue": 496000000.0,
        "Operating Revenue": 485000000.0
    },
    "2023-12-31": {
        "Tax Effect Of Unusual Items": -2310000.0,
        "Tax Rate For Calcs": 0.21,
        "Normalized EBITDA": 20000000.0,
        "Total Unusual Items": -11000000.0,
        "Total Unusual Items Excluding Goodwill": -11000000.0,
        "Net Income From Continuing Operation Net Minority Interest": -73000000.0,
        "Reconciled Depreciation": 70000000.0,
        "Reconciled Cost Of Revenue": 115000000.0,
        "EBITDA": 9000000.0,
        "EBIT": -61000000.0,
        "Net Interest Income": -9000000.0,
        "Interest Expense": 9000000.0,
        "Normalized Income": -64310000.0,
        "Net Income From Continuing And Discontinued Operation": -73000000.0,
        "Total Expenses": 567000000.0,
        "Total Operating Income As Reported": -105000000.0,
        "Diluted Average Shares": 232972000.0,
        "Basic Average Shares": 232972000.0,
        "Diluted EPS": -0.32,
        "Basic EPS": -0.32,
        "Diluted NI Availto Com Stockholders": -73000000.0,
        "Net Income Common Stockholders": -73000000.0,
        "Net Income": -73000000.0,
        "Net Income Including Noncontrolling Interests": -73000000.0,
        "Net Income Discontinuous Operations": 0.0,
        "Net Income Continuous Operations": -73000000.0,
        "Tax Provision": 3000000.0,
        "Pretax Income": -70000000.0,
        "Other Income Expense": 32000000.0,
        "Other Non Operating Income Expenses": 43000000.0,
        "Special Income Charges": -11000000.0,
        "Other Special Charges": NaN,
        "Write Off": 10000000.0,
        "Restructuring And Mergern Acquisition": 2000000.0,
        "Net Non Operating Interest Income Expense": -9000000.0,
        "Interest Expense Non Operating": 9000000.0,
        "Operating Income": -93000000.0,
        "Operating Expense": 452000000.0,
        "Research And Development": 141000000.0,
        "Selling General And Administration": 311000000.0,
        "Selling And Marketing Expense": 165000000.0,
        "General And Administrative Expense": 146000000.0,
        "Other Gand A": 146000000.0,
        "Gross Profit": 359000000.0,
        "Cost Of Revenue": 115000000.0,
        "Total Revenue": 474000000.0,
        "Operating Revenue": 464000000.0
    },
    "2024-03-31": {
        "Tax Effect Of Unusual Items": -1260000.0,
        "Tax Rate For Calcs": 0.21,
        "Normalized EBITDA": 53000000.0,
        "Total Unusual Items": -6000000.0,
        "Total Unusual Items Excluding Goodwill": -6000000.0,
        "Net Income From Continuing Operation Net Minority Interest": -23000000.0,
        "Reconciled Depreciation": 59000000.0,
        "Reconciled Cost Of Revenue": 123000000.0,
        "EBITDA": 47000000.0,
        "EBIT": -12000000.0,
        "Net Interest Income": -9000000.0,
        "Interest Expense": 9000000.0,
        "Normalized Income": -18260000.0,
        "Net Income From Continuing And Discontinued Operation": -23000000.0,
        "Total Expenses": 568000000.0,
        "Total Operating Income As Reported": -45000000.0,
        "Diluted Average Shares": 234695000.0,
        "Basic Average Shares": 234695000.0,
        "Diluted EPS": -0.1,
        "Basic EPS": -0.1,
        "Diluted NI Availto Com Stockholders": -23000000.0,
        "Net Income Common Stockholders": -23000000.0,
        "Net Income": -23000000.0,
        "Net Income Including Noncontrolling Interests": -23000000.0,
        "Net Income Discontinuous Operations": NaN,
        "Net Income Continuous Operations": -23000000.0,
        "Tax Provision": 2000000.0,
        "Pretax Income": -21000000.0,
        "Other Income Expense": 27000000.0,
        "Other Non Operating Income Expenses": 33000000.0,
        "Special Income Charges": -6000000.0,
        "Other Special Charges": NaN,
        "Write Off": 6000000.0,
        "Restructuring And Mergern Acquisition": NaN,
        "Net Non Operating Interest Income Expense": -9000000.0,
        "Interest Expense Non Operating": 9000000.0,
        "Operating Income": -39000000.0,
        "Operating Expense": 445000000.0,
        "Research And Development": 147000000.0,
        "Selling General And Administration": 298000000.0,
        "Selling And Marketing Expense": 166000000.0,
        "General And Administrative Expense": 132000000.0,
        "Other Gand A": 132000000.0,
        "Gross Profit": 406000000.0,
        "Cost Of Revenue": 123000000.0,
        "Total Revenue": 529000000.0,
        "Operating Revenue": 521000000.0
    },
    "2024-06-30": {
        "Tax Effect Of Unusual Items": -210000.0,
        "Tax Rate For Calcs": 0.21,
        "Normalized EBITDA": 58000000.0,
        "Total Unusual Items": -1000000.0,
        "Total Unusual Items Excluding Goodwill": -1000000.0,
        "Net Income From Continuing Operation Net Minority Interest": -17000000.0,
        "Reconciled Depreciation": 62000000.0,
        "Reconciled Cost Of Revenue": 130000000.0,
        "EBITDA": 57000000.0,
        "EBIT": -5000000.0,
        "Net Interest Income": -10000000.0,
        "Interest Expense": 10000000.0,
        "Normalized Income": -16210000.0,
        "Net Income From Continuing And Discontinued Operation": -17000000.0,
        "Total Expenses": 610000000.0,
        "Total Operating Income As Reported": -38000000.0,
        "Diluted Average Shares": 233453000.0,
        "Basic Average Shares": 233453000.0,
        "Diluted EPS": -0.07,
        "Basic EPS": -0.07,
        "Diluted NI Availto Com Stockholders": -17000000.0,
        "Net Income Common Stockholders": -17000000.0,
        "Net Income": -17000000.0,
        "Net Income Including Noncontrolling Interests": -17000000.0,
        "Net Income Discontinuous Operations": NaN,
        "Net Income Continuous Operations": -17000000.0,
        "Tax Provision": 2000000.0,
        "Pretax Income": -15000000.0,
        "Other Income Expense": 33000000.0,
        "Other Non Operating Income Expenses": 34000000.0,
        "Special Income Charges": -1000000.0,
        "Other Special Charges": 1000000.0,
        "Write Off": 0.0,
        "Restructuring And Mergern Acquisition": 0.0,
        "Net Non Operating Interest Income Expense": -10000000.0,
        "Interest Expense Non Operating": 10000000.0,
        "Operating Income": -38000000.0,
        "Operating Expense": 480000000.0,
        "Research And Development": 144000000.0,
        "Selling General And Administration": 336000000.0,
        "Selling And Marketing Expense": 205000000.0,
        "General And Administrative Expense": 131000000.0,
        "Other Gand A": 131000000.0,
        "Gross Profit": 442000000.0,
        "Cost Of Revenue": 130000000.0,
        "Total Revenue": 572000000.0,
        "Operating Revenue": 560000000.0
    }
}