{
    "2023-03-31": {
        "Tax Effect Of Unusual Items": -8145900.0,
        "Tax Rate For Calcs": 0.189,
        "Normalized EBITDA": 609900000.0,
        "Total Unusual Items": -43100000.0,
        "Total Unusual Items Excluding Goodwill": -43100000.0,
        "Net Income From Continuing Operation Net Minority Interest": 232500000.0,
        "Reconciled Depreciation": 231800000.0,
        "Reconciled Cost Of Revenue": 402400000.0,
        "EBIT": 335000000.0,
        "Net Interest Income": -48200000.0,
        "Interest Expense": 48200000.0,
        "Normalized Income": 267454100.0,
        "Net Income From Continuing And Discontinued Operation": 232500000.0,
        "Total Expenses": 1460500000.0,
        "Total Operating Income As Reported": 327300000.0,
        "Diluted Average Shares": 210400000.0,
        "Basic Average Shares": 209400000.0,
        "Diluted EPS": 1.11,
        "Basic EPS": 1.11,
        "Diluted NI Availto Com Stockholders": 232500000.0,
        "Net Income Common Stockholders": 232500000.0,
        "Net Income": 232500000.0,
        "Minority Interests": -200000.0,
        "Net Income Including Noncontrolling Interests": 232800000.0,
        "Net Income Discontinuous Operations": 0.0,
        "Net Income Continuous Operations": 232800000.0,
        "Tax Provision": 54100000.0,
        "Pretax Income": 286800000.0,
        "Other Income Expense": -35400000.0,
        "Other Non Operating Income Expenses": 7700000.0,
        "Special Income Charges": -43100000.0,
        "Impairment Of Capital Assets": NaN,
        "Restructuring And Mergern Acquisition": 43100000.0,
        "Net Non Operating Interest Income Expense": -48200000.0,
        "Interest Expense Non Operating": 48200000.0,
        "Operating Income": 370500000.0,
        "Operating Expense": 959700000.0,
        "Other Operating Expenses": NaN,
        "Depreciation Amortization Depletion Income Statement": 133400000.0,
        "Depreciation And Amortization In Income Statement": 133400000.0,
        "Amortization": 133400000.0,
        "Amortization Of Intangibles Income Statement": 133400000.0,
        "Research And Development": 110400000.0,
        "Selling General And Administration": 715900000.0,
        "Gross Profit": 1330200000.0,
        "Cost Of Revenue": 500800000.0,
        "Total Revenue": 1831000000.0,
        "Operating Revenue": 1831000000.0
    },
    "2022-12-31": {
        "Tax Effect Of Unusual Items": -142040000.0,
        "Tax Rate For Calcs": 0.4,
        "Normalized EBITDA": 454400000.0,
        "Total Unusual Items": -355100000.0,
        "Total Unusual Items Excluding Goodwill": -355100000.0,
        "Net Income From Continuing Operation Net Minority Interest": -130500000.0,
        "Reconciled Depreciation": 131500000.0,
        "Reconciled Cost Of Revenue": 520300000.0,
        "EBIT": -32200000.0,
        "Net Interest Income": -42600000.0,
        "Interest Expense": 42600000.0,
        "Normalized Income": 82560000.0,
        "Net Income From Continuing And Discontinued Operation": -130500000.0,
        "Total Expenses": 1498300000.0,
        "Total Operating Income As Reported": -28300000.0,
        "Diluted Average Shares": 209800000.0,
        "Basic Average Shares": 209800000.0,
        "Diluted EPS": -0.62,
        "Basic EPS": -0.62,
        "Diluted NI Availto Com Stockholders": -130500000.0,
        "Net Income Common Stockholders": -130500000.0,
        "Net Income": -130500000.0,
        "Minority Interests": -300000.0,
        "Net Income Including Noncontrolling Interests": -130200000.0,
        "Net Income Discontinuous Operations": 0.0,
        "Net Income Continuous Operations": -130200000.0,
        "Tax Provision": 55400000.0,
        "Pretax Income": -74800000.0,
        "Other Income Expense": -359000000.0,
        "Other Non Operating Income Expenses": -3900000.0,
        "Special Income Charges": -355100000.0,
        "Impairment Of Capital Assets": 289800000.0,
        "Restructuring And Mergern Acquisition": 65300000.0,
        "Net Non Operating Interest Income Expense": -42600000.0,
        "Interest Expense Non Operating": 42600000.0,
        "Operating Income": 326800000.0,
        "Operating Expense": 978000000.0,
        "Other Operating Expenses": 11400000.0,
        "Depreciation Amortization Depletion Income Statement": 131500000.0,
        "Depreciation And Amortization In Income Statement": 131500000.0,
        "Amortization": 131500000.0,
        "Amortization Of Intangibles Income Statement": 131500000.0,
        "Research And Development": 108000000.0,
        "Selling General And Administration": 727100000.0,
        "Gross Profit": 1304800000.0,
        "Cost Of Revenue": 520300000.0,
        "Total Revenue": 1825100000.0,
        "Operating Revenue": 1825100000.0
    },
    "2022-09-30": {
        "Tax Effect Of Unusual Items": -16040000.0,
        "Tax Rate For Calcs": 0.4,
        "Normalized EBITDA": 491400000.0,
        "Total Unusual Items": -40100000.0,
        "Total Unusual Items Excluding Goodwill": -40100000.0,
        "Net Income From Continuing Operation Net Minority Interest": 194000000.0,
        "Reconciled Depreciation": 231400000.0,
        "Reconciled Cost Of Revenue": 388300000.0,
        "EBIT": 219900000.0,
        "Net Interest Income": -42300000.0,
        "Interest Expense": 42300000.0,
        "Normalized Income": 218060000.0,
        "Net Income From Continuing And Discontinued Operation": 194000000.0,
        "Total Expenses": 1384400000.0,
        "Total Operating Income As Reported": 245300000.0,
        "Diluted Average Shares": 210300000.0,
        "Basic Average Shares": 209800000.0,
        "Diluted EPS": 0.92,
        "Basic EPS": 0.92,
        "Diluted NI Availto Com Stockholders": 194000000.0,
        "Net Income Common Stockholders": 194000000.0,
        "Net Income": 194000000.0,
        "Minority Interests": -200000.0,
        "Net Income Including Noncontrolling Interests": 194200000.0,
        "Net Income Discontinuous Operations": 0.0,
        "Net Income Continuous Operations": 194200000.0,
        "Tax Provision": -16600000.0,
        "Pretax Income": 177600000.0,
        "Other Income Expense": -65500000.0,
        "Other Non Operating Income Expenses": -25400000.0,
        "Special Income Charges": -40100000.0,
        "Impairment Of Capital Assets": 0.0,
        "Restructuring And Mergern Acquisition": 40100000.0,
        "Net Non Operating Interest Income Expense": -42300000.0,
        "Interest Expense Non Operating": 42300000.0,
        "Operating Income": 285400000.0,
        "Operating Expense": 896200000.0,
        "Other Operating Expenses": 8100000.0,
        "Depreciation Amortization Depletion Income Statement": 131500000.0,
        "Depreciation And Amortization In Income Statement": 131500000.0,
        "Amortization": 131500000.0,
        "Amortization Of Intangibles Income Statement": 131500000.0,
        "Research And Development": 101700000.0,
        "Selling General And Administration": 654900000.0,
        "Gross Profit": 1181600000.0,
        "Cost Of Revenue": 488200000.0,
        "Total Revenue": 1669800000.0,
        "Operating Revenue": 1669800000.0
    },
    "2022-06-30": {
        "Tax Effect Of Unusual Items": -12426000.0,
        "Tax Rate For Calcs": 0.228,
        "Normalized EBITDA": 525500000.0,
        "Total Unusual Items": -54500000.0,
        "Total Unusual Items Excluding Goodwill": -54500000.0,
        "Net Income From Continuing Operation Net Minority Interest": 153700000.0,
        "Reconciled Depreciation": 232700000.0,
        "Reconciled Cost Of Revenue": 411300000.0,
        "EBIT": 238300000.0,
        "Net Interest Income": -38800000.0,
        "Interest Expense": 38800000.0,
        "Normalized Income": 195774000.0,
        "Net Income From Continuing And Discontinued Operation": 153700000.0,
        "Total Expenses": 1446400000.0,
        "Total Operating Income As Reported": 280900000.0,
        "Diluted Average Shares": 210300000.0,
        "Basic Average Shares": 209600000.0,
        "Diluted EPS": 0.73,
        "Basic EPS": 0.73,
        "Diluted NI Availto Com Stockholders": 153700000.0,
        "Net Income Common Stockholders": 153700000.0,
        "Net Income": 153700000.0,
        "Minority Interests": -300000.0,
        "Net Income Including Noncontrolling Interests": 154000000.0,
        "Net Income Discontinuous Operations": 0.0,
        "Net Income Continuous Operations": 154000000.0,
        "Tax Provision": 45500000.0,
        "Pretax Income": 199500000.0,
        "Other Income Expense": -97100000.0,
        "Other Non Operating Income Expenses": -42600000.0,
        "Special Income Charges": -54500000.0,
        "Impairment Of Capital Assets": 3000000.0,
        "Restructuring And Mergern Acquisition": 51500000.0,
        "Net Non Operating Interest Income Expense": -38800000.0,
        "Interest Expense Non Operating": 38800000.0,
        "Operating Income": 335400000.0,
        "Operating Expense": 935400000.0,
        "Other Operating Expenses": 7800000.0,
        "Depreciation Amortization Depletion Income Statement": 133000000.0,
        "Depreciation And Amortization In Income Statement": 133000000.0,
        "Amortization": 133000000.0,
        "Amortization Of Intangibles Income Statement": 133000000.0,
        "Research And Development": 99400000.0,
        "Selling General And Administration": 695200000.0,
        "Gross Profit": 1270800000.0,
        "Cost Of Revenue": 511000000.0,
        "Total Revenue": 1781800000.0,
        "Operating Revenue": 1781800000.0
    },
    "2023-06-30": {
        "Tax Effect Of Unusual Items": -7816600.0,
        "Tax Rate For Calcs": 0.242,
        "Normalized EBITDA": 598200000.0,
        "Total Unusual Items": -32300000.0,
        "Total Unusual Items Excluding Goodwill": -32300000.0,
        "Net Income From Continuing Operation Net Minority Interest": 209600000.0,
        "Reconciled Depreciation": 237500000.0,
        "Reconciled Cost Of Revenue": 426200000.0,
        "EBIT": 328400000.0,
        "Net Interest Income": -51600000.0,
        "Interest Expense": 51600000.0,
        "Normalized Income": 234083400.0,
        "Net Income From Continuing And Discontinued Operation": 209600000.0,
        "Total Expenses": 1507600000.0,
        "Total Operating Income As Reported": 329600000.0,
        "Diluted Average Shares": 209900000.0,
        "Basic Average Shares": 208600000.0,
        "Diluted EPS": 1.0,
        "Basic EPS": 1.0,
        "Diluted NI Availto Com Stockholders": 209600000.0,
        "Net Income Common Stockholders": 209600000.0,
        "Net Income": 209600000.0,
        "Minority Interests": -200000.0,
        "Net Income Including Noncontrolling Interests": 209900000.0,
        "Net Income Discontinuous Operations": NaN,
        "Net Income Continuous Operations": 209900000.0,
        "Tax Provision": 66900000.0,
        "Pretax Income": 276800000.0,
        "Other Income Expense": -33500000.0,
        "Other Non Operating Income Expenses": -1200000.0,
        "Special Income Charges": -32300000.0,
        "Impairment Of Capital Assets": 0.0,
        "Restructuring And Mergern Acquisition": 32300000.0,
        "Net Non Operating Interest Income Expense": -51600000.0,
        "Interest Expense Non Operating": 51600000.0,
        "Operating Income": 362000000.0,
        "Operating Expense": 982100000.0,
        "Other Operating Expenses": NaN,
        "Depreciation Amortization Depletion Income Statement": 138200000.0,
        "Depreciation And Amortization In Income Statement": 138200000.0,
        "Amortization": 138200000.0,
        "Amortization Of Intangibles Income Statement": 138200000.0,
        "Research And Development": 118100000.0,
        "Selling General And Administration": 725800000.0,
        "Gross Profit": 1344100000.0,
        "Cost Of Revenue": 525500000.0,
        "Total Revenue": 1869600000.0,
        "Operating Revenue": 1869600000.0
    },
    "2022-03-31": {
        "Diluted EPS": 0.07,
        "Total Revenue": NaN,
        "Gross Profit": NaN,
        "Operating Income": 198,
        "EBIT": 432,
        "Net Income": 14
    },
    "2021-12-31": {
        "Diluted EPS": -0.39,
        "Total Revenue": NaN,
        "Gross Profit": NaN,
        "Operating Income": 134,
        "EBIT": 367,
        "Net Income": -85
    },
    "2021-09-30": {
        "Diluted EPS": 0.69,
        "Total Revenue": NaN,
        "Gross Profit": NaN,
        "Operating Income": 243,
        "EBIT": 476,
        "Net Income": 146
    },
    "2021-06-30": {
        "Diluted EPS": 0.67,
        "Total Revenue": NaN,
        "Gross Profit": NaN,
        "Operating Income": 225,
        "EBIT": 477,
        "Net Income": 142
    },
    "2021-03-31": {
        "Diluted EPS": 0.94,
        "Total Revenue": NaN,
        "Gross Profit": NaN,
        "Operating Income": 259,
        "EBIT": 494,
        "Net Income": 199
    },
    "2020-12-31": {
        "Diluted EPS": 1.63,
        "Total Revenue": NaN,
        "Gross Profit": 845,
        "Operating Income": 412,
        "EBIT": 401,
        "Net Income": 334
    },
    "2020-09-30": {
        "Diluted EPS": 1.16,
        "Total Revenue": NaN,
        "Gross Profit": NaN,
        "Operating Income": 299,
        "EBIT": 558,
        "Net Income": 243
    },
    "2020-06-30": {
        "Diluted EPS": -1.0,
        "Total Revenue": NaN,
        "Gross Profit": 802,
        "Operating Income": -172,
        "EBIT": 117,
        "Net Income": -207
    },
    "2020-03-31": {
        "Diluted EPS": -2.46,
        "Total Revenue": NaN,
        "Gross Profit": NaN,
        "Operating Income": -456,
        "EBIT": 409,
        "Net Income": -509
    },
    "2019-12-31": {
        "Diluted EPS": 1.54,
        "Total Revenue": NaN,
        "Gross Profit": NaN,
        "Operating Income": 337,
        "EBIT": 591,
        "Net Income": 321
    },
    "2019-09-30": {
        "Diluted EPS": 2.08,
        "Total Revenue": NaN,
        "Gross Profit": NaN,
        "Operating Income": 246,
        "EBIT": 497,
        "Net Income": 431
    },
    "2019-06-30": {
        "Diluted EPS": 0.65,
        "Total Revenue": NaN,
        "Gross Profit": NaN,
        "Operating Income": 205,
        "EBIT": 528,
        "Net Income": 134
    },
    "2019-03-31": {
        "Diluted EPS": 1.2,
        "Total Revenue": NaN,
        "Gross Profit": NaN,
        "Operating Income": 350,
        "EBIT": 598,
        "Net Income": 246
    },
    "2018-12-31": {
        "Diluted EPS": -4.4,
        "Total Revenue": NaN,
        "Gross Profit": NaN,
        "Operating Income": -791,
        "EBIT": 440,
        "Net Income": -901
    },
    "2018-09-30": {
        "Diluted EPS": 0.79,
        "Total Revenue": NaN,
        "Gross Profit": NaN,
        "Operating Income": 223,
        "EBIT": 488,
        "Net Income": 162
    },
    "2018-06-30": {
        "Diluted EPS": 0.9,
        "Total Revenue": NaN,
        "Gross Profit": NaN,
        "Operating Income": 296,
        "EBIT": 558,
        "Net Income": 185
    },
    "2018-03-31": {
        "Diluted EPS": 0.85,
        "Total Revenue": NaN,
        "Gross Profit": NaN,
        "Operating Income": 305,
        "EBIT": 569,
        "Net Income": 175
    },
    "2017-12-31": {
        "Diluted EPS": 6.05,
        "Total Revenue": NaN,
        "Gross Profit": NaN,
        "Operating Income": -40,
        "EBIT": 496,
        "Net Income": NaN
    },
    "2017-09-30": {
        "Diluted EPS": 0.48,
        "Total Revenue": NaN,
        "Gross Profit": NaN,
        "Operating Income": 211,
        "EBIT": 510,
        "Net Income": 99
    },
    "2017-06-30": {
        "Diluted EPS": 0.9,
        "Total Revenue": NaN,
        "Gross Profit": NaN,
        "Operating Income": 280,
        "EBIT": 571,
        "Net Income": 184
    },
    "2017-03-31": {
        "Diluted EPS": 1.47,
        "Total Revenue": NaN,
        "Gross Profit": NaN,
        "Operating Income": 348,
        "EBIT": 616,
        "Net Income": 299
    },
    "2016-12-31": {
        "Diluted EPS": 0.35,
        "Total Revenue": NaN,
        "Gross Profit": NaN,
        "Operating Income": 179,
        "EBIT": 434,
        "Net Income": 70
    },
    "2016-09-30": {
        "Diluted EPS": 0.78,
        "Total Revenue": NaN,
        "Gross Profit": NaN,
        "Operating Income": 196,
        "EBIT": 484,
        "Net Income": 159
    },
    "2016-06-30": {
        "Diluted EPS": -0.16,
        "Total Revenue": NaN,
        "Gross Profit": NaN,
        "Operating Income": 202,
        "EBIT": 482,
        "Net Income": -31
    },
    "2016-03-31": {
        "Diluted EPS": 0.54,
        "Total Revenue": NaN,
        "Gross Profit": NaN,
        "Operating Income": 246,
        "EBIT": 492,
        "Net Income": 109
    },
    "2015-12-31": {
        "Diluted EPS": 0.67,
        "Total Revenue": NaN,
        "Gross Profit": NaN,
        "Operating Income": 213,
        "EBIT": 498,
        "Net Income": 127
    },
    "2015-09-30": {
        "Diluted EPS": 0.11,
        "Total Revenue": NaN,
        "Gross Profit": NaN,
        "Operating Income": 116,
        "EBIT": 356,
        "Net Income": 22
    },
    "2015-06-30": {
        "Diluted EPS": -1.0,
        "Total Revenue": NaN,
        "Gross Profit": 873,
        "Operating Income": -132,
        "EBIT": -33,
        "Net Income": -174
    },
    "2015-03-31": {
        "Diluted EPS": 0.99,
        "Total Revenue": NaN,
        "Gross Profit": 850,
        "Operating Income": 270,
        "EBIT": 359,
        "Net Income": 171
    },
    "2014-12-31": {
        "Diluted EPS": 0.87,
        "Total Revenue": NaN,
        "Gross Profit": 911,
        "Operating Income": 221,
        "EBIT": 314,
        "Net Income": 149
    },
    "2014-09-30": {
        "Diluted EPS": 1.01,
        "Total Revenue": NaN,
        "Gross Profit": 810,
        "Operating Income": 255,
        "EBIT": 346,
        "Net Income": 173
    },
    "2014-06-30": {
        "Diluted EPS": 1.03,
        "Total Revenue": NaN,
        "Gross Profit": 851,
        "Operating Income": 261,
        "EBIT": 352,
        "Net Income": 177
    },
    "2014-03-31": {
        "Diluted EPS": 1.29,
        "Total Revenue": NaN,
        "Gross Profit": 858,
        "Operating Income": 300,
        "EBIT": 401,
        "Net Income": 222
    },
    "2013-12-31": {
        "Diluted EPS": 1.47,
        "Total Revenue": NaN,
        "Gross Profit": 919,
        "Operating Income": 348,
        "EBIT": 438,
        "Net Income": 255
    },
    "2013-09-30": {
        "Diluted EPS": 0.9,
        "Total Revenue": NaN,
        "Gross Profit": 746,
        "Operating Income": 212,
        "EBIT": 304,
        "Net Income": 154
    },
    "2013-06-30": {
        "Diluted EPS": 0.89,
        "Total Revenue": NaN,
        "Gross Profit": 846,
        "Operating Income": 210,
        "EBIT": 302,
        "Net Income": 152
    },
    "2013-03-31": {
        "Diluted EPS": 1.28,
        "Total Revenue": NaN,
        "Gross Profit": 846,
        "Operating Income": 298,
        "EBIT": 383,
        "Net Income": 219
    },
    "2012-12-31": {
        "Diluted EPS": 0.88,
        "Total Revenue": NaN,
        "Gross Profit": 882,
        "Operating Income": 201,
        "EBIT": 387,
        "Net Income": 153
    },
    "2012-09-30": {
        "Diluted EPS": 1.02,
        "Total Revenue": NaN,
        "Gross Profit": 770,
        "Operating Income": 249,
        "EBIT": 332,
        "Net Income": 178
    },
    "2012-06-30": {
        "Diluted EPS": 1.22,
        "Total Revenue": NaN,
        "Gross Profit": 843,
        "Operating Income": 302,
        "EBIT": 395,
        "Net Income": 215
    },
    "2012-03-31": {
        "Diluted EPS": 1.17,
        "Total Revenue": NaN,
        "Gross Profit": 852,
        "Operating Income": 296,
        "EBIT": 392,
        "Net Income": 210
    },
    "2011-12-31": {
        "Diluted EPS": 0.88,
        "Total Revenue": NaN,
        "Gross Profit": 864,
        "Operating Income": 201,
        "EBIT": 296,
        "Net Income": 157
    },
    "2011-09-30": {
        "Diluted EPS": 1.01,
        "Total Revenue": NaN,
        "Gross Profit": 780,
        "Operating Income": 267,
        "EBIT": 358,
        "Net Income": 192
    },
    "2011-06-30": {
        "Diluted EPS": 1.06,
        "Total Revenue": NaN,
        "Gross Profit": 850,
        "Operating Income": 259,
        "EBIT": 348,
        "Net Income": 204
    },
    "2011-03-31": {
        "Diluted EPS": 1.08,
        "Total Revenue": NaN,
        "Gross Profit": 837,
        "Operating Income": 297,
        "EBIT": 383,
        "Net Income": 209
    },
    "2010-12-31": {
        "Diluted EPS": 0.18,
        "Total Revenue": NaN,
        "Gross Profit": 861,
        "Operating Income": 123,
        "EBIT": 418,
        "Net Income": 35
    },
    "2010-09-30": {
        "Diluted EPS": 0.96,
        "Total Revenue": 965,
        "Gross Profit": 746,
        "Operating Income": 272,
        "EBIT": 355,
        "Net Income": 191
    },
    "2010-06-30": {
        "Diluted EPS": 0.82,
        "Total Revenue": NaN,
        "Gross Profit": 807,
        "Operating Income": 228,
        "EBIT": 309,
        "Net Income": 166
    },
    "2010-03-31": {
        "Diluted EPS": 1.01,
        "Total Revenue": NaN,
        "Gross Profit": 794,
        "Operating Income": 294,
        "EBIT": 379,
        "Net Income": 205
    },
    "2009-12-31": {
        "Diluted EPS": 0.73,
        "Total Revenue": NaN,
        "Gross Profit": 833,
        "Operating Income": 239,
        "EBIT": 399,
        "Net Income": 155
    },
    "2009-09-30": {
        "Diluted EPS": 0.7,
        "Total Revenue": 976,
        "Gross Profit": 726,
        "Operating Income": 204,
        "EBIT": 292,
        "Net Income": 150
    },
    "2009-06-30": {
        "Diluted EPS": 0.98,
        "Total Revenue": NaN,
        "Gross Profit": 783,
        "Operating Income": 297,
        "EBIT": 378,
        "Net Income": 210
    },
    "2009-03-31": {
        "Diluted EPS": 0.91,
        "Total Revenue": 993,
        "Gross Profit": 762,
        "Operating Income": 280,
        "EBIT": 359,
        "Net Income": 202
    }
}