{
    "2023-03-31": {
        "Tax Effect Of Unusual Items": NaN,
        "Tax Rate For Calcs": NaN,
        "Normalized EBITDA": NaN,
        "Total Unusual Items": NaN,
        "Total Unusual Items Excluding Goodwill": NaN,
        "Net Income From Continuing Operation Net Minority Interest": NaN,
        "Reconciled Depreciation": NaN,
        "Reconciled Cost Of Revenue": NaN,
        "EBITDA": NaN,
        "EBIT": NaN,
        "Net Interest Income": NaN,
        "Interest Expense": NaN,
        "Normalized Income": NaN,
        "Net Income From Continuing And Discontinued Operation": NaN,
        "Total Expenses": NaN,
        "Total Operating Income As Reported": NaN,
        "Diluted Average Shares": NaN,
        "Basic Average Shares": NaN,
        "Diluted EPS": NaN,
        "Basic EPS": NaN,
        "Diluted NI Availto Com Stockholders": NaN,
        "Average Dilution Earnings": 0.0,
        "Net Income Common Stockholders": NaN,
        "Otherunder Preferred Stock Dividend": NaN,
        "Net Income": NaN,
        "Net Income Including Noncontrolling Interests": NaN,
        "Net Income Discontinuous Operations": NaN,
        "Net Income Continuous Operations": NaN,
        "Earnings From Equity Interest Net Of Tax": NaN,
        "Tax Provision": NaN,
        "Pretax Income": NaN,
        "Other Income Expense": NaN,
        "Other Non Operating Income Expenses": NaN,
        "Special Income Charges": NaN,
        "Gain On Sale Of Business": 0.0,
        "Other Special Charges": NaN,
        "Impairment Of Capital Assets": NaN,
        "Gain On Sale Of Security": NaN,
        "Net Non Operating Interest Income Expense": NaN,
        "Interest Expense Non Operating": NaN,
        "Operating Income": NaN,
        "Operating Expense": NaN,
        "Research And Development": NaN,
        "Selling General And Administration": NaN,
        "Selling And Marketing Expense": NaN,
        "General And Administrative Expense": NaN,
        "Other Gand A": NaN,
        "Gross Profit": NaN,
        "Cost Of Revenue": NaN,
        "Total Revenue": NaN,
        "Operating Revenue": NaN
    },
    "2022-12-31": {
        "Tax Effect Of Unusual Items": NaN,
        "Tax Rate For Calcs": NaN,
        "Normalized EBITDA": NaN,
        "Total Unusual Items": NaN,
        "Total Unusual Items Excluding Goodwill": NaN,
        "Net Income From Continuing Operation Net Minority Interest": NaN,
        "Reconciled Depreciation": NaN,
        "Reconciled Cost Of Revenue": NaN,
        "EBITDA": NaN,
        "EBIT": NaN,
        "Net Interest Income": NaN,
        "Interest Expense": NaN,
        "Normalized Income": NaN,
        "Net Income From Continuing And Discontinued Operation": NaN,
        "Total Expenses": NaN,
        "Total Operating Income As Reported": NaN,
        "Diluted Average Shares": NaN,
        "Basic Average Shares": NaN,
        "Diluted EPS": NaN,
        "Basic EPS": NaN,
        "Diluted NI Availto Com Stockholders": NaN,
        "Average Dilution Earnings": NaN,
        "Net Income Common Stockholders": NaN,
        "Otherunder Preferred Stock Dividend": NaN,
        "Net Income": NaN,
        "Net Income Including Noncontrolling Interests": NaN,
        "Net Income Discontinuous Operations": -1709000.0,
        "Net Income Continuous Operations": NaN,
        "Earnings From Equity Interest Net Of Tax": NaN,
        "Tax Provision": NaN,
        "Pretax Income": NaN,
        "Other Income Expense": NaN,
        "Other Non Operating Income Expenses": NaN,
        "Special Income Charges": NaN,
        "Gain On Sale Of Business": 0.0,
        "Other Special Charges": 0.0,
        "Impairment Of Capital Assets": 0.0,
        "Gain On Sale Of Security": NaN,
        "Net Non Operating Interest Income Expense": NaN,
        "Interest Expense Non Operating": NaN,
        "Operating Income": NaN,
        "Operating Expense": NaN,
        "Research And Development": NaN,
        "Selling General And Administration": NaN,
        "Selling And Marketing Expense": NaN,
        "General And Administrative Expense": NaN,
        "Other Gand A": NaN,
        "Gross Profit": NaN,
        "Cost Of Revenue": NaN,
        "Total Revenue": NaN,
        "Operating Revenue": NaN
    },
    "2022-09-30": {
        "Tax Effect Of Unusual Items": NaN,
        "Tax Rate For Calcs": NaN,
        "Normalized EBITDA": NaN,
        "Total Unusual Items": NaN,
        "Total Unusual Items Excluding Goodwill": NaN,
        "Net Income From Continuing Operation Net Minority Interest": NaN,
        "Reconciled Depreciation": NaN,
        "Reconciled Cost Of Revenue": NaN,
        "EBITDA": NaN,
        "EBIT": NaN,
        "Net Interest Income": NaN,
        "Interest Expense": NaN,
        "Normalized Income": NaN,
        "Net Income From Continuing And Discontinued Operation": NaN,
        "Total Expenses": NaN,
        "Total Operating Income As Reported": NaN,
        "Diluted Average Shares": NaN,
        "Basic Average Shares": NaN,
        "Diluted EPS": NaN,
        "Basic EPS": NaN,
        "Diluted NI Availto Com Stockholders": NaN,
        "Average Dilution Earnings": 0.0,
        "Net Income Common Stockholders": NaN,
        "Otherunder Preferred Stock Dividend": NaN,
        "Net Income": NaN,
        "Net Income Including Noncontrolling Interests": NaN,
        "Net Income Discontinuous Operations": 0.0,
        "Net Income Continuous Operations": NaN,
        "Earnings From Equity Interest Net Of Tax": NaN,
        "Tax Provision": NaN,
        "Pretax Income": NaN,
        "Other Income Expense": NaN,
        "Other Non Operating Income Expenses": NaN,
        "Special Income Charges": NaN,
        "Gain On Sale Of Business": 0.0,
        "Other Special Charges": -10112000.0,
        "Impairment Of Capital Assets": 27369000.0,
        "Gain On Sale Of Security": NaN,
        "Net Non Operating Interest Income Expense": NaN,
        "Interest Expense Non Operating": NaN,
        "Operating Income": NaN,
        "Operating Expense": NaN,
        "Research And Development": NaN,
        "Selling General And Administration": NaN,
        "Selling And Marketing Expense": NaN,
        "General And Administrative Expense": NaN,
        "Other Gand A": NaN,
        "Gross Profit": NaN,
        "Cost Of Revenue": NaN,
        "Total Revenue": NaN,
        "Operating Revenue": NaN
    },
    "2022-06-30": {
        "Tax Effect Of Unusual Items": -30224000.0,
        "Tax Rate For Calcs": 0.4,
        "Normalized EBITDA": 112104000.0,
        "Total Unusual Items": -75560000.0,
        "Total Unusual Items Excluding Goodwill": -75560000.0,
        "Net Income From Continuing Operation Net Minority Interest": -46436000.0,
        "Reconciled Depreciation": 59872000.0,
        "Reconciled Cost Of Revenue": 46004000.0,
        "EBITDA": 36544000.0,
        "EBIT": -23328000.0,
        "Net Interest Income": -6956000.0,
        "Interest Expense": 6956000.0,
        "Normalized Income": -1100000.0,
        "Net Income From Continuing And Discontinued Operation": -46436000.0,
        "Total Expenses": 291469000.0,
        "Total Operating Income As Reported": 45887000.0,
        "Diluted Average Shares": 46978709.0,
        "Basic Average Shares": 46978709.0,
        "Diluted EPS": -0.99,
        "Basic EPS": -0.99,
        "Diluted NI Availto Com Stockholders": -46436000.0,
        "Average Dilution Earnings": NaN,
        "Net Income Common Stockholders": -46436000.0,
        "Otherunder Preferred Stock Dividend": NaN,
        "Net Income": -46436000.0,
        "Net Income Including Noncontrolling Interests": -46436000.0,
        "Net Income Discontinuous Operations": 0.0,
        "Net Income Continuous Operations": -46436000.0,
        "Earnings From Equity Interest Net Of Tax": -6101000.0,
        "Tax Provision": 10051000.0,
        "Pretax Income": -30284000.0,
        "Other Income Expense": -69215000.0,
        "Other Non Operating Income Expenses": 6345000.0,
        "Special Income Charges": 0.0,
        "Gain On Sale Of Business": 0.0,
        "Other Special Charges": NaN,
        "Impairment Of Capital Assets": 0.0,
        "Gain On Sale Of Security": -75560000.0,
        "Net Non Operating Interest Income Expense": -6956000.0,
        "Interest Expense Non Operating": 6956000.0,
        "Operating Income": 45887000.0,
        "Operating Expense": 245465000.0,
        "Research And Development": 19721000.0,
        "Selling General And Administration": 225744000.0,
        "Selling And Marketing Expense": 123777000.0,
        "General And Administrative Expense": 101967000.0,
        "Other Gand A": 101967000.0,
        "Gross Profit": 291352000.0,
        "Cost Of Revenue": 46004000.0,
        "Total Revenue": 337356000.0,
        "Operating Revenue": 337356000.0
    },
    "2023-06-30": {
        "Tax Effect Of Unusual Items": -869312.0,
        "Tax Rate For Calcs": 0.272,
        "Normalized EBITDA": 94248000.0,
        "Total Unusual Items": -3196000.0,
        "Total Unusual Items Excluding Goodwill": -3196000.0,
        "Net Income From Continuing Operation Net Minority Interest": 16679000.0,
        "Reconciled Depreciation": 56856000.0,
        "Reconciled Cost Of Revenue": 47421000.0,
        "EBITDA": 91052000.0,
        "EBIT": 34196000.0,
        "Net Interest Income": -10483000.0,
        "Interest Expense": 10483000.0,
        "Normalized Income": 19005688.0,
        "Net Income From Continuing And Discontinued Operation": 16679000.0,
        "Total Expenses": 287121000.0,
        "Total Operating Income As Reported": 38895000.0,
        "Diluted Average Shares": 46798800.0,
        "Basic Average Shares": 46798800.0,
        "Diluted EPS": 0.36,
        "Basic EPS": 0.36,
        "Diluted NI Availto Com Stockholders": 16677000.0,
        "Average Dilution Earnings": 0.0,
        "Net Income Common Stockholders": 16677000.0,
        "Otherunder Preferred Stock Dividend": 2000.0,
        "Net Income": 16679000.0,
        "Net Income Including Noncontrolling Interests": 16679000.0,
        "Net Income Discontinuous Operations": NaN,
        "Net Income Continuous Operations": 16679000.0,
        "Earnings From Equity Interest Net Of Tax": -573000.0,
        "Tax Provision": 6461000.0,
        "Pretax Income": 23713000.0,
        "Other Income Expense": -4699000.0,
        "Other Non Operating Income Expenses": -1503000.0,
        "Special Income Charges": 0.0,
        "Gain On Sale Of Business": 0.0,
        "Other Special Charges": NaN,
        "Impairment Of Capital Assets": NaN,
        "Gain On Sale Of Security": -3196000.0,
        "Net Non Operating Interest Income Expense": -10483000.0,
        "Interest Expense Non Operating": 10483000.0,
        "Operating Income": 38895000.0,
        "Operating Expense": 239700000.0,
        "Research And Development": 17817000.0,
        "Selling General And Administration": 221883000.0,
        "Selling And Marketing Expense": 119934000.0,
        "General And Administrative Expense": 101949000.0,
        "Other Gand A": 101949000.0,
        "Gross Profit": 278595000.0,
        "Cost Of Revenue": 47421000.0,
        "Total Revenue": 326016000.0,
        "Operating Revenue": 326016000.0
    },
    "2023-09-30": {
        "Tax Effect Of Unusual Items": -13202490.0,
        "Tax Rate For Calcs": 0.21,
        "Normalized EBITDA": 95814000.0,
        "Total Unusual Items": -62869000.0,
        "Total Unusual Items Excluding Goodwill": -62869000.0,
        "Net Income From Continuing Operation Net Minority Interest": -30971000.0,
        "Reconciled Depreciation": 55854000.0,
        "Reconciled Cost Of Revenue": 55526000.0,
        "EBITDA": 32945000.0,
        "EBIT": -22909000.0,
        "Net Interest Income": -2817000.0,
        "Interest Expense": 2817000.0,
        "Normalized Income": 18695510.0,
        "Net Income From Continuing And Discontinued Operation": -30971000.0,
        "Total Expenses": 297454000.0,
        "Total Operating Income As Reported": -13319000.0,
        "Diluted Average Shares": 46062097.0,
        "Basic Average Shares": 46062097.0,
        "Diluted EPS": -0.67,
        "Basic EPS": -0.67,
        "Diluted NI Availto Com Stockholders": -30971000.0,
        "Average Dilution Earnings": 0.0,
        "Net Income Common Stockholders": -30971000.0,
        "Otherunder Preferred Stock Dividend": 0.0,
        "Net Income": -30971000.0,
        "Net Income Including Noncontrolling Interests": -30971000.0,
        "Net Income Discontinuous Operations": NaN,
        "Net Income Continuous Operations": -30971000.0,
        "Earnings From Equity Interest Net Of Tax": 90000.0,
        "Tax Provision": 5335000.0,
        "Pretax Income": -25726000.0,
        "Other Income Expense": -66440000.0,
        "Other Non Operating Income Expenses": -3571000.0,
        "Special Income Charges": -56850000.0,
        "Gain On Sale Of Business": NaN,
        "Other Special Charges": NaN,
        "Impairment Of Capital Assets": 56850000.0,
        "Gain On Sale Of Security": -6019000.0,
        "Net Non Operating Interest Income Expense": -2817000.0,
        "Interest Expense Non Operating": 2817000.0,
        "Operating Income": 43531000.0,
        "Operating Expense": 241928000.0,
        "Research And Development": 17597000.0,
        "Selling General And Administration": 224331000.0,
        "Selling And Marketing Expense": 125062000.0,
        "General And Administrative Expense": 99269000.0,
        "Other Gand A": 99269000.0,
        "Gross Profit": 285459000.0,
        "Cost Of Revenue": 55526000.0,
        "Total Revenue": 340985000.0,
        "Operating Revenue": 340985000.0
    },
    "2023-12-31": {
        "Tax Effect Of Unusual Items": 181523.905954,
        "Tax Rate For Calcs": 0.170445,
        "Normalized EBITDA": 146867000.0,
        "Total Unusual Items": 1065000.0,
        "Total Unusual Items Excluding Goodwill": 1065000.0,
        "Net Income From Continuing Operation Net Minority Interest": 63422000.0,
        "Reconciled Depreciation": 69633000.0,
        "Reconciled Cost Of Revenue": 48615000.0,
        "EBITDA": 147932000.0,
        "EBIT": 78299000.0,
        "Net Interest Income": -2251000.0,
        "Interest Expense": 2251000.0,
        "Normalized Income": 62538523.905954,
        "Net Income From Continuing And Discontinued Operation": 63422000.0,
        "Total Expenses": 309165000.0,
        "Total Operating Income As Reported": 80720000.0,
        "Diluted Average Shares": 50985086.0,
        "Basic Average Shares": 45772689.0,
        "Diluted EPS": 1.29,
        "Basic EPS": 1.39,
        "Diluted NI Availto Com Stockholders": 63420000.0,
        "Average Dilution Earnings": 0.0,
        "Net Income Common Stockholders": 63420000.0,
        "Otherunder Preferred Stock Dividend": 2000.0,
        "Net Income": 63422000.0,
        "Net Income Including Noncontrolling Interests": 63422000.0,
        "Net Income Discontinuous Operations": NaN,
        "Net Income Continuous Operations": 63422000.0,
        "Earnings From Equity Interest Net Of Tax": 336000.0,
        "Tax Provision": 12962000.0,
        "Pretax Income": 76048000.0,
        "Other Income Expense": -2421000.0,
        "Other Non Operating Income Expenses": -3486000.0,
        "Special Income Charges": 0.0,
        "Gain On Sale Of Business": NaN,
        "Other Special Charges": NaN,
        "Impairment Of Capital Assets": 0.0,
        "Gain On Sale Of Security": 1065000.0,
        "Net Non Operating Interest Income Expense": -2251000.0,
        "Interest Expense Non Operating": 2251000.0,
        "Operating Income": 80720000.0,
        "Operating Expense": 260550000.0,
        "Research And Development": 15532000.0,
        "Selling General And Administration": 245018000.0,
        "Selling And Marketing Expense": 126449000.0,
        "General And Administrative Expense": 118569000.0,
        "Other Gand A": 118569000.0,
        "Gross Profit": 341270000.0,
        "Cost Of Revenue": 48615000.0,
        "Total Revenue": 389885000.0,
        "Operating Revenue": 389885000.0
    },
    "2024-03-31": {
        "Tax Effect Of Unusual Items": -5794000.0,
        "Tax Rate For Calcs": 0.4,
        "Normalized EBITDA": 84210000.0,
        "Total Unusual Items": -14485000.0,
        "Total Unusual Items Excluding Goodwill": -14485000.0,
        "Net Income From Continuing Operation Net Minority Interest": 10627000.0,
        "Reconciled Depreciation": 48453000.0,
        "Reconciled Cost Of Revenue": 47067000.0,
        "EBITDA": 69725000.0,
        "EBIT": 21272000.0,
        "Net Interest Income": -1769000.0,
        "Interest Expense": 1769000.0,
        "Normalized Income": 19318000.0,
        "Net Income From Continuing And Discontinued Operation": 10627000.0,
        "Total Expenses": 278624000.0,
        "Total Operating Income As Reported": 35861000.0,
        "Diluted Average Shares": 45955365.0,
        "Basic Average Shares": 45860033.0,
        "Diluted EPS": 0.23,
        "Basic EPS": 0.23,
        "Diluted NI Availto Com Stockholders": 10627000.0,
        "Average Dilution Earnings": NaN,
        "Net Income Common Stockholders": 10627000.0,
        "Otherunder Preferred Stock Dividend": 0.0,
        "Net Income": 10627000.0,
        "Net Income Including Noncontrolling Interests": 10627000.0,
        "Net Income Discontinuous Operations": NaN,
        "Net Income Continuous Operations": 10627000.0,
        "Earnings From Equity Interest Net Of Tax": -645000.0,
        "Tax Provision": 8231000.0,
        "Pretax Income": 19503000.0,
        "Other Income Expense": -14589000.0,
        "Other Non Operating Income Expenses": -104000.0,
        "Special Income Charges": -3780000.0,
        "Gain On Sale Of Business": -3780000.0,
        "Other Special Charges": NaN,
        "Impairment Of Capital Assets": NaN,
        "Gain On Sale Of Security": -10705000.0,
        "Net Non Operating Interest Income Expense": -1769000.0,
        "Interest Expense Non Operating": 1769000.0,
        "Operating Income": 35861000.0,
        "Operating Expense": 231557000.0,
        "Research And Development": 17774000.0,
        "Selling General And Administration": 213783000.0,
        "Selling And Marketing Expense": 117000000.0,
        "General And Administrative Expense": 96783000.0,
        "Other Gand A": 96783000.0,
        "Gross Profit": 267418000.0,
        "Cost Of Revenue": 47067000.0,
        "Total Revenue": 314485000.0,
        "Operating Revenue": 314485000.0
    },
    "2024-06-30": {
        "Tax Effect Of Unusual Items": 607149.0,
        "Tax Rate For Calcs": 0.199,
        "Normalized EBITDA": 85977000.0,
        "Total Unusual Items": 3051000.0,
        "Total Unusual Items Excluding Goodwill": 3051000.0,
        "Net Income From Continuing Operation Net Minority Interest": 36910000.0,
        "Reconciled Depreciation": 52141000.0,
        "Reconciled Cost Of Revenue": 52590000.0,
        "EBITDA": 89028000.0,
        "EBIT": 36887000.0,
        "Net Interest Income": -1804000.0,
        "Interest Expense": 1804000.0,
        "Normalized Income": 34466149.0,
        "Net Income From Continuing And Discontinued Operation": 36910000.0,
        "Total Expenses": 292231000.0,
        "Total Operating Income As Reported": 28569000.0,
        "Diluted Average Shares": 50665112.0,
        "Basic Average Shares": 45492809.0,
        "Diluted EPS": 0.77,
        "Basic EPS": 0.81,
        "Diluted NI Availto Com Stockholders": 39069000.0,
        "Average Dilution Earnings": 2159000.0,
        "Net Income Common Stockholders": 36910000.0,
        "Otherunder Preferred Stock Dividend": 0.0,
        "Net Income": 36910000.0,
        "Net Income Including Noncontrolling Interests": 36910000.0,
        "Net Income Discontinuous Operations": NaN,
        "Net Income Continuous Operations": 36910000.0,
        "Earnings From Equity Interest Net Of Tax": 8817000.0,
        "Tax Provision": 6990000.0,
        "Pretax Income": 35083000.0,
        "Other Income Expense": 8318000.0,
        "Other Non Operating Income Expenses": 5267000.0,
        "Special Income Charges": 0.0,
        "Gain On Sale Of Business": 0.0,
        "Other Special Charges": NaN,
        "Impairment Of Capital Assets": NaN,
        "Gain On Sale Of Security": 3051000.0,
        "Net Non Operating Interest Income Expense": -1804000.0,
        "Interest Expense Non Operating": 1804000.0,
        "Operating Income": 28569000.0,
        "Operating Expense": 239641000.0,
        "Research And Development": 16795000.0,
        "Selling General And Administration": 222846000.0,
        "Selling And Marketing Expense": 124766000.0,
        "General And Administrative Expense": 98080000.0,
        "Other Gand A": 98080000.0,
        "Gross Profit": 268210000.0,
        "Cost Of Revenue": 52590000.0,
        "Total Revenue": 320800000.0,
        "Operating Revenue": 320800000.0
    }
}