{
    "2024-01-31": {
        "Tax Effect Of Unusual Items": -2499601.163487,
        "Tax Rate For Calcs": 0.210369,
        "Normalized EBITDA": 12672000.0,
        "Total Unusual Items": -11882000.0,
        "Total Unusual Items Excluding Goodwill": -11882000.0,
        "Net Income From Continuing Operation Net Minority Interest": -9230000.0,
        "Reconciled Depreciation": 762000.0,
        "Reconciled Cost Of Revenue": 458000.0,
        "EBITDA": 790000.0,
        "EBIT": 28000.0,
        "Net Interest Income": 165000.0,
        "Interest Income": 165000.0,
        "Normalized Income": 152398.836513,
        "Net Income From Continuing And Discontinued Operation": -9230000.0,
        "Total Expenses": 7743000.0,
        "Total Operating Income As Reported": -11930000.0,
        "Diluted Average Shares": 14068000.0,
        "Basic Average Shares": 14068000.0,
        "Diluted EPS": -0.66,
        "Basic EPS": -0.66,
        "Diluted NI Availto Com Stockholders": -9230000.0,
        "Net Income Common Stockholders": -9230000.0,
        "Net Income": -9230000.0,
        "Net Income Including Noncontrolling Interests": -9230000.0,
        "Net Income Continuous Operations": -9230000.0,
        "Tax Provision": -2459000.0,
        "Pretax Income": -11689000.0,
        "Other Income Expense": -11882000.0,
        "Special Income Charges": -11958000.0,
        "Impairment Of Capital Assets": 11958000.0,
        "Restructuring And Mergern Acquisition": 0.0,
        "Gain On Sale Of Security": 76000.0,
        "Net Non Operating Interest Income Expense": 165000.0,
        "Interest Income Non Operating": 165000.0,
        "Operating Income": 28000.0,
        "Operating Expense": 7285000.0,
        "Depreciation Amortization Depletion Income Statement": 762000.0,
        "Depreciation And Amortization In Income Statement": 762000.0,
        "Selling General And Administration": 6523000.0,
        "Gross Profit": 7313000.0,
        "Cost Of Revenue": 458000.0,
        "Total Revenue": 7771000.0,
        "Operating Revenue": 7489000.0
    },
    "2023-10-31": {
        "Tax Effect Of Unusual Items": -45990.0,
        "Tax Rate For Calcs": 0.21,
        "Normalized EBITDA": 1315000.0,
        "Total Unusual Items": -219000.0,
        "Total Unusual Items Excluding Goodwill": -219000.0,
        "Net Income From Continuing Operation Net Minority Interest": -15000.0,
        "Reconciled Depreciation": 775000.0,
        "Reconciled Cost Of Revenue": 486000.0,
        "EBITDA": 1096000.0,
        "EBIT": 321000.0,
        "Net Interest Income": 81000.0,
        "Interest Income": 81000.0,
        "Normalized Income": 158010.0,
        "Net Income From Continuing And Discontinued Operation": -15000.0,
        "Total Expenses": 6760000.0,
        "Total Operating Income As Reported": 321000.0,
        "Diluted Average Shares": 13975000.0,
        "Basic Average Shares": 13975000.0,
        "Diluted EPS": 0.0,
        "Basic EPS": 0.0,
        "Diluted NI Availto Com Stockholders": -15000.0,
        "Net Income Common Stockholders": -15000.0,
        "Net Income": -15000.0,
        "Net Income Including Noncontrolling Interests": -15000.0,
        "Net Income Continuous Operations": -15000.0,
        "Tax Provision": 198000.0,
        "Pretax Income": 183000.0,
        "Other Income Expense": -219000.0,
        "Special Income Charges": 0.0,
        "Impairment Of Capital Assets": NaN,
        "Restructuring And Mergern Acquisition": 0.0,
        "Gain On Sale Of Security": -219000.0,
        "Net Non Operating Interest Income Expense": 81000.0,
        "Interest Income Non Operating": 81000.0,
        "Operating Income": 321000.0,
        "Operating Expense": 6274000.0,
        "Depreciation Amortization Depletion Income Statement": 775000.0,
        "Depreciation And Amortization In Income Statement": 775000.0,
        "Selling General And Administration": 5499000.0,
        "Gross Profit": 6595000.0,
        "Cost Of Revenue": 486000.0,
        "Total Revenue": 7081000.0,
        "Operating Revenue": 6859000.0
    },
    "2023-07-31": {
        "Tax Effect Of Unusual Items": NaN,
        "Tax Rate For Calcs": NaN,
        "Normalized EBITDA": NaN,
        "Total Unusual Items": NaN,
        "Total Unusual Items Excluding Goodwill": NaN,
        "Net Income From Continuing Operation Net Minority Interest": NaN,
        "Reconciled Depreciation": NaN,
        "Reconciled Cost Of Revenue": NaN,
        "EBITDA": NaN,
        "EBIT": NaN,
        "Net Interest Income": NaN,
        "Interest Income": NaN,
        "Normalized Income": NaN,
        "Net Income From Continuing And Discontinued Operation": NaN,
        "Total Expenses": NaN,
        "Total Operating Income As Reported": NaN,
        "Diluted Average Shares": NaN,
        "Basic Average Shares": NaN,
        "Diluted EPS": NaN,
        "Basic EPS": NaN,
        "Diluted NI Availto Com Stockholders": NaN,
        "Net Income Common Stockholders": NaN,
        "Net Income": NaN,
        "Net Income Including Noncontrolling Interests": NaN,
        "Net Income Continuous Operations": NaN,
        "Tax Provision": NaN,
        "Pretax Income": NaN,
        "Other Income Expense": NaN,
        "Special Income Charges": 0.0,
        "Impairment Of Capital Assets": 0.0,
        "Restructuring And Mergern Acquisition": 0.0,
        "Gain On Sale Of Security": NaN,
        "Net Non Operating Interest Income Expense": NaN,
        "Interest Income Non Operating": NaN,
        "Operating Income": NaN,
        "Operating Expense": NaN,
        "Depreciation Amortization Depletion Income Statement": NaN,
        "Depreciation And Amortization In Income Statement": NaN,
        "Selling General And Administration": NaN,
        "Gross Profit": NaN,
        "Cost Of Revenue": NaN,
        "Total Revenue": NaN,
        "Operating Revenue": NaN
    },
    "2023-04-30": {
        "Tax Effect Of Unusual Items": NaN,
        "Tax Rate For Calcs": NaN,
        "Normalized EBITDA": NaN,
        "Total Unusual Items": NaN,
        "Total Unusual Items Excluding Goodwill": NaN,
        "Net Income From Continuing Operation Net Minority Interest": NaN,
        "Reconciled Depreciation": NaN,
        "Reconciled Cost Of Revenue": NaN,
        "EBITDA": NaN,
        "EBIT": NaN,
        "Net Interest Income": NaN,
        "Interest Income": NaN,
        "Normalized Income": NaN,
        "Net Income From Continuing And Discontinued Operation": NaN,
        "Total Expenses": NaN,
        "Total Operating Income As Reported": NaN,
        "Diluted Average Shares": 14017000.0,
        "Basic Average Shares": 14017000.0,
        "Diluted EPS": -0.55,
        "Basic EPS": -0.55,
        "Diluted NI Availto Com Stockholders": NaN,
        "Net Income Common Stockholders": NaN,
        "Net Income": NaN,
        "Net Income Including Noncontrolling Interests": NaN,
        "Net Income Continuous Operations": NaN,
        "Tax Provision": NaN,
        "Pretax Income": NaN,
        "Other Income Expense": NaN,
        "Special Income Charges": NaN,
        "Impairment Of Capital Assets": 8727000.0,
        "Restructuring And Mergern Acquisition": NaN,
        "Gain On Sale Of Security": NaN,
        "Net Non Operating Interest Income Expense": NaN,
        "Interest Income Non Operating": NaN,
        "Operating Income": NaN,
        "Operating Expense": NaN,
        "Depreciation Amortization Depletion Income Statement": NaN,
        "Depreciation And Amortization In Income Statement": NaN,
        "Selling General And Administration": NaN,
        "Gross Profit": NaN,
        "Cost Of Revenue": NaN,
        "Total Revenue": NaN,
        "Operating Revenue": NaN
    },
    "2023-01-31": {
        "Tax Effect Of Unusual Items": NaN,
        "Tax Rate For Calcs": NaN,
        "Normalized EBITDA": NaN,
        "Total Unusual Items": NaN,
        "Total Unusual Items Excluding Goodwill": NaN,
        "Net Income From Continuing Operation Net Minority Interest": NaN,
        "Reconciled Depreciation": NaN,
        "Reconciled Cost Of Revenue": NaN,
        "EBITDA": NaN,
        "EBIT": NaN,
        "Net Interest Income": NaN,
        "Interest Income": NaN,
        "Normalized Income": NaN,
        "Net Income From Continuing And Discontinued Operation": NaN,
        "Total Expenses": NaN,
        "Total Operating Income As Reported": NaN,
        "Diluted Average Shares": 14259000.0,
        "Basic Average Shares": 14087000.0,
        "Diluted EPS": 0.11,
        "Basic EPS": 0.11,
        "Diluted NI Availto Com Stockholders": NaN,
        "Net Income Common Stockholders": NaN,
        "Net Income": NaN,
        "Net Income Including Noncontrolling Interests": NaN,
        "Net Income Continuous Operations": NaN,
        "Tax Provision": NaN,
        "Pretax Income": NaN,
        "Other Income Expense": NaN,
        "Special Income Charges": NaN,
        "Impairment Of Capital Assets": 0.0,
        "Restructuring And Mergern Acquisition": NaN,
        "Gain On Sale Of Security": 160000.0,
        "Net Non Operating Interest Income Expense": NaN,
        "Interest Income Non Operating": NaN,
        "Operating Income": NaN,
        "Operating Expense": NaN,
        "Depreciation Amortization Depletion Income Statement": NaN,
        "Depreciation And Amortization In Income Statement": NaN,
        "Selling General And Administration": NaN,
        "Gross Profit": NaN,
        "Cost Of Revenue": NaN,
        "Total Revenue": NaN,
        "Operating Revenue": NaN
    },
    "2022-10-31": {
        "Tax Effect Of Unusual Items": NaN,
        "Tax Rate For Calcs": NaN,
        "Normalized EBITDA": NaN,
        "Total Unusual Items": NaN,
        "Total Unusual Items Excluding Goodwill": NaN,
        "Net Income From Continuing Operation Net Minority Interest": NaN,
        "Reconciled Depreciation": NaN,
        "Reconciled Cost Of Revenue": NaN,
        "EBITDA": NaN,
        "EBIT": NaN,
        "Net Interest Income": NaN,
        "Interest Income": NaN,
        "Normalized Income": NaN,
        "Net Income From Continuing And Discontinued Operation": NaN,
        "Total Expenses": NaN,
        "Total Operating Income As Reported": NaN,
        "Diluted Average Shares": 14330000.0,
        "Basic Average Shares": 14330000.0,
        "Diluted EPS": -0.01,
        "Basic EPS": -0.01,
        "Diluted NI Availto Com Stockholders": NaN,
        "Net Income Common Stockholders": NaN,
        "Net Income": NaN,
        "Net Income Including Noncontrolling Interests": NaN,
        "Net Income Continuous Operations": NaN,
        "Tax Provision": NaN,
        "Pretax Income": NaN,
        "Other Income Expense": NaN,
        "Special Income Charges": NaN,
        "Impairment Of Capital Assets": NaN,
        "Restructuring And Mergern Acquisition": NaN,
        "Gain On Sale Of Security": -76000.0,
        "Net Non Operating Interest Income Expense": NaN,
        "Interest Income Non Operating": NaN,
        "Operating Income": NaN,
        "Operating Expense": NaN,
        "Depreciation Amortization Depletion Income Statement": NaN,
        "Depreciation And Amortization In Income Statement": NaN,
        "Selling General And Administration": NaN,
        "Gross Profit": NaN,
        "Cost Of Revenue": NaN,
        "Total Revenue": NaN,
        "Operating Revenue": NaN
    },
    "2024-04-30": {
        "Tax Effect Of Unusual Items": -16800.0,
        "Tax Rate For Calcs": 0.21,
        "Normalized EBITDA": 531000.0,
        "Total Unusual Items": -80000.0,
        "Total Unusual Items Excluding Goodwill": -80000.0,
        "Net Income From Continuing Operation Net Minority Interest": 113000.0,
        "Reconciled Depreciation": 583000.0,
        "Reconciled Cost Of Revenue": 455000.0,
        "EBITDA": 451000.0,
        "EBIT": -132000.0,
        "Net Interest Income": 188000.0,
        "Interest Income": 188000.0,
        "Normalized Income": 176200.0,
        "Net Income From Continuing And Discontinued Operation": 113000.0,
        "Total Expenses": 7790000.0,
        "Total Operating Income As Reported": -132000.0,
        "Diluted Average Shares": 14542000.0,
        "Basic Average Shares": 14191000.0,
        "Diluted EPS": 0.01,
        "Basic EPS": 0.01,
        "Diluted NI Availto Com Stockholders": 113000.0,
        "Net Income Common Stockholders": 113000.0,
        "Net Income": 113000.0,
        "Net Income Including Noncontrolling Interests": 113000.0,
        "Net Income Continuous Operations": 113000.0,
        "Tax Provision": -137000.0,
        "Pretax Income": -24000.0,
        "Other Income Expense": -80000.0,
        "Special Income Charges": 0.0,
        "Impairment Of Capital Assets": 0.0,
        "Restructuring And Mergern Acquisition": 0.0,
        "Gain On Sale Of Security": -80000.0,
        "Net Non Operating Interest Income Expense": 188000.0,
        "Interest Income Non Operating": 188000.0,
        "Operating Income": -132000.0,
        "Operating Expense": 7335000.0,
        "Depreciation Amortization Depletion Income Statement": 583000.0,
        "Depreciation And Amortization In Income Statement": 583000.0,
        "Selling General And Administration": 6752000.0,
        "Gross Profit": 7203000.0,
        "Cost Of Revenue": 455000.0,
        "Total Revenue": 7658000.0,
        "Operating Revenue": 7452000.0
    },
    "2024-07-31": {
        "Tax Effect Of Unusual Items": 6930.0,
        "Tax Rate For Calcs": 0.21,
        "Normalized EBITDA": 236000.0,
        "Total Unusual Items": 33000.0,
        "Total Unusual Items Excluding Goodwill": 33000.0,
        "Net Income From Continuing Operation Net Minority Interest": -39000.0,
        "Reconciled Depreciation": 334000.0,
        "Reconciled Cost Of Revenue": 460000.0,
        "EBITDA": 269000.0,
        "EBIT": -65000.0,
        "Net Interest Income": 192000.0,
        "Interest Income": 192000.0,
        "Normalized Income": -65070.0,
        "Net Income From Continuing And Discontinued Operation": -39000.0,
        "Total Expenses": 7646000.0,
        "Total Operating Income As Reported": -65000.0,
        "Diluted Average Shares": NaN,
        "Basic Average Shares": NaN,
        "Diluted EPS": NaN,
        "Basic EPS": NaN,
        "Diluted NI Availto Com Stockholders": -39000.0,
        "Net Income Common Stockholders": -39000.0,
        "Net Income": -39000.0,
        "Net Income Including Noncontrolling Interests": -39000.0,
        "Net Income Continuous Operations": -39000.0,
        "Tax Provision": 199000.0,
        "Pretax Income": 160000.0,
        "Other Income Expense": 33000.0,
        "Special Income Charges": 0.0,
        "Impairment Of Capital Assets": 0.0,
        "Restructuring And Mergern Acquisition": 0.0,
        "Gain On Sale Of Security": 33000.0,
        "Net Non Operating Interest Income Expense": 192000.0,
        "Interest Income Non Operating": 192000.0,
        "Operating Income": -65000.0,
        "Operating Expense": 7186000.0,
        "Depreciation Amortization Depletion Income Statement": 334000.0,
        "Depreciation And Amortization In Income Statement": 334000.0,
        "Selling General And Administration": 6852000.0,
        "Gross Profit": 7121000.0,
        "Cost Of Revenue": 460000.0,
        "Total Revenue": 7581000.0,
        "Operating Revenue": 7066000.0
    },
    "2024-10-31": {
        "Tax Effect Of Unusual Items": -2940.0,
        "Tax Rate For Calcs": 0.21,
        "Normalized EBITDA": -62000.0,
        "Total Unusual Items": -14000.0,
        "Total Unusual Items Excluding Goodwill": -14000.0,
        "Net Income From Continuing Operation Net Minority Interest": -339000.0,
        "Reconciled Depreciation": 381000.0,
        "Reconciled Cost Of Revenue": 461000.0,
        "EBITDA": -76000.0,
        "EBIT": -457000.0,
        "Net Interest Income": 181000.0,
        "Interest Income": 181000.0,
        "Normalized Income": -327940.0,
        "Net Income From Continuing And Discontinued Operation": -339000.0,
        "Total Expenses": 7651000.0,
        "Total Operating Income As Reported": -457000.0,
        "Diluted Average Shares": 14086000.0,
        "Basic Average Shares": 14086000.0,
        "Diluted EPS": -0.02,
        "Basic EPS": -0.02,
        "Diluted NI Availto Com Stockholders": -339000.0,
        "Net Income Common Stockholders": -339000.0,
        "Net Income": -339000.0,
        "Net Income Including Noncontrolling Interests": -339000.0,
        "Net Income Continuous Operations": -339000.0,
        "Tax Provision": 49000.0,
        "Pretax Income": -290000.0,
        "Other Income Expense": -14000.0,
        "Special Income Charges": NaN,
        "Impairment Of Capital Assets": NaN,
        "Restructuring And Mergern Acquisition": NaN,
        "Gain On Sale Of Security": -14000.0,
        "Net Non Operating Interest Income Expense": 181000.0,
        "Interest Income Non Operating": 181000.0,
        "Operating Income": -457000.0,
        "Operating Expense": 7190000.0,
        "Depreciation Amortization Depletion Income Statement": 381000.0,
        "Depreciation And Amortization In Income Statement": 381000.0,
        "Selling General And Administration": 6809000.0,
        "Gross Profit": 6733000.0,
        "Cost Of Revenue": 461000.0,
        "Total Revenue": 7194000.0,
        "Operating Revenue": 6700000.0
    }
}