{
    "2023-03-31": {
        "Tax Effect Of Unusual Items": NaN,
        "Tax Rate For Calcs": NaN,
        "Normalized EBITDA": NaN,
        "Total Unusual Items": NaN,
        "Total Unusual Items Excluding Goodwill": NaN,
        "Net Income From Continuing Operation Net Minority Interest": NaN,
        "Reconciled Depreciation": NaN,
        "Reconciled Cost Of Revenue": NaN,
        "EBITDA": NaN,
        "EBIT": NaN,
        "Net Interest Income": NaN,
        "Interest Expense": NaN,
        "Interest Income": NaN,
        "Normalized Income": NaN,
        "Net Income From Continuing And Discontinued Operation": NaN,
        "Total Expenses": NaN,
        "Rent Expense Supplemental": NaN,
        "Total Operating Income As Reported": NaN,
        "Diluted Average Shares": NaN,
        "Basic Average Shares": NaN,
        "Diluted EPS": NaN,
        "Basic EPS": NaN,
        "Diluted NI Availto Com Stockholders": NaN,
        "Net Income Common Stockholders": NaN,
        "Net Income": NaN,
        "Minority Interests": NaN,
        "Net Income Including Noncontrolling Interests": NaN,
        "Net Income Continuous Operations": NaN,
        "Tax Provision": NaN,
        "Pretax Income": NaN,
        "Other Income Expense": NaN,
        "Other Non Operating Income Expenses": NaN,
        "Special Income Charges": NaN,
        "Gain On Sale Of Ppe": NaN,
        "Restructuring And Mergern Acquisition": 0.0,
        "Gain On Sale Of Security": NaN,
        "Net Non Operating Interest Income Expense": NaN,
        "Total Other Finance Cost": NaN,
        "Interest Expense Non Operating": NaN,
        "Interest Income Non Operating": NaN,
        "Operating Income": NaN,
        "Operating Expense": NaN,
        "Other Operating Expenses": NaN,
        "Provision For Doubtful Accounts": NaN,
        "Depreciation Amortization Depletion Income Statement": NaN,
        "Depreciation And Amortization In Income Statement": NaN,
        "Research And Development": NaN,
        "Selling General And Administration": NaN,
        "Selling And Marketing Expense": NaN,
        "General And Administrative Expense": NaN,
        "Other Gand A": NaN,
        "Rent And Landing Fees": NaN,
        "Salaries And Wages": NaN,
        "Gross Profit": NaN,
        "Cost Of Revenue": NaN,
        "Total Revenue": NaN,
        "Operating Revenue": NaN
    },
    "2022-12-31": {
        "Tax Effect Of Unusual Items": -38523453.721286,
        "Tax Rate For Calcs": 0.283638,
        "Normalized EBITDA": -62851000.0,
        "Total Unusual Items": -135819000.0,
        "Total Unusual Items Excluding Goodwill": -135819000.0,
        "Net Income From Continuing Operation Net Minority Interest": -162266000.0,
        "Reconciled Depreciation": 20698000.0,
        "Reconciled Cost Of Revenue": 85423000.0,
        "EBITDA": -198670000.0,
        "EBIT": -219368000.0,
        "Net Interest Income": -17585000.0,
        "Interest Expense": 7086000.0,
        "Interest Income": 2474000.0,
        "Normalized Income": -64970453.721286,
        "Net Income From Continuing And Discontinued Operation": -162266000.0,
        "Total Expenses": 145512000.0,
        "Rent Expense Supplemental": NaN,
        "Total Operating Income As Reported": -209773000.0,
        "Diluted Average Shares": 41739983.0,
        "Basic Average Shares": 41739983.0,
        "Diluted EPS": -3.887639,
        "Basic EPS": -3.887639,
        "Diluted NI Availto Com Stockholders": -162266000.0,
        "Net Income Common Stockholders": -162266000.0,
        "Net Income": -162266000.0,
        "Minority Interests": NaN,
        "Net Income Including Noncontrolling Interests": -162223000.0,
        "Net Income Continuous Operations": -162223000.0,
        "Tax Provision": -64231000.0,
        "Pretax Income": -226454000.0,
        "Other Income Expense": -238243000.0,
        "Other Non Operating Income Expenses": NaN,
        "Special Income Charges": NaN,
        "Gain On Sale Of Ppe": NaN,
        "Restructuring And Mergern Acquisition": NaN,
        "Gain On Sale Of Security": 904000.0,
        "Net Non Operating Interest Income Expense": -17585000.0,
        "Total Other Finance Cost": 12973000.0,
        "Interest Expense Non Operating": 7086000.0,
        "Interest Income Non Operating": 2474000.0,
        "Operating Income": 29374000.0,
        "Operating Expense": 60089000.0,
        "Other Operating Expenses": NaN,
        "Provision For Doubtful Accounts": 2748000.0,
        "Depreciation Amortization Depletion Income Statement": NaN,
        "Depreciation And Amortization In Income Statement": NaN,
        "Research And Development": 17484000.0,
        "Selling General And Administration": 68817000.0,
        "Selling And Marketing Expense": 28857000.0,
        "General And Administrative Expense": 39960000.0,
        "Other Gand A": 39960000.0,
        "Rent And Landing Fees": NaN,
        "Salaries And Wages": NaN,
        "Gross Profit": 89463000.0,
        "Cost Of Revenue": 85423000.0,
        "Total Revenue": 174886000.0,
        "Operating Revenue": 174886000.0
    },
    "2022-09-30": {
        "Tax Effect Of Unusual Items": NaN,
        "Tax Rate For Calcs": NaN,
        "Normalized EBITDA": NaN,
        "Total Unusual Items": NaN,
        "Total Unusual Items Excluding Goodwill": NaN,
        "Net Income From Continuing Operation Net Minority Interest": NaN,
        "Reconciled Depreciation": NaN,
        "Reconciled Cost Of Revenue": NaN,
        "EBITDA": NaN,
        "EBIT": NaN,
        "Net Interest Income": NaN,
        "Interest Expense": NaN,
        "Interest Income": NaN,
        "Normalized Income": NaN,
        "Net Income From Continuing And Discontinued Operation": NaN,
        "Total Expenses": NaN,
        "Rent Expense Supplemental": 103000.0,
        "Total Operating Income As Reported": NaN,
        "Diluted Average Shares": NaN,
        "Basic Average Shares": NaN,
        "Diluted EPS": NaN,
        "Basic EPS": NaN,
        "Diluted NI Availto Com Stockholders": NaN,
        "Net Income Common Stockholders": NaN,
        "Net Income": NaN,
        "Minority Interests": 27000.0,
        "Net Income Including Noncontrolling Interests": NaN,
        "Net Income Continuous Operations": NaN,
        "Tax Provision": NaN,
        "Pretax Income": NaN,
        "Other Income Expense": NaN,
        "Other Non Operating Income Expenses": NaN,
        "Special Income Charges": -10067000.0,
        "Gain On Sale Of Ppe": NaN,
        "Restructuring And Mergern Acquisition": 10067000.0,
        "Gain On Sale Of Security": NaN,
        "Net Non Operating Interest Income Expense": NaN,
        "Total Other Finance Cost": NaN,
        "Interest Expense Non Operating": NaN,
        "Interest Income Non Operating": NaN,
        "Operating Income": NaN,
        "Operating Expense": NaN,
        "Other Operating Expenses": 473000.0,
        "Provision For Doubtful Accounts": NaN,
        "Depreciation Amortization Depletion Income Statement": 5869000.0,
        "Depreciation And Amortization In Income Statement": 5869000.0,
        "Research And Development": NaN,
        "Selling General And Administration": NaN,
        "Selling And Marketing Expense": NaN,
        "General And Administrative Expense": NaN,
        "Other Gand A": NaN,
        "Rent And Landing Fees": 103000.0,
        "Salaries And Wages": 34475000.0,
        "Gross Profit": NaN,
        "Cost Of Revenue": NaN,
        "Total Revenue": NaN,
        "Operating Revenue": NaN
    },
    "2022-06-30": {
        "Tax Effect Of Unusual Items": 409504.264796,
        "Tax Rate For Calcs": 0.242454,
        "Normalized EBITDA": -17527000.0,
        "Total Unusual Items": 1689000.0,
        "Total Unusual Items Excluding Goodwill": 1689000.0,
        "Net Income From Continuing Operation Net Minority Interest": -31957000.0,
        "Reconciled Depreciation": 18725000.0,
        "Reconciled Cost Of Revenue": 137849000.0,
        "EBITDA": -15838000.0,
        "EBIT": -34563000.0,
        "Net Interest Income": -9899000.0,
        "Interest Expense": 7643000.0,
        "Interest Income": 4102000.0,
        "Normalized Income": -33236495.735204,
        "Net Income From Continuing And Discontinued Operation": -31957000.0,
        "Total Expenses": 226067000.0,
        "Total Operating Income As Reported": -33996000.0,
        "Diluted Average Shares": 50405363.0,
        "Basic Average Shares": 50405363.0,
        "Diluted EPS": -0.634,
        "Basic EPS": -0.634,
        "Diluted NI Availto Com Stockholders": -31957000.0,
        "Net Income Common Stockholders": -31957000.0,
        "Net Income": -31957000.0,
        "Minority Interests": 16000.0,
        "Net Income Including Noncontrolling Interests": -31973000.0,
        "Net Income Continuous Operations": -31973000.0,
        "Tax Provision": -10233000.0,
        "Pretax Income": -42206000.0,
        "Other Income Expense": -10137000.0,
        "Other Non Operating Income Expenses": -11826000.0,
        "Special Income Charges": NaN,
        "Gain On Sale Of Ppe": NaN,
        "Impairment Of Capital Assets": NaN,
        "Gain On Sale Of Security": 1689000.0,
        "Net Non Operating Interest Income Expense": -9899000.0,
        "Total Other Finance Cost": 6358000.0,
        "Interest Expense Non Operating": 7643000.0,
        "Interest Income Non Operating": 4102000.0,
        "Operating Income": -22170000.0,
        "Operating Expense": 88218000.0,
        "Other Operating Expenses": NaN,
        "Provision For Doubtful Accounts": 1957000.0,
        "Research And Development": 15883000.0,
        "Selling General And Administration": 70378000.0,
        "Selling And Marketing Expense": 30771000.0,
        "General And Administrative Expense": 39607000.0,
        "Other Gand A": 39607000.0,
        "Gross Profit": 66048000.0,
        "Cost Of Revenue": 137849000.0,
        "Total Revenue": 203897000.0,
        "Operating Revenue": 203897000.0
    },
    "2022-03-31": {
        "Diluted EPS": -0.12,
        "Total Revenue": 38,
        "Gross Profit": 11,
        "Operating Income": -5,
        "EBIT": -2,
        "Net Income": -4
    },
    "2021-12-31": {
        "Diluted EPS": 1.1,
        "Total Revenue": 34,
        "Gross Profit": 10,
        "Operating Income": 7,
        "EBIT": 9,
        "Net Income": 8
    },
    "2021-09-30": {
        "Diluted EPS": -0.28,
        "Total Revenue": 31,
        "Gross Profit": 10,
        "Operating Income": -10,
        "EBIT": -8,
        "Net Income": -11
    },
    "2021-06-30": {
        "Diluted EPS": 0.01,
        "Total Revenue": 26,
        "Gross Profit": 8,
        "Operating Income": -1,
        "EBIT": 1,
        "Net Income": 0
    },
    "2021-03-31": {
        "Diluted EPS": -1.09,
        "Total Revenue": 22,
        "Gross Profit": 6,
        "Operating Income": -4,
        "EBIT": -3,
        "Net Income": -5
    },
    "2020-12-31": {
        "Diluted EPS": 0.0,
        "Total Revenue": NaN,
        "Gross Profit": NaN,
        "Operating Income": NaN,
        "EBIT": NaN,
        "Net Income": NaN
    },
    "2023-06-30": {
        "Tax Effect Of Unusual Items": NaN,
        "Tax Rate For Calcs": NaN,
        "Normalized EBITDA": NaN,
        "Total Unusual Items": -1370000.0,
        "Total Unusual Items Excluding Goodwill": -1370000.0,
        "Net Income From Continuing Operation Net Minority Interest": NaN,
        "Reconciled Depreciation": 4757000.0,
        "Reconciled Cost Of Revenue": NaN,
        "EBITDA": NaN,
        "EBIT": NaN,
        "Net Interest Income": NaN,
        "Interest Expense": NaN,
        "Interest Income": NaN,
        "Normalized Income": NaN,
        "Net Income From Continuing And Discontinued Operation": NaN,
        "Total Expenses": NaN,
        "Rent Expense Supplemental": 439000.0,
        "Total Operating Income As Reported": NaN,
        "Diluted Average Shares": NaN,
        "Basic Average Shares": NaN,
        "Diluted EPS": NaN,
        "Basic EPS": NaN,
        "Diluted NI Availto Com Stockholders": NaN,
        "Net Income Common Stockholders": NaN,
        "Net Income": NaN,
        "Minority Interests": NaN,
        "Net Income Including Noncontrolling Interests": NaN,
        "Net Income Continuous Operations": NaN,
        "Tax Provision": NaN,
        "Pretax Income": NaN,
        "Other Income Expense": -914000.0,
        "Other Non Operating Income Expenses": 456000.0,
        "Special Income Charges": -257000.0,
        "Gain On Sale Of Ppe": -257000.0,
        "Restructuring And Mergern Acquisition": NaN,
        "Gain On Sale Of Security": -1113000.0,
        "Net Non Operating Interest Income Expense": NaN,
        "Total Other Finance Cost": 8355000.0,
        "Interest Expense Non Operating": NaN,
        "Interest Income Non Operating": NaN,
        "Operating Income": NaN,
        "Operating Expense": NaN,
        "Other Operating Expenses": NaN,
        "Provision For Doubtful Accounts": NaN,
        "Depreciation Amortization Depletion Income Statement": 4757000.0,
        "Depreciation And Amortization In Income Statement": 4757000.0,
        "Research And Development": NaN,
        "Selling General And Administration": NaN,
        "Selling And Marketing Expense": NaN,
        "General And Administrative Expense": NaN,
        "Other Gand A": NaN,
        "Rent And Landing Fees": 439000.0,
        "Salaries And Wages": 34582000.0,
        "Gross Profit": NaN,
        "Cost Of Revenue": NaN,
        "Total Revenue": NaN,
        "Operating Revenue": NaN
    },
    "2023-09-30": {
        "Tax Effect Of Unusual Items": 0.0,
        "Tax Rate For Calcs": 0.347333,
        "Normalized EBITDA": 1718000.0,
        "Total Unusual Items": 522000.0,
        "Total Unusual Items Excluding Goodwill": 522000.0,
        "Net Income From Continuing Operation Net Minority Interest": -11943000.0,
        "Reconciled Depreciation": 21555000.0,
        "Reconciled Cost Of Revenue": 147662000.0,
        "EBITDA": 1718000.0,
        "EBIT": 1718000.0,
        "Net Interest Income": -11365000.0,
        "Interest Expense": 19885000.0,
        "Interest Income": 8520000.0,
        "Normalized Income": -11943000.0,
        "Net Income From Continuing And Discontinued Operation": -11943000.0,
        "Total Expenses": 225399000.0,
        "Rent Expense Supplemental": 209000.0,
        "Total Operating Income As Reported": -6802000.0,
        "Diluted Average Shares": 41771186.0,
        "Basic Average Shares": 41771186.0,
        "Diluted EPS": -0.285915,
        "Basic EPS": -0.285915,
        "Diluted NI Availto Com Stockholders": -11943000.0,
        "Net Income Common Stockholders": -11943000.0,
        "Net Income": -11943000.0,
        "Minority Interests": -86000.0,
        "Net Income Including Noncontrolling Interests": -11857000.0,
        "Net Income Continuous Operations": -11857000.0,
        "Tax Provision": -6310000.0,
        "Pretax Income": -18167000.0,
        "Other Income Expense": 522000.0,
        "Other Non Operating Income Expenses": NaN,
        "Special Income Charges": -979000.0,
        "Gain On Sale Of Ppe": -348000.0,
        "Restructuring And Mergern Acquisition": 631000.0,
        "Gain On Sale Of Security": 1501000.0,
        "Net Non Operating Interest Income Expense": -11365000.0,
        "Total Other Finance Cost": 9098000.0,
        "Interest Expense Non Operating": 19885000.0,
        "Interest Income Non Operating": 8520000.0,
        "Operating Income": -6802000.0,
        "Operating Expense": 77737000.0,
        "Other Operating Expenses": 1237000.0,
        "Provision For Doubtful Accounts": 2654000.0,
        "Depreciation Amortization Depletion Income Statement": 4786000.0,
        "Depreciation And Amortization In Income Statement": 4786000.0,
        "Research And Development": 14898000.0,
        "Selling General And Administration": 58948000.0,
        "Selling And Marketing Expense": 29252000.0,
        "General And Administrative Expense": 29696000.0,
        "Other Gand A": 29696000.0,
        "Rent And Landing Fees": 209000.0,
        "Salaries And Wages": 31670000.0,
        "Gross Profit": 70935000.0,
        "Cost Of Revenue": 147662000.0,
        "Total Revenue": 218597000.0,
        "Operating Revenue": 218597000.0
    },
    "2023-12-31": {
        "Tax Effect Of Unusual Items": 1878840.0,
        "Tax Rate For Calcs": 0.34,
        "Normalized EBITDA": 34331000.0,
        "Total Unusual Items": 5526000.0,
        "Total Unusual Items Excluding Goodwill": 5526000.0,
        "Net Income From Continuing Operation Net Minority Interest": -31520000.0,
        "Reconciled Depreciation": 24184000.0,
        "Reconciled Cost Of Revenue": 88241000.0,
        "EBITDA": 39857000.0,
        "EBIT": 15673000.0,
        "Net Interest Income": -7593000.0,
        "Interest Expense": 21240000.0,
        "Interest Income": 9971000.0,
        "Normalized Income": -35167160.0,
        "Net Income From Continuing And Discontinued Operation": -31520000.0,
        "Total Expenses": 220514000.0,
        "Rent Expense Supplemental": 115000.0,
        "Total Operating Income As Reported": -2117000.0,
        "Diluted Average Shares": 41884470.0,
        "Basic Average Shares": 41884470.0,
        "Diluted EPS": -0.745145,
        "Basic EPS": -0.745145,
        "Diluted NI Availto Com Stockholders": -31520000.0,
        "Net Income Common Stockholders": -31520000.0,
        "Net Income": -31520000.0,
        "Minority Interests": -21000.0,
        "Net Income Including Noncontrolling Interests": -31499000.0,
        "Net Income Continuous Operations": -31499000.0,
        "Tax Provision": 25932000.0,
        "Pretax Income": -5567000.0,
        "Other Income Expense": 5526000.0,
        "Other Non Operating Income Expenses": NaN,
        "Special Income Charges": 1383000.0,
        "Gain On Sale Of Ppe": -211000.0,
        "Restructuring And Mergern Acquisition": -1594000.0,
        "Gain On Sale Of Security": 4143000.0,
        "Net Non Operating Interest Income Expense": -7593000.0,
        "Total Other Finance Cost": -3676000.0,
        "Interest Expense Non Operating": 21240000.0,
        "Interest Income Non Operating": 9971000.0,
        "Operating Income": -3500000.0,
        "Operating Expense": 112859000.0,
        "Other Operating Expenses": 4595000.0,
        "Provision For Doubtful Accounts": 41246000.0,
        "Depreciation Amortization Depletion Income Statement": 4770000.0,
        "Depreciation And Amortization In Income Statement": 4770000.0,
        "Research And Development": 12773000.0,
        "Selling General And Administration": 49475000.0,
        "Selling And Marketing Expense": 10570000.0,
        "General And Administrative Expense": 38905000.0,
        "Other Gand A": 8535000.0,
        "Rent And Landing Fees": 115000.0,
        "Salaries And Wages": 30255000.0,
        "Gross Profit": 109359000.0,
        "Cost Of Revenue": 107655000.0,
        "Total Revenue": 217014000.0,
        "Operating Revenue": 217014000.0
    },
    "2024-03-31": {
        "Tax Effect Of Unusual Items": -9175322.473978,
        "Tax Rate For Calcs": 0.196432,
        "Normalized EBITDA": 19262000.0,
        "Total Unusual Items": -46710000.0,
        "Total Unusual Items Excluding Goodwill": -46710000.0,
        "Net Income From Continuing Operation Net Minority Interest": -56011000.0,
        "Reconciled Depreciation": 22797000.0,
        "Reconciled Cost Of Revenue": 113976000.0,
        "EBITDA": -27448000.0,
        "EBIT": -50245000.0,
        "Net Interest Income": -23575000.0,
        "Interest Expense": 19311000.0,
        "Interest Income": 3060000.0,
        "Normalized Income": -18476322.473978,
        "Net Income From Continuing And Discontinued Operation": -56011000.0,
        "Total Expenses": 211907000.0,
        "Rent Expense Supplemental": 88000.0,
        "Total Operating Income As Reported": -9352000.0,
        "Diluted Average Shares": 50745005.0,
        "Basic Average Shares": 50745005.0,
        "Diluted EPS": -1.104,
        "Basic EPS": -1.104,
        "Diluted NI Availto Com Stockholders": -56011000.0,
        "Net Income Common Stockholders": -56011000.0,
        "Net Income": -56011000.0,
        "Minority Interests": -118000.0,
        "Net Income Including Noncontrolling Interests": -55893000.0,
        "Net Income Continuous Operations": -55893000.0,
        "Tax Provision": -13663000.0,
        "Pretax Income": -69556000.0,
        "Other Income Expense": -46710000.0,
        "Other Non Operating Income Expenses": NaN,
        "Special Income Charges": -10081000.0,
        "Gain On Sale Of Ppe": NaN,
        "Restructuring And Mergern Acquisition": 10081000.0,
        "Gain On Sale Of Security": -36629000.0,
        "Net Non Operating Interest Income Expense": -23575000.0,
        "Total Other Finance Cost": 7324000.0,
        "Interest Expense Non Operating": 19311000.0,
        "Interest Income Non Operating": 3060000.0,
        "Operating Income": 729000.0,
        "Operating Expense": 80128000.0,
        "Other Operating Expenses": 8359000.0,
        "Provision For Doubtful Accounts": 5431000.0,
        "Depreciation Amortization Depletion Income Statement": 4994000.0,
        "Depreciation And Amortization In Income Statement": 4994000.0,
        "Research And Development": 14796000.0,
        "Selling General And Administration": 46548000.0,
        "Selling And Marketing Expense": 8050000.0,
        "General And Administrative Expense": 38498000.0,
        "Other Gand A": 8735000.0,
        "Rent And Landing Fees": 88000.0,
        "Salaries And Wages": 29675000.0,
        "Gross Profit": 80857000.0,
        "Cost Of Revenue": 131779000.0,
        "Total Revenue": 212636000.0,
        "Operating Revenue": 212636000.0
    },
    "2024-06-30": {
        "Tax Effect Of Unusual Items": -4702880.0,
        "Tax Rate For Calcs": 0.34,
        "Normalized EBITDA": 25001000.0,
        "Total Unusual Items": -13832000.0,
        "Total Unusual Items Excluding Goodwill": -13832000.0,
        "Net Income From Continuing Operation Net Minority Interest": -16045000.0,
        "Reconciled Depreciation": 23582000.0,
        "Reconciled Cost Of Revenue": 124790000.0,
        "EBITDA": 11169000.0,
        "EBIT": -12413000.0,
        "Net Interest Income": -23840000.0,
        "Interest Expense": 15028000.0,
        "Interest Income": 388000.0,
        "Normalized Income": -6915880.0,
        "Net Income From Continuing And Discontinued Operation": -16045000.0,
        "Total Expenses": 220928000.0,
        "Rent Expense Supplemental": 89000.0,
        "Total Operating Income As Reported": 10016000.0,
        "Diluted Average Shares": 49067278.0,
        "Basic Average Shares": 49067278.0,
        "Diluted EPS": -0.327,
        "Basic EPS": -0.327,
        "Diluted NI Availto Com Stockholders": -16045000.0,
        "Net Income Common Stockholders": -16045000.0,
        "Net Income": -16045000.0,
        "Minority Interests": -108000.0,
        "Net Income Including Noncontrolling Interests": -15937000.0,
        "Net Income Continuous Operations": -15937000.0,
        "Tax Provision": -11504000.0,
        "Pretax Income": -27441000.0,
        "Other Income Expense": -13832000.0,
        "Other Non Operating Income Expenses": -2690000.0,
        "Special Income Charges": -215000.0,
        "Gain On Sale Of Ppe": -135000.0,
        "Restructuring And Mergern Acquisition": 80000.0,
        "Gain On Sale Of Security": -13617000.0,
        "Net Non Operating Interest Income Expense": -23840000.0,
        "Total Other Finance Cost": 9200000.0,
        "Interest Expense Non Operating": 15028000.0,
        "Interest Income Non Operating": 388000.0,
        "Operating Income": 10231000.0,
        "Operating Expense": 77304000.0,
        "Other Operating Expenses": 8963000.0,
        "Provision For Doubtful Accounts": 1464000.0,
        "Depreciation Amortization Depletion Income Statement": 4748000.0,
        "Depreciation And Amortization In Income Statement": 4748000.0,
        "Research And Development": 14071000.0,
        "Selling General And Administration": 48058000.0,
        "Selling And Marketing Expense": 8782000.0,
        "General And Administrative Expense": 39276000.0,
        "Other Gand A": 7920000.0,
        "Rent And Landing Fees": 89000.0,
        "Salaries And Wages": 31267000.0,
        "Gross Profit": 87535000.0,
        "Cost Of Revenue": 143624000.0,
        "Total Revenue": 231159000.0,
        "Operating Revenue": 231159000.0
    },
    "2024-09-30": {
        "Tax Effect Of Unusual Items": 0.0,
        "Tax Rate For Calcs": 0.34,
        "Normalized EBITDA": 80834000.0,
        "Total Unusual Items": NaN,
        "Total Unusual Items Excluding Goodwill": NaN,
        "Net Income From Continuing Operation Net Minority Interest": 52621000.0,
        "Reconciled Depreciation": NaN,
        "Reconciled Cost Of Revenue": 194639000.0,
        "EBITDA": 80834000.0,
        "EBIT": 80834000.0,
        "Net Interest Income": 30313000.0,
        "Interest Expense": 32649000.0,
        "Interest Income": 62962000.0,
        "Normalized Income": 52621000.0,
        "Net Income From Continuing And Discontinued Operation": 52621000.0,
        "Total Expenses": 266577000.0,
        "Rent Expense Supplemental": NaN,
        "Total Operating Income As Reported": 17872000.0,
        "Diluted Average Shares": 51867698.0,
        "Basic Average Shares": 51867698.0,
        "Diluted EPS": 1.017146,
        "Basic EPS": 1.017146,
        "Diluted NI Availto Com Stockholders": 52621000.0,
        "Net Income Common Stockholders": 52621000.0,
        "Net Income": 52621000.0,
        "Minority Interests": 172000.0,
        "Net Income Including Noncontrolling Interests": 52449000.0,
        "Net Income Continuous Operations": 52449000.0,
        "Tax Provision": -4264000.0,
        "Pretax Income": 48185000.0,
        "Other Income Expense": NaN,
        "Other Non Operating Income Expenses": NaN,
        "Special Income Charges": NaN,
        "Gain On Sale Of Ppe": NaN,
        "Restructuring And Mergern Acquisition": NaN,
        "Gain On Sale Of Security": NaN,
        "Net Non Operating Interest Income Expense": 30313000.0,
        "Total Other Finance Cost": NaN,
        "Interest Expense Non Operating": 32649000.0,
        "Interest Income Non Operating": 62962000.0,
        "Operating Income": 17872000.0,
        "Operating Expense": 71938000.0,
        "Other Operating Expenses": -3812000.0,
        "Provision For Doubtful Accounts": 4559000.0,
        "Depreciation Amortization Depletion Income Statement": NaN,
        "Depreciation And Amortization In Income Statement": NaN,
        "Research And Development": 12514000.0,
        "Selling General And Administration": 58677000.0,
        "Selling And Marketing Expense": 28075000.0,
        "General And Administrative Expense": 30602000.0,
        "Other Gand A": 30602000.0,
        "Rent And Landing Fees": NaN,
        "Salaries And Wages": NaN,
        "Gross Profit": 89810000.0,
        "Cost Of Revenue": 194639000.0,
        "Total Revenue": 284449000.0,
        "Operating Revenue": 284449000.0
    }
}