{
    "2023-03-31": {
        "Tax Effect Of Unusual Items": 0.0,
        "Tax Rate For Calcs": 0.0,
        "Normalized EBITDA": -22784000.0,
        "Total Unusual Items": 3010000.0,
        "Total Unusual Items Excluding Goodwill": 3010000.0,
        "Net Income From Continuing Operation Net Minority Interest": -23435000.0,
        "Reconciled Depreciation": 532000.0,
        "Reconciled Cost Of Revenue": 8152000.0,
        "EBITDA": -19774000.0,
        "EBIT": -20306000.0,
        "Net Interest Income": -3129000.0,
        "Interest Expense": 3129000.0,
        "Normalized Income": -26445000.0,
        "Net Income From Continuing And Discontinued Operation": -23435000.0,
        "Total Expenses": 25087000.0,
        "Total Operating Income As Reported": -23776000.0,
        "Diluted Average Shares": 4794178.0,
        "Basic Average Shares": 4794178.0,
        "Diluted EPS": -4.89,
        "Basic EPS": -4.89,
        "Diluted NI Availto Com Stockholders": -23435000.0,
        "Net Income Common Stockholders": -23435000.0,
        "Net Income": -23435000.0,
        "Net Income Including Noncontrolling Interests": -23435000.0,
        "Net Income Continuous Operations": -23435000.0,
        "Pretax Income": -23435000.0,
        "Other Income Expense": 3470000.0,
        "Other Non Operating Income Expenses": 460000.0,
        "Special Income Charges": 2965000.0,
        "Other Special Charges": -2965000.0,
        "Gain On Sale Of Security": 45000.0,
        "Net Non Operating Interest Income Expense": -3129000.0,
        "Interest Expense Non Operating": 3129000.0,
        "Operating Income": -23776000.0,
        "Operating Expense": 16935000.0,
        "Research And Development": 2087000.0,
        "Selling General And Administration": 14848000.0,
        "Gross Profit": -6841000.0,
        "Cost Of Revenue": 8152000.0,
        "Total Revenue": 1311000.0,
        "Operating Revenue": 1311000.0
    },
    "2022-12-31": {
        "Tax Effect Of Unusual Items": 0.0,
        "Tax Rate For Calcs": 0.0,
        "Normalized EBITDA": -8678000.0,
        "Total Unusual Items": 4128000.0,
        "Total Unusual Items Excluding Goodwill": 4128000.0,
        "Net Income From Continuing Operation Net Minority Interest": -8581000.0,
        "Reconciled Depreciation": 541000.0,
        "Reconciled Cost Of Revenue": 9060000.0,
        "EBITDA": -4550000.0,
        "EBIT": -5091000.0,
        "Net Interest Income": -3490000.0,
        "Interest Expense": 3490000.0,
        "Normalized Income": -12709000.0,
        "Net Income From Continuing And Discontinued Operation": -8581000.0,
        "Total Expenses": 26081000.0,
        "Total Operating Income As Reported": -21747000.0,
        "Diluted Average Shares": 4315004.0,
        "Basic Average Shares": 4112136.0,
        "Diluted EPS": -2.2,
        "Basic EPS": -2.2,
        "Diluted NI Availto Com Stockholders": -8581000.0,
        "Net Income Common Stockholders": -8581000.0,
        "Net Income": -8581000.0,
        "Net Income Including Noncontrolling Interests": -8581000.0,
        "Net Income Continuous Operations": -8581000.0,
        "Pretax Income": -8581000.0,
        "Other Income Expense": 16656000.0,
        "Other Non Operating Income Expenses": 12528000.0,
        "Special Income Charges": 2921000.0,
        "Other Special Charges": -2921000.0,
        "Gain On Sale Of Security": 1207000.0,
        "Net Non Operating Interest Income Expense": -3490000.0,
        "Interest Expense Non Operating": 3490000.0,
        "Operating Income": -21747000.0,
        "Operating Expense": 17021000.0,
        "Research And Development": 4434000.0,
        "Selling General And Administration": 12587000.0,
        "Gross Profit": -4726000.0,
        "Cost Of Revenue": 9060000.0,
        "Total Revenue": 4334000.0,
        "Operating Revenue": 4334000.0
    },
    "2022-09-30": {
        "Tax Effect Of Unusual Items": 0.0,
        "Tax Rate For Calcs": 0.0,
        "Normalized EBITDA": -1226000.0,
        "Total Unusual Items": 4264000.0,
        "Total Unusual Items Excluding Goodwill": 4264000.0,
        "Net Income From Continuing Operation Net Minority Interest": -1231000.0,
        "Reconciled Depreciation": 511000.0,
        "Reconciled Cost Of Revenue": 14580000.0,
        "EBITDA": 3038000.0,
        "EBIT": 2527000.0,
        "Net Interest Income": -3758000.0,
        "Interest Expense": 3758000.0,
        "Normalized Income": -5495000.0,
        "Net Income From Continuing And Discontinued Operation": -1231000.0,
        "Total Expenses": 30905000.0,
        "Total Operating Income As Reported": -19774000.0,
        "Diluted Average Shares": 3787269.0,
        "Basic Average Shares": 3787269.0,
        "Diluted EPS": -0.4,
        "Basic EPS": -0.4,
        "Diluted NI Availto Com Stockholders": -1231000.0,
        "Net Income Common Stockholders": -1231000.0,
        "Net Income": -1231000.0,
        "Net Income Including Noncontrolling Interests": -1231000.0,
        "Net Income Continuous Operations": -1231000.0,
        "Pretax Income": -1231000.0,
        "Other Income Expense": 22301000.0,
        "Other Non Operating Income Expenses": 18037000.0,
        "Special Income Charges": 0.0,
        "Other Special Charges": NaN,
        "Gain On Sale Of Security": 4264000.0,
        "Net Non Operating Interest Income Expense": -3758000.0,
        "Interest Expense Non Operating": 3758000.0,
        "Operating Income": -19774000.0,
        "Operating Expense": 16325000.0,
        "Research And Development": 1428000.0,
        "Selling General And Administration": 14897000.0,
        "Gross Profit": -3449000.0,
        "Cost Of Revenue": 14580000.0,
        "Total Revenue": 11131000.0,
        "Operating Revenue": 11131000.0
    },
    "2022-06-30": {
        "Tax Effect Of Unusual Items": 0.0,
        "Tax Rate For Calcs": 0.0,
        "Normalized EBITDA": 28781000.0,
        "Total Unusual Items": 11213000.0,
        "Total Unusual Items Excluding Goodwill": 11213000.0,
        "Net Income From Continuing Operation Net Minority Interest": 35738000.0,
        "Reconciled Depreciation": 407000.0,
        "Reconciled Cost Of Revenue": 4889000.0,
        "EBITDA": 39994000.0,
        "EBIT": 39587000.0,
        "Net Interest Income": -3849000.0,
        "Interest Expense": 3849000.0,
        "Normalized Income": 24525000.0,
        "Net Income From Continuing And Discontinued Operation": 35738000.0,
        "Total Expenses": 19258000.0,
        "Total Operating Income As Reported": -15722000.0,
        "Diluted Average Shares": 4260511.0,
        "Basic Average Shares": 3770406.0,
        "Diluted EPS": 6.94,
        "Basic EPS": 9.48,
        "Diluted NI Availto Com Stockholders": 35738000.0,
        "Net Income Common Stockholders": 35738000.0,
        "Net Income": 35738000.0,
        "Net Income Including Noncontrolling Interests": 35738000.0,
        "Net Income Continuous Operations": 35738000.0,
        "Pretax Income": 35738000.0,
        "Other Income Expense": 55309000.0,
        "Other Non Operating Income Expenses": 44096000.0,
        "Special Income Charges": NaN,
        "Other Special Charges": NaN,
        "Gain On Sale Of Security": 11213000.0,
        "Net Non Operating Interest Income Expense": -3849000.0,
        "Interest Expense Non Operating": 3849000.0,
        "Operating Income": -15722000.0,
        "Operating Expense": 14369000.0,
        "Research And Development": 1810000.0,
        "Selling General And Administration": 12559000.0,
        "Gross Profit": -1353000.0,
        "Cost Of Revenue": 4889000.0,
        "Total Revenue": 3536000.0,
        "Operating Revenue": 3536000.0
    },
    "2022-03-31": {
        "Diluted EPS": -2.86,
        "Total Revenue": 5,
        "Gross Profit": -2,
        "Operating Income": -16,
        "EBIT": -13,
        "Net Income": -11
    },
    "2021-12-31": {
        "Diluted EPS": 12.4,
        "Total Revenue": 4,
        "Gross Profit": -3,
        "Operating Income": -17,
        "EBIT": -15,
        "Net Income": 22
    },
    "2021-09-30": {
        "Diluted EPS": -13.4,
        "Total Revenue": 6,
        "Gross Profit": -1,
        "Operating Income": -11,
        "EBIT": -9,
        "Net Income": -49
    },
    "2021-06-30": {
        "Diluted EPS": -15.8,
        "Total Revenue": 6,
        "Gross Profit": -1,
        "Operating Income": -18,
        "EBIT": -16,
        "Net Income": -46
    },
    "2021-03-31": {
        "Diluted EPS": -16.6,
        "Total Revenue": 5,
        "Gross Profit": -1,
        "Operating Income": -5,
        "EBIT": -4,
        "Net Income": -27
    },
    "2020-12-31": {
        "Diluted EPS": -11.0,
        "Total Revenue": 4,
        "Gross Profit": -1,
        "Operating Income": -8,
        "EBIT": -6,
        "Net Income": -16
    },
    "2020-09-30": {
        "Diluted EPS": -11.8,
        "Total Revenue": 4,
        "Gross Profit": 0,
        "Operating Income": -3,
        "EBIT": -3,
        "Net Income": -19
    },
    "2020-06-30": {
        "Diluted EPS": -2.0,
        "Total Revenue": 1,
        "Gross Profit": -1,
        "Operating Income": -3,
        "EBIT": -3,
        "Net Income": -3
    },
    "2020-03-31": {
        "Diluted EPS": -0.2,
        "Total Revenue": NaN,
        "Gross Profit": NaN,
        "Operating Income": 0,
        "EBIT": 0,
        "Net Income": 0
    },
    "2023-06-30": {
        "Tax Effect Of Unusual Items": 0.0,
        "Tax Rate For Calcs": 0.0,
        "Normalized EBITDA": -17343000.0,
        "Total Unusual Items": 68000.0,
        "Total Unusual Items Excluding Goodwill": 68000.0,
        "Net Income From Continuing Operation Net Minority Interest": -21448000.0,
        "Reconciled Depreciation": 681000.0,
        "Reconciled Cost Of Revenue": 12933000.0,
        "EBITDA": -17275000.0,
        "EBIT": -17956000.0,
        "Net Interest Income": -3492000.0,
        "Interest Expense": 3492000.0,
        "Normalized Income": -21516000.0,
        "Net Income From Continuing And Discontinued Operation": -21448000.0,
        "Total Expenses": 27339000.0,
        "Total Operating Income As Reported": -19423000.0,
        "Diluted Average Shares": 5800106.0,
        "Basic Average Shares": 5800106.0,
        "Diluted EPS": -3.7,
        "Basic EPS": -3.7,
        "Diluted NI Availto Com Stockholders": -21448000.0,
        "Net Income Common Stockholders": -21448000.0,
        "Net Income": -21448000.0,
        "Net Income Including Noncontrolling Interests": -21448000.0,
        "Net Income Continuous Operations": -21448000.0,
        "Pretax Income": -21448000.0,
        "Other Income Expense": 1467000.0,
        "Other Non Operating Income Expenses": 1399000.0,
        "Special Income Charges": 0.0,
        "Other Special Charges": NaN,
        "Gain On Sale Of Security": 68000.0,
        "Net Non Operating Interest Income Expense": -3492000.0,
        "Interest Expense Non Operating": 3492000.0,
        "Operating Income": -19423000.0,
        "Operating Expense": 14406000.0,
        "Research And Development": 1381000.0,
        "Selling General And Administration": 13025000.0,
        "Gross Profit": -5017000.0,
        "Cost Of Revenue": 12933000.0,
        "Total Revenue": 7916000.0,
        "Operating Revenue": 7916000.0
    }
}