{
    "2023-06-30": {
        "Tax Effect Of Unusual Items": 0.0,
        "Tax Rate For Calcs": 0.303,
        "Normalized EBITDA": 86500000.0,
        "Total Unusual Items": 0.0,
        "Total Unusual Items Excluding Goodwill": 0.0,
        "Net Income From Continuing Operation Net Minority Interest": 38100000.0,
        "Reconciled Depreciation": 19800000.0,
        "Reconciled Cost Of Revenue": 29300000.0,
        "EBITDA": 86500000.0,
        "EBIT": 66700000.0,
        "Net Interest Income": -12000000.0,
        "Interest Expense": 12000000.0,
        "Normalized Income": 38100000.0,
        "Net Income From Continuing And Discontinued Operation": 38100000.0,
        "Total Expenses": 249000000.0,
        "Total Operating Income As Reported": 59600000.0,
        "Diluted Average Shares": 401725003.0,
        "Basic Average Shares": 401194485.0,
        "Diluted EPS": 0.09,
        "Basic EPS": 0.09,
        "Diluted NI Availto Com Stockholders": 38100000.0,
        "Net Income Common Stockholders": 38100000.0,
        "Net Income": 38100000.0,
        "Minority Interests": NaN,
        "Net Income Including Noncontrolling Interests": 38100000.0,
        "Net Income Continuous Operations": 38100000.0,
        "Tax Provision": 16600000.0,
        "Pretax Income": 54700000.0,
        "Other Income Expense": 7100000.0,
        "Other Non Operating Income Expenses": 7100000.0,
        "Special Income Charges": 0.0,
        "Other Special Charges": NaN,
        "Restructuring And Mergern Acquisition": 4700000.0,
        "Net Non Operating Interest Income Expense": -12000000.0,
        "Interest Expense Non Operating": 12000000.0,
        "Operating Income": 59600000.0,
        "Operating Expense": 205400000.0,
        "Depreciation Amortization Depletion Income Statement": 5500000.0,
        "Depreciation And Amortization In Income Statement": 5500000.0,
        "Amortization": 5500000.0,
        "Amortization Of Intangibles Income Statement": 5500000.0,
        "Research And Development": 53300000.0,
        "Selling General And Administration": 146600000.0,
        "Selling And Marketing Expense": 104500000.0,
        "General And Administrative Expense": 42100000.0,
        "Other Gand A": 42100000.0,
        "Gross Profit": 265000000.0,
        "Cost Of Revenue": 43600000.0,
        "Total Revenue": 308600000.0,
        "Operating Revenue": 307900000.0
    },
    "2023-03-31": {
        "Tax Effect Of Unusual Items": NaN,
        "Tax Rate For Calcs": NaN,
        "Normalized EBITDA": NaN,
        "Total Unusual Items": NaN,
        "Total Unusual Items Excluding Goodwill": NaN,
        "Net Income From Continuing Operation Net Minority Interest": NaN,
        "Reconciled Depreciation": NaN,
        "Reconciled Cost Of Revenue": NaN,
        "EBITDA": NaN,
        "EBIT": NaN,
        "Net Interest Income": NaN,
        "Interest Expense": NaN,
        "Normalized Income": NaN,
        "Net Income From Continuing And Discontinued Operation": NaN,
        "Total Expenses": NaN,
        "Total Operating Income As Reported": NaN,
        "Diluted Average Shares": NaN,
        "Basic Average Shares": NaN,
        "Diluted EPS": NaN,
        "Basic EPS": NaN,
        "Diluted NI Availto Com Stockholders": NaN,
        "Net Income Common Stockholders": NaN,
        "Net Income": NaN,
        "Minority Interests": NaN,
        "Net Income Including Noncontrolling Interests": NaN,
        "Net Income Continuous Operations": NaN,
        "Tax Provision": NaN,
        "Pretax Income": NaN,
        "Other Income Expense": NaN,
        "Other Non Operating Income Expenses": NaN,
        "Special Income Charges": NaN,
        "Other Special Charges": 2200000.0,
        "Restructuring And Mergern Acquisition": 100000.0,
        "Net Non Operating Interest Income Expense": NaN,
        "Interest Expense Non Operating": NaN,
        "Operating Income": NaN,
        "Operating Expense": NaN,
        "Depreciation Amortization Depletion Income Statement": NaN,
        "Depreciation And Amortization In Income Statement": NaN,
        "Amortization": NaN,
        "Amortization Of Intangibles Income Statement": NaN,
        "Research And Development": NaN,
        "Selling General And Administration": NaN,
        "Selling And Marketing Expense": NaN,
        "General And Administrative Expense": NaN,
        "Other Gand A": NaN,
        "Gross Profit": NaN,
        "Cost Of Revenue": NaN,
        "Total Revenue": NaN,
        "Operating Revenue": NaN
    },
    "2022-12-31": {
        "Tax Effect Of Unusual Items": NaN,
        "Tax Rate For Calcs": NaN,
        "Normalized EBITDA": NaN,
        "Total Unusual Items": NaN,
        "Total Unusual Items Excluding Goodwill": NaN,
        "Net Income From Continuing Operation Net Minority Interest": NaN,
        "Reconciled Depreciation": NaN,
        "Reconciled Cost Of Revenue": NaN,
        "EBITDA": NaN,
        "EBIT": NaN,
        "Net Interest Income": NaN,
        "Interest Expense": NaN,
        "Normalized Income": NaN,
        "Net Income From Continuing And Discontinued Operation": NaN,
        "Total Expenses": NaN,
        "Total Operating Income As Reported": NaN,
        "Diluted Average Shares": NaN,
        "Basic Average Shares": NaN,
        "Diluted EPS": NaN,
        "Basic EPS": NaN,
        "Diluted NI Availto Com Stockholders": NaN,
        "Net Income Common Stockholders": NaN,
        "Net Income": NaN,
        "Minority Interests": 0.0,
        "Net Income Including Noncontrolling Interests": NaN,
        "Net Income Continuous Operations": NaN,
        "Tax Provision": NaN,
        "Pretax Income": NaN,
        "Other Income Expense": NaN,
        "Other Non Operating Income Expenses": NaN,
        "Special Income Charges": NaN,
        "Other Special Charges": NaN,
        "Restructuring And Mergern Acquisition": NaN,
        "Net Non Operating Interest Income Expense": NaN,
        "Interest Expense Non Operating": NaN,
        "Operating Income": NaN,
        "Operating Expense": NaN,
        "Depreciation Amortization Depletion Income Statement": NaN,
        "Depreciation And Amortization In Income Statement": NaN,
        "Amortization": NaN,
        "Amortization Of Intangibles Income Statement": NaN,
        "Research And Development": NaN,
        "Selling General And Administration": NaN,
        "Selling And Marketing Expense": NaN,
        "General And Administrative Expense": NaN,
        "Other Gand A": NaN,
        "Gross Profit": NaN,
        "Cost Of Revenue": NaN,
        "Total Revenue": NaN,
        "Operating Revenue": NaN
    },
    "2022-09-30": {
        "Tax Effect Of Unusual Items": NaN,
        "Tax Rate For Calcs": NaN,
        "Normalized EBITDA": NaN,
        "Total Unusual Items": NaN,
        "Total Unusual Items Excluding Goodwill": NaN,
        "Net Income From Continuing Operation Net Minority Interest": NaN,
        "Reconciled Depreciation": NaN,
        "Reconciled Cost Of Revenue": NaN,
        "EBITDA": NaN,
        "EBIT": NaN,
        "Net Interest Income": NaN,
        "Interest Expense": NaN,
        "Normalized Income": NaN,
        "Net Income From Continuing And Discontinued Operation": NaN,
        "Total Expenses": NaN,
        "Total Operating Income As Reported": NaN,
        "Diluted Average Shares": NaN,
        "Basic Average Shares": NaN,
        "Diluted EPS": NaN,
        "Basic EPS": NaN,
        "Diluted NI Availto Com Stockholders": NaN,
        "Net Income Common Stockholders": NaN,
        "Net Income": NaN,
        "Minority Interests": 0.0,
        "Net Income Including Noncontrolling Interests": NaN,
        "Net Income Continuous Operations": NaN,
        "Tax Provision": NaN,
        "Pretax Income": NaN,
        "Other Income Expense": NaN,
        "Other Non Operating Income Expenses": NaN,
        "Special Income Charges": NaN,
        "Other Special Charges": NaN,
        "Restructuring And Mergern Acquisition": NaN,
        "Net Non Operating Interest Income Expense": NaN,
        "Interest Expense Non Operating": NaN,
        "Operating Income": NaN,
        "Operating Expense": NaN,
        "Depreciation Amortization Depletion Income Statement": NaN,
        "Depreciation And Amortization In Income Statement": NaN,
        "Amortization": NaN,
        "Amortization Of Intangibles Income Statement": NaN,
        "Research And Development": NaN,
        "Selling General And Administration": NaN,
        "Selling And Marketing Expense": NaN,
        "General And Administrative Expense": NaN,
        "Other Gand A": NaN,
        "Gross Profit": NaN,
        "Cost Of Revenue": NaN,
        "Total Revenue": NaN,
        "Operating Revenue": NaN
    },
    "2022-06-30": {
        "Tax Effect Of Unusual Items": -437800.0,
        "Tax Rate For Calcs": 0.398,
        "Normalized EBITDA": 61700000.0,
        "Total Unusual Items": -1100000.0,
        "Total Unusual Items Excluding Goodwill": -1100000.0,
        "Net Income From Continuing Operation Net Minority Interest": 15900000.0,
        "Reconciled Depreciation": 22500000.0,
        "Reconciled Cost Of Revenue": 30100000.0,
        "EBITDA": 60600000.0,
        "EBIT": 38100000.0,
        "Net Interest Income": -11700000.0,
        "Interest Expense": 11700000.0,
        "Normalized Income": 16562200.0,
        "Net Income From Continuing And Discontinued Operation": 15900000.0,
        "Total Expenses": 226500000.0,
        "Total Operating Income As Reported": 39500000.0,
        "Diluted Average Shares": 403221743.0,
        "Basic Average Shares": 401099187.0,
        "Diluted EPS": 0.04,
        "Basic EPS": 0.04,
        "Diluted NI Availto Com Stockholders": 15900000.0,
        "Net Income Common Stockholders": 15900000.0,
        "Net Income": 15900000.0,
        "Minority Interests": 0.0,
        "Net Income Including Noncontrolling Interests": 15900000.0,
        "Net Income Continuous Operations": 15900000.0,
        "Tax Provision": 10500000.0,
        "Pretax Income": 26400000.0,
        "Other Income Expense": -2500000.0,
        "Other Non Operating Income Expenses": -1400000.0,
        "Special Income Charges": -1100000.0,
        "Other Special Charges": NaN,
        "Restructuring And Mergern Acquisition": 1100000.0,
        "Net Non Operating Interest Income Expense": -11700000.0,
        "Interest Expense Non Operating": 11700000.0,
        "Operating Income": 40600000.0,
        "Operating Expense": 179500000.0,
        "Depreciation Amortization Depletion Income Statement": 5600000.0,
        "Depreciation And Amortization In Income Statement": 5600000.0,
        "Amortization": 5600000.0,
        "Amortization Of Intangibles Income Statement": 5600000.0,
        "Research And Development": 49500000.0,
        "Selling General And Administration": 124400000.0,
        "Selling And Marketing Expense": 95200000.0,
        "General And Administrative Expense": 29200000.0,
        "Other Gand A": 29200000.0,
        "Gross Profit": 220100000.0,
        "Cost Of Revenue": 47000000.0,
        "Total Revenue": 267100000.0,
        "Operating Revenue": 267100000.0
    },
    "2023-09-30": {
        "Tax Effect Of Unusual Items": -1071000.0,
        "Tax Rate For Calcs": 0.21,
        "Normalized EBITDA": 96000000.0,
        "Total Unusual Items": -5100000.0,
        "Total Unusual Items Excluding Goodwill": -5100000.0,
        "Net Income From Continuing Operation Net Minority Interest": 30200000.0,
        "Reconciled Depreciation": 19800000.0,
        "Reconciled Cost Of Revenue": 30400000.0,
        "EBITDA": 90900000.0,
        "EBIT": 71100000.0,
        "Net Interest Income": -11900000.0,
        "Interest Expense": 11900000.0,
        "Normalized Income": 34229000.0,
        "Net Income From Continuing And Discontinued Operation": 30200000.0,
        "Total Expenses": 245600000.0,
        "Total Operating Income As Reported": 63100000.0,
        "Diluted Average Shares": 397228170.0,
        "Basic Average Shares": 396852350.0,
        "Diluted EPS": 0.08,
        "Basic EPS": 0.08,
        "Diluted NI Availto Com Stockholders": 30200000.0,
        "Net Income Common Stockholders": 30200000.0,
        "Net Income": 30200000.0,
        "Minority Interests": NaN,
        "Net Income Including Noncontrolling Interests": 30200000.0,
        "Net Income Continuous Operations": 30200000.0,
        "Tax Provision": 29000000.0,
        "Pretax Income": 59200000.0,
        "Other Income Expense": 2900000.0,
        "Other Non Operating Income Expenses": 8000000.0,
        "Special Income Charges": -5100000.0,
        "Other Special Charges": NaN,
        "Restructuring And Mergern Acquisition": 5100000.0,
        "Net Non Operating Interest Income Expense": -11900000.0,
        "Interest Expense Non Operating": 11900000.0,
        "Operating Income": 68200000.0,
        "Operating Expense": 200800000.0,
        "Depreciation Amortization Depletion Income Statement": 5400000.0,
        "Depreciation And Amortization In Income Statement": 5400000.0,
        "Amortization": 5400000.0,
        "Amortization Of Intangibles Income Statement": 5400000.0,
        "Research And Development": 47300000.0,
        "Selling General And Administration": 148100000.0,
        "Selling And Marketing Expense": 102300000.0,
        "General And Administrative Expense": 45800000.0,
        "Other Gand A": 45800000.0,
        "Gross Profit": 269000000.0,
        "Cost Of Revenue": 44800000.0,
        "Total Revenue": 313800000.0,
        "Operating Revenue": 312400000.0
    },
    "2023-12-31": {
        "Tax Effect Of Unusual Items": -525000.0,
        "Tax Rate For Calcs": 0.21,
        "Normalized EBITDA": 240700000.0,
        "Total Unusual Items": -2500000.0,
        "Total Unusual Items Excluding Goodwill": -2500000.0,
        "Net Income From Continuing Operation Net Minority Interest": -5500000.0,
        "Reconciled Depreciation": 20100000.0,
        "Reconciled Cost Of Revenue": 29900000.0,
        "EBITDA": 238200000.0,
        "EBIT": 218100000.0,
        "Net Interest Income": -11400000.0,
        "Interest Expense": 11400000.0,
        "Normalized Income": -3525000.0,
        "Net Income From Continuing And Discontinued Operation": -5500000.0,
        "Total Expenses": 245500000.0,
        "Total Operating Income As Reported": 70500000.0,
        "Diluted Average Shares": 384830529.0,
        "Basic Average Shares": 384830529.0,
        "Diluted EPS": -0.01,
        "Basic EPS": -0.01,
        "Diluted NI Availto Com Stockholders": -5500000.0,
        "Net Income Common Stockholders": -5500000.0,
        "Net Income": -5500000.0,
        "Minority Interests": NaN,
        "Net Income Including Noncontrolling Interests": -5500000.0,
        "Net Income Continuous Operations": -5500000.0,
        "Tax Provision": 212200000.0,
        "Pretax Income": 206700000.0,
        "Other Income Expense": 147200000.0,
        "Other Non Operating Income Expenses": 149700000.0,
        "Special Income Charges": -2500000.0,
        "Other Special Charges": 2100000.0,
        "Restructuring And Mergern Acquisition": 400000.0,
        "Net Non Operating Interest Income Expense": -11400000.0,
        "Interest Expense Non Operating": 11400000.0,
        "Operating Income": 70900000.0,
        "Operating Expense": 200900000.0,
        "Depreciation Amortization Depletion Income Statement": 5400000.0,
        "Depreciation And Amortization In Income Statement": 5400000.0,
        "Amortization": 5400000.0,
        "Amortization Of Intangibles Income Statement": 5400000.0,
        "Research And Development": 48200000.0,
        "Selling General And Administration": 147300000.0,
        "Selling And Marketing Expense": 98300000.0,
        "General And Administrative Expense": 49000000.0,
        "Other Gand A": 49000000.0,
        "Gross Profit": 271800000.0,
        "Cost Of Revenue": 44600000.0,
        "Total Revenue": 316400000.0,
        "Operating Revenue": 314900000.0
    },
    "2024-03-31": {
        "Tax Effect Of Unusual Items": -42000.0,
        "Tax Rate For Calcs": 0.21,
        "Normalized EBITDA": 59800000.0,
        "Total Unusual Items": -200000.0,
        "Total Unusual Items Excluding Goodwill": -200000.0,
        "Net Income From Continuing Operation Net Minority Interest": 15100000.0,
        "Reconciled Depreciation": 20000000.0,
        "Reconciled Cost Of Revenue": 28700000.0,
        "EBITDA": 59600000.0,
        "EBIT": 39600000.0,
        "Net Interest Income": -10100000.0,
        "Interest Expense": 10100000.0,
        "Normalized Income": 15258000.0,
        "Net Income From Continuing And Discontinued Operation": 15100000.0,
        "Total Expenses": 266900000.0,
        "Total Operating Income As Reported": 43000000.0,
        "Diluted Average Shares": 379307483.0,
        "Basic Average Shares": 378967201.0,
        "Diluted EPS": 0.04,
        "Basic EPS": 0.04,
        "Diluted NI Availto Com Stockholders": 15100000.0,
        "Net Income Common Stockholders": 15100000.0,
        "Net Income": 15100000.0,
        "Minority Interests": NaN,
        "Net Income Including Noncontrolling Interests": 15100000.0,
        "Net Income Continuous Operations": 15100000.0,
        "Tax Provision": 14400000.0,
        "Pretax Income": 29500000.0,
        "Other Income Expense": -3600000.0,
        "Other Non Operating Income Expenses": -3400000.0,
        "Special Income Charges": -200000.0,
        "Other Special Charges": NaN,
        "Restructuring And Mergern Acquisition": 200000.0,
        "Net Non Operating Interest Income Expense": -10100000.0,
        "Interest Expense Non Operating": 10100000.0,
        "Operating Income": 43200000.0,
        "Operating Expense": 223500000.0,
        "Depreciation Amortization Depletion Income Statement": 5300000.0,
        "Depreciation And Amortization In Income Statement": 5300000.0,
        "Amortization": 5300000.0,
        "Amortization Of Intangibles Income Statement": 5300000.0,
        "Research And Development": 43700000.0,
        "Selling General And Administration": 174500000.0,
        "Selling And Marketing Expense": 99400000.0,
        "General And Administrative Expense": 75100000.0,
        "Other Gand A": 75100000.0,
        "Gross Profit": 266700000.0,
        "Cost Of Revenue": 43400000.0,
        "Total Revenue": 310100000.0,
        "Operating Revenue": 309100000.0
    },
    "2024-06-30": {
        "Tax Effect Of Unusual Items": -4900.0,
        "Tax Rate For Calcs": 0.007,
        "Normalized EBITDA": 6800000.0,
        "Total Unusual Items": -700000.0,
        "Total Unusual Items Excluding Goodwill": -700000.0,
        "Net Income From Continuing Operation Net Minority Interest": -24400000.0,
        "Reconciled Depreciation": 20900000.0,
        "Reconciled Cost Of Revenue": 30500000.0,
        "EBITDA": 6100000.0,
        "EBIT": -14800000.0,
        "Net Interest Income": -9800000.0,
        "Interest Expense": 9800000.0,
        "Normalized Income": -23704900.0,
        "Net Income From Continuing And Discontinued Operation": -24400000.0,
        "Total Expenses": 311500000.0,
        "Total Operating Income As Reported": -20000000.0,
        "Diluted Average Shares": 371431165.0,
        "Basic Average Shares": 371431165.0,
        "Diluted EPS": -0.07,
        "Basic EPS": -0.07,
        "Diluted NI Availto Com Stockholders": -24400000.0,
        "Net Income Common Stockholders": -24400000.0,
        "Net Income": -24400000.0,
        "Minority Interests": NaN,
        "Net Income Including Noncontrolling Interests": -24400000.0,
        "Net Income Continuous Operations": -24400000.0,
        "Tax Provision": -200000.0,
        "Pretax Income": -24600000.0,
        "Other Income Expense": 5200000.0,
        "Other Non Operating Income Expenses": 5900000.0,
        "Special Income Charges": -700000.0,
        "Other Special Charges": 700000.0,
        "Restructuring And Mergern Acquisition": NaN,
        "Net Non Operating Interest Income Expense": -9800000.0,
        "Interest Expense Non Operating": 9800000.0,
        "Operating Income": -20000000.0,
        "Operating Expense": 265600000.0,
        "Depreciation Amortization Depletion Income Statement": 5500000.0,
        "Depreciation And Amortization In Income Statement": 5500000.0,
        "Amortization": 5500000.0,
        "Amortization Of Intangibles Income Statement": 5500000.0,
        "Research And Development": 48300000.0,
        "Selling General And Administration": 211800000.0,
        "Selling And Marketing Expense": 100500000.0,
        "General And Administrative Expense": 111300000.0,
        "Other Gand A": 111300000.0,
        "Gross Profit": 245600000.0,
        "Cost Of Revenue": 45900000.0,
        "Total Revenue": 291500000.0,
        "Operating Revenue": 290600000.0
    }
}