{
    "2023-03-31": {
        "Tax Effect Of Unusual Items": 0.0,
        "Tax Rate For Calcs": 0.102009,
        "Normalized EBITDA": 417700000.0,
        "Net Income From Continuing Operation Net Minority Interest": -59500000.0,
        "Reconciled Depreciation": 387200000.0,
        "Reconciled Cost Of Revenue": 1320200000.0,
        "EBITDA": 417700000.0,
        "EBIT": 30500000.0,
        "Net Interest Income": -50800000.0,
        "Interest Expense": 95200000.0,
        "Interest Income": 44400000.0,
        "Normalized Income": -59500000.0,
        "Net Income From Continuing And Discontinued Operation": -59500000.0,
        "Total Expenses": 1387800000.0,
        "Total Operating Income As Reported": -13900000.0,
        "Diluted Average Shares": 120169288.0,
        "Basic Average Shares": 120169288.0,
        "Diluted EPS": -0.5,
        "Basic EPS": -0.5,
        "Diluted NI Availto Com Stockholders": -59500000.0,
        "Net Income Common Stockholders": -59500000.0,
        "Net Income": -59500000.0,
        "Minority Interests": -1400000.0,
        "Net Income Including Noncontrolling Interests": -58100000.0,
        "Net Income Continuous Operations": -58100000.0,
        "Tax Provision": -6600000.0,
        "Pretax Income": -64700000.0,
        "Other Income Expense": -400000.0,
        "Earnings From Equity Interest": -400000.0,
        "Net Non Operating Interest Income Expense": -50800000.0,
        "Interest Expense Non Operating": 95200000.0,
        "Interest Income Non Operating": 44400000.0,
        "Operating Income": -13500000.0,
        "Operating Expense": 67600000.0,
        "Other Operating Expenses": -6500000.0,
        "Selling General And Administration": 74100000.0,
        "General And Administrative Expense": 74100000.0,
        "Other Gand A": 74100000.0,
        "Gross Profit": 54100000.0,
        "Cost Of Revenue": 1320200000.0,
        "Total Revenue": 1374300000.0,
        "Operating Revenue": 1374300000.0
    },
    "2022-12-31": {
        "Tax Effect Of Unusual Items": 0.0,
        "Tax Rate For Calcs": 0.25345,
        "Normalized EBITDA": 633300000.0,
        "Net Income From Continuing Operation Net Minority Interest": 414200000.0,
        "Reconciled Depreciation": 388600000.0,
        "Reconciled Cost Of Revenue": 1514900000.0,
        "EBITDA": 633300000.0,
        "EBIT": 633300000.0,
        "Net Interest Income": -26800000.0,
        "Interest Expense": 75400000.0,
        "Interest Income": 48600000.0,
        "Normalized Income": 414200000.0,
        "Net Income From Continuing And Discontinued Operation": 414200000.0,
        "Total Expenses": 1601600000.0,
        "Total Operating Income As Reported": 584700000.0,
        "Diluted Average Shares": 120431208.0,
        "Basic Average Shares": 120098658.0,
        "Diluted EPS": 3.44,
        "Basic EPS": 3.45,
        "Diluted NI Availto Com Stockholders": 414200000.0,
        "Net Income Common Stockholders": 414200000.0,
        "Net Income": 414200000.0,
        "Minority Interests": -2300000.0,
        "Net Income Including Noncontrolling Interests": 416500000.0,
        "Net Income Continuous Operations": 416500000.0,
        "Tax Provision": 141400000.0,
        "Pretax Income": 557900000.0,
        "Other Income Expense": -2600000.0,
        "Earnings From Equity Interest": -2600000.0,
        "Net Non Operating Interest Income Expense": -26800000.0,
        "Interest Expense Non Operating": 75400000.0,
        "Interest Income Non Operating": 48600000.0,
        "Operating Income": 587300000.0,
        "Operating Expense": 86700000.0,
        "Other Operating Expenses": -7600000.0,
        "Selling General And Administration": 94300000.0,
        "General And Administrative Expense": 94300000.0,
        "Other Gand A": 94300000.0,
        "Gross Profit": 674000000.0,
        "Cost Of Revenue": 1514900000.0,
        "Total Revenue": 2188900000.0,
        "Operating Revenue": 2188900000.0
    },
    "2022-09-30": {
        "Tax Effect Of Unusual Items": 0.0,
        "Tax Rate For Calcs": 0.230256,
        "Normalized EBITDA": 1959400000.0,
        "Net Income From Continuing Operation Net Minority Interest": 1163300000.0,
        "Reconciled Depreciation": 380200000.0,
        "Reconciled Cost Of Revenue": 1623300000.0,
        "EBITDA": 1959400000.0,
        "EBIT": 1579200000.0,
        "Net Interest Income": -29900000.0,
        "Interest Expense": 64800000.0,
        "Interest Income": 34900000.0,
        "Normalized Income": 1163300000.0,
        "Net Income From Continuing And Discontinued Operation": 1163300000.0,
        "Total Expenses": 1684000000.0,
        "Total Operating Income As Reported": 1544300000.0,
        "Diluted Average Shares": 120439492.0,
        "Basic Average Shares": 120047393.0,
        "Diluted EPS": 9.66,
        "Basic EPS": 9.69,
        "Diluted NI Availto Com Stockholders": 1163300000.0,
        "Net Income Common Stockholders": 1163300000.0,
        "Net Income": 1163300000.0,
        "Minority Interests": -2400000.0,
        "Net Income Including Noncontrolling Interests": 1165700000.0,
        "Net Income Continuous Operations": 1165700000.0,
        "Tax Provision": 348700000.0,
        "Pretax Income": 1514400000.0,
        "Other Income Expense": 800000.0,
        "Earnings From Equity Interest": 800000.0,
        "Net Non Operating Interest Income Expense": -29900000.0,
        "Interest Expense Non Operating": 64800000.0,
        "Interest Income Non Operating": 34900000.0,
        "Operating Income": 1543500000.0,
        "Operating Expense": 60700000.0,
        "Other Operating Expenses": -21300000.0,
        "Selling General And Administration": 82000000.0,
        "General And Administrative Expense": 82000000.0,
        "Other Gand A": 82000000.0,
        "Gross Profit": 1604200000.0,
        "Cost Of Revenue": 1623300000.0,
        "Total Revenue": 3227500000.0,
        "Operating Revenue": 3227500000.0
    },
    "2022-06-30": {
        "Tax Effect Of Unusual Items": 0.0,
        "Tax Rate For Calcs": 0.230707,
        "Normalized EBITDA": 2127600000.0,
        "Net Income From Continuing Operation Net Minority Interest": 1333100000.0,
        "Reconciled Depreciation": 337300000.0,
        "Reconciled Cost Of Revenue": 1593900000.0,
        "EBITDA": 2127600000.0,
        "EBIT": 1790300000.0,
        "Net Interest Income": -27900000.0,
        "Interest Expense": 53900000.0,
        "Interest Income": 26000000.0,
        "Normalized Income": 1333100000.0,
        "Net Income From Continuing And Discontinued Operation": 1333100000.0,
        "Total Expenses": 1664200000.0,
        "Total Operating Income As Reported": 1764300000.0,
        "Diluted Average Shares": 120442213.0,
        "Basic Average Shares": 119990308.0,
        "Diluted EPS": 11.07,
        "Basic EPS": 11.11,
        "Diluted NI Availto Com Stockholders": 1333100000.0,
        "Net Income Common Stockholders": 1333100000.0,
        "Net Income": 1333100000.0,
        "Minority Interests": -2700000.0,
        "Net Income Including Noncontrolling Interests": 1335800000.0,
        "Net Income Continuous Operations": 1335800000.0,
        "Tax Provision": 400600000.0,
        "Pretax Income": 1736400000.0,
        "Other Income Expense": -300000.0,
        "Earnings From Equity Interest": -300000.0,
        "Net Non Operating Interest Income Expense": -27900000.0,
        "Interest Expense Non Operating": 53900000.0,
        "Interest Income Non Operating": 26000000.0,
        "Operating Income": 1764600000.0,
        "Operating Expense": 70300000.0,
        "Other Operating Expenses": -14600000.0,
        "Selling General And Administration": 84900000.0,
        "General And Administrative Expense": 84900000.0,
        "Other Gand A": 84900000.0,
        "Gross Profit": 1834900000.0,
        "Cost Of Revenue": 1593900000.0,
        "Total Revenue": 3428800000.0,
        "Operating Revenue": 3428800000.0
    },
    "2022-03-31": {
        "Diluted EPS": 14.19,
        "Total Revenue": NaN,
        "Gross Profit": NaN,
        "Operating Income": NaN,
        "EBIT": NaN,
        "Net Income": NaN
    },
    "2021-12-31": {
        "Diluted EPS": 14.35,
        "Total Revenue": NaN,
        "Gross Profit": NaN,
        "Operating Income": NaN,
        "EBIT": NaN,
        "Net Income": NaN
    },
    "2021-09-30": {
        "Diluted EPS": 12.16,
        "Total Revenue": NaN,
        "Gross Profit": NaN,
        "Operating Income": NaN,
        "EBIT": NaN,
        "Net Income": NaN
    },
    "2021-06-30": {
        "Diluted EPS": 7.38,
        "Total Revenue": NaN,
        "Gross Profit": NaN,
        "Operating Income": NaN,
        "EBIT": NaN,
        "Net Income": 887
    },
    "2021-03-31": {
        "Diluted EPS": 5.13,
        "Total Revenue": NaN,
        "Gross Profit": 736,
        "Operating Income": 684,
        "EBIT": 817,
        "Net Income": 588
    },
    "2020-12-31": {
        "Diluted EPS": 0.0,
        "Total Revenue": NaN,
        "Gross Profit": NaN,
        "Operating Income": NaN,
        "EBIT": NaN,
        "Net Income": NaN
    },
    "2020-09-30": {
        "Diluted EPS": 1.36,
        "Total Revenue": NaN,
        "Gross Profit": 227,
        "Operating Income": 189,
        "EBIT": 263,
        "Net Income": 142
    },
    "2020-06-30": {
        "Diluted EPS": 0.23,
        "Total Revenue": 795,
        "Gross Profit": 103,
        "Operating Income": 69,
        "EBIT": 69,
        "Net Income": 24
    },
    "2019-12-31": {
        "Diluted EPS": 0.0,
        "Total Revenue": NaN,
        "Gross Profit": NaN,
        "Operating Income": NaN,
        "EBIT": NaN,
        "Net Income": NaN
    },
    "2023-06-30": {
        "Tax Effect Of Unusual Items": 0.0,
        "Tax Rate For Calcs": 0.218302,
        "Normalized EBITDA": 291400000.0,
        "Net Income From Continuing Operation Net Minority Interest": -215100000.0,
        "Reconciled Depreciation": 421500000.0,
        "Reconciled Cost Of Revenue": 1388800000.0,
        "EBITDA": 291400000.0,
        "EBIT": -130100000.0,
        "Net Interest Income": -104300000.0,
        "Interest Expense": 142000000.0,
        "Interest Income": 37700000.0,
        "Normalized Income": -215100000.0,
        "Net Income From Continuing And Discontinued Operation": -215100000.0,
        "Total Expenses": 1474900000.0,
        "Total Operating Income As Reported": -167800000.0,
        "Diluted Average Shares": 120195365.0,
        "Basic Average Shares": 120195365.0,
        "Diluted EPS": -1.79,
        "Basic EPS": -1.79,
        "Diluted NI Availto Com Stockholders": -215100000.0,
        "Net Income Common Stockholders": -215100000.0,
        "Net Income": -215100000.0,
        "Minority Interests": -2400000.0,
        "Net Income Including Noncontrolling Interests": -212700000.0,
        "Net Income Continuous Operations": -212700000.0,
        "Tax Provision": -59400000.0,
        "Pretax Income": -272100000.0,
        "Other Income Expense": -2500000.0,
        "Earnings From Equity Interest": -2500000.0,
        "Net Non Operating Interest Income Expense": -104300000.0,
        "Interest Expense Non Operating": 142000000.0,
        "Interest Income Non Operating": 37700000.0,
        "Operating Income": -165300000.0,
        "Operating Expense": 86100000.0,
        "Other Operating Expenses": 14700000.0,
        "Selling General And Administration": 71400000.0,
        "General And Administrative Expense": 71400000.0,
        "Other Gand A": 71400000.0,
        "Gross Profit": -79200000.0,
        "Cost Of Revenue": 1388800000.0,
        "Total Revenue": 1309600000.0,
        "Operating Revenue": 1309600000.0
    },
    "2023-09-30": {
        "Tax Effect Of Unusual Items": 0.0,
        "Tax Rate For Calcs": 0.030364,
        "Normalized EBITDA": -1816300000.0,
        "Net Income From Continuing Operation Net Minority Interest": -2272600000.0,
        "Reconciled Depreciation": 423800000.0,
        "Reconciled Cost Of Revenue": 3460700000.0,
        "EBITDA": -1816300000.0,
        "EBIT": -2240100000.0,
        "Net Interest Income": -65900000.0,
        "Interest Expense": 101500000.0,
        "Interest Income": 35600000.0,
        "Normalized Income": -2272600000.0,
        "Net Income From Continuing And Discontinued Operation": -2272600000.0,
        "Total Expenses": 3546400000.0,
        "Total Operating Income As Reported": -2275700000.0,
        "Diluted Average Shares": 120219761.0,
        "Basic Average Shares": 120219761.0,
        "Diluted EPS": -18.9,
        "Basic EPS": -18.9,
        "Diluted NI Availto Com Stockholders": -2272600000.0,
        "Net Income Common Stockholders": -2272600000.0,
        "Net Income": -2272600000.0,
        "Minority Interests": -2100000.0,
        "Net Income Including Noncontrolling Interests": -2270500000.0,
        "Net Income Continuous Operations": -2270500000.0,
        "Tax Provision": -71100000.0,
        "Pretax Income": -2341600000.0,
        "Other Income Expense": -2300000.0,
        "Earnings From Equity Interest": -2300000.0,
        "Net Non Operating Interest Income Expense": -65900000.0,
        "Interest Expense Non Operating": 101500000.0,
        "Interest Income Non Operating": 35600000.0,
        "Operating Income": -2273400000.0,
        "Operating Expense": 85700000.0,
        "Other Operating Expenses": 21800000.0,
        "Selling General And Administration": 63900000.0,
        "General And Administrative Expense": 63900000.0,
        "Other Gand A": 63900000.0,
        "Gross Profit": -2187700000.0,
        "Cost Of Revenue": 3460700000.0,
        "Total Revenue": 1273000000.0,
        "Operating Revenue": 1273000000.0
    }
}