{
    "2023-03-31": {
        "Tax Effect Of Unusual Items": 0.0,
        "Tax Rate For Calcs": 0.0,
        "Normalized EBITDA": -1970174.0,
        "Total Unusual Items": NaN,
        "Total Unusual Items Excluding Goodwill": NaN,
        "Net Income From Continuing Operation Net Minority Interest": -1973142.0,
        "Reconciled Cost Of Revenue": NaN,
        "EBITDA": -1970174.0,
        "EBIT": -1970174.0,
        "Net Interest Income": -2968.0,
        "Interest Expense": 2968.0,
        "Normalized Income": -1973142.0,
        "Net Income From Continuing And Discontinued Operation": -1973142.0,
        "Total Expenses": 1970174.0,
        "Total Operating Income As Reported": -1970174.0,
        "Diluted Average Shares": 9419660.0,
        "Basic Average Shares": 9419660.0,
        "Diluted EPS": -0.21,
        "Basic EPS": -0.21,
        "Diluted NI Availto Com Stockholders": -1973142.0,
        "Net Income Common Stockholders": -1973142.0,
        "Net Income": -1973142.0,
        "Net Income Including Noncontrolling Interests": -1973142.0,
        "Net Income Continuous Operations": -1973142.0,
        "Pretax Income": -1973142.0,
        "Special Income Charges": NaN,
        "Net Non Operating Interest Income Expense": -2968.0,
        "Interest Expense Non Operating": 2968.0,
        "Operating Income": -1970174.0,
        "Operating Expense": 1970174.0,
        "Research And Development": 401797.0,
        "Selling General And Administration": 1568377.0,
        "General And Administrative Expense": 1568377.0,
        "Other Gand A": 1568377.0,
        "Gross Profit": NaN,
        "Cost Of Revenue": NaN,
        "Total Revenue": 0.0,
        "Operating Revenue": 0.0
    },
    "2022-12-31": {
        "Tax Effect Of Unusual Items": 0.0,
        "Tax Rate For Calcs": 0.0,
        "Normalized EBITDA": -2637764.0,
        "Total Unusual Items": 0.0,
        "Total Unusual Items Excluding Goodwill": 0.0,
        "Net Income From Continuing Operation Net Minority Interest": -2640795.0,
        "Reconciled Cost Of Revenue": NaN,
        "EBITDA": -2637764.0,
        "EBIT": -2637764.0,
        "Net Interest Income": -3031.0,
        "Interest Expense": 3031.0,
        "Normalized Income": -2640795.0,
        "Net Income From Continuing And Discontinued Operation": -2640795.0,
        "Total Expenses": 2637764.0,
        "Total Operating Income As Reported": -2637764.0,
        "Diluted Average Shares": 9419660.0,
        "Basic Average Shares": 9419660.0,
        "Diluted EPS": -0.28,
        "Basic EPS": -0.28,
        "Diluted NI Availto Com Stockholders": -2640795.0,
        "Net Income Common Stockholders": -2640795.0,
        "Net Income": -2640795.0,
        "Net Income Including Noncontrolling Interests": -2640795.0,
        "Net Income Continuous Operations": -2640795.0,
        "Pretax Income": -2640795.0,
        "Special Income Charges": 0.0,
        "Net Non Operating Interest Income Expense": -3031.0,
        "Interest Expense Non Operating": 3031.0,
        "Operating Income": -2637764.0,
        "Operating Expense": 2637764.0,
        "Research And Development": 519345.0,
        "Selling General And Administration": 2118419.0,
        "General And Administrative Expense": 2118419.0,
        "Other Gand A": 2118419.0,
        "Gross Profit": NaN,
        "Cost Of Revenue": NaN,
        "Total Revenue": 0.0,
        "Operating Revenue": 0.0
    },
    "2022-09-30": {
        "Tax Effect Of Unusual Items": 0.0,
        "Tax Rate For Calcs": 0.0,
        "Normalized EBITDA": -2000094.0,
        "Total Unusual Items": 0.0,
        "Total Unusual Items Excluding Goodwill": 0.0,
        "Net Income From Continuing Operation Net Minority Interest": -2004339.0,
        "Reconciled Cost Of Revenue": NaN,
        "EBITDA": -2000094.0,
        "EBIT": -2000094.0,
        "Net Interest Income": -4245.0,
        "Interest Expense": 4245.0,
        "Normalized Income": -2004339.0,
        "Net Income From Continuing And Discontinued Operation": -2004339.0,
        "Total Expenses": 2000094.0,
        "Total Operating Income As Reported": -2000094.0,
        "Diluted Average Shares": 9419660.0,
        "Basic Average Shares": 9419660.0,
        "Diluted EPS": -0.21,
        "Basic EPS": -0.21,
        "Diluted NI Availto Com Stockholders": -2004339.0,
        "Net Income Common Stockholders": -2004339.0,
        "Net Income": -2004339.0,
        "Net Income Including Noncontrolling Interests": -2004339.0,
        "Net Income Continuous Operations": -2004339.0,
        "Pretax Income": -2004339.0,
        "Special Income Charges": 0.0,
        "Net Non Operating Interest Income Expense": -4245.0,
        "Interest Expense Non Operating": 4245.0,
        "Operating Income": -2000094.0,
        "Operating Expense": 2000094.0,
        "Research And Development": 603105.0,
        "Selling General And Administration": 1396989.0,
        "General And Administrative Expense": 1396989.0,
        "Other Gand A": 1396989.0,
        "Gross Profit": NaN,
        "Cost Of Revenue": NaN,
        "Total Revenue": 0.0,
        "Operating Revenue": 0.0
    },
    "2022-06-30": {
        "Tax Effect Of Unusual Items": 0.0,
        "Tax Rate For Calcs": 0.0,
        "Normalized EBITDA": -2067601.0,
        "Total Unusual Items": NaN,
        "Total Unusual Items Excluding Goodwill": NaN,
        "Net Income From Continuing Operation Net Minority Interest": -2071839.0,
        "Reconciled Cost Of Revenue": NaN,
        "EBITDA": -2067601.0,
        "EBIT": -2067601.0,
        "Net Interest Income": -4238.0,
        "Interest Expense": 4238.0,
        "Normalized Income": -2071839.0,
        "Net Income From Continuing And Discontinued Operation": -2071839.0,
        "Total Expenses": 2067601.0,
        "Total Operating Income As Reported": -2067601.0,
        "Diluted Average Shares": 9419660.0,
        "Basic Average Shares": 9419660.0,
        "Diluted EPS": -0.22,
        "Basic EPS": -0.22,
        "Diluted NI Availto Com Stockholders": -2071839.0,
        "Net Income Common Stockholders": -2071839.0,
        "Net Income": -2071839.0,
        "Net Income Including Noncontrolling Interests": -2071839.0,
        "Net Income Continuous Operations": -2071839.0,
        "Pretax Income": -2071839.0,
        "Special Income Charges": NaN,
        "Net Non Operating Interest Income Expense": -4238.0,
        "Interest Expense Non Operating": 4238.0,
        "Operating Income": -2067601.0,
        "Operating Expense": 2067601.0,
        "Research And Development": 438048.0,
        "Selling General And Administration": 1629553.0,
        "General And Administrative Expense": 1629553.0,
        "Other Gand A": 1629553.0,
        "Gross Profit": NaN,
        "Cost Of Revenue": NaN,
        "Total Revenue": 0.0,
        "Operating Revenue": 0.0
    },
    "2022-03-31": {
        "Diluted EPS": -0.22,
        "Total Revenue": NaN,
        "Gross Profit": NaN,
        "Operating Income": -2,
        "EBIT": -2,
        "Net Income": -2
    },
    "2021-12-31": {
        "Diluted EPS": -0.2,
        "Total Revenue": NaN,
        "Gross Profit": NaN,
        "Operating Income": -3,
        "EBIT": -3,
        "Net Income": -3
    },
    "2021-09-30": {
        "Diluted EPS": -0.24,
        "Total Revenue": NaN,
        "Gross Profit": NaN,
        "Operating Income": -2,
        "EBIT": -2,
        "Net Income": -2
    },
    "2021-06-30": {
        "Diluted EPS": -0.28,
        "Total Revenue": NaN,
        "Gross Profit": NaN,
        "Operating Income": -2,
        "EBIT": -2,
        "Net Income": -2
    },
    "2021-03-31": {
        "Diluted EPS": -0.43,
        "Total Revenue": NaN,
        "Gross Profit": NaN,
        "Operating Income": -2,
        "EBIT": -2,
        "Net Income": -2
    },
    "2020-12-31": {
        "Diluted EPS": -0.07,
        "Total Revenue": NaN,
        "Gross Profit": NaN,
        "Operating Income": -2,
        "EBIT": -2,
        "Net Income": -2
    },
    "2020-09-30": {
        "Diluted EPS": -0.69,
        "Total Revenue": NaN,
        "Gross Profit": NaN,
        "Operating Income": -3,
        "EBIT": -3,
        "Net Income": -4
    },
    "2020-06-30": {
        "Diluted EPS": -0.23,
        "Total Revenue": NaN,
        "Gross Profit": NaN,
        "Operating Income": -1,
        "EBIT": -1,
        "Net Income": -1
    },
    "2020-03-31": {
        "Diluted EPS": -0.8,
        "Total Revenue": 0,
        "Gross Profit": 0,
        "Operating Income": -2,
        "EBIT": -2,
        "Net Income": -3
    },
    "2019-12-31": {
        "Diluted EPS": 0.0,
        "Total Revenue": NaN,
        "Gross Profit": NaN,
        "Operating Income": -4,
        "EBIT": -4,
        "Net Income": -4
    },
    "2019-09-30": {
        "Diluted EPS": -0.8,
        "Total Revenue": NaN,
        "Gross Profit": NaN,
        "Operating Income": -2,
        "EBIT": -2,
        "Net Income": -2
    },
    "2019-06-30": {
        "Diluted EPS": -0.8,
        "Total Revenue": NaN,
        "Gross Profit": NaN,
        "Operating Income": -2,
        "EBIT": -2,
        "Net Income": -3
    },
    "2019-03-31": {
        "Diluted EPS": -1.6,
        "Total Revenue": NaN,
        "Gross Profit": NaN,
        "Operating Income": -1,
        "EBIT": 1,
        "Net Income": -3
    },
    "2018-12-31": {
        "Diluted EPS": -0.8,
        "Total Revenue": NaN,
        "Gross Profit": NaN,
        "Operating Income": -2,
        "EBIT": -1,
        "Net Income": -3
    },
    "2018-09-30": {
        "Diluted EPS": -2.4,
        "Total Revenue": NaN,
        "Gross Profit": NaN,
        "Operating Income": -1,
        "EBIT": 1,
        "Net Income": -4
    },
    "2018-06-30": {
        "Diluted EPS": -1.6,
        "Total Revenue": NaN,
        "Gross Profit": NaN,
        "Operating Income": -1,
        "EBIT": 0,
        "Net Income": -4
    },
    "2018-03-31": {
        "Diluted EPS": -2.4,
        "Total Revenue": NaN,
        "Gross Profit": NaN,
        "Operating Income": -2,
        "EBIT": 0,
        "Net Income": -4
    },
    "2017-12-31": {
        "Diluted EPS": -2.4,
        "Total Revenue": NaN,
        "Gross Profit": NaN,
        "Operating Income": -3,
        "EBIT": -2,
        "Net Income": -4
    },
    "2017-09-30": {
        "Diluted EPS": -1.6,
        "Total Revenue": NaN,
        "Gross Profit": NaN,
        "Operating Income": -2,
        "EBIT": -2,
        "Net Income": -3
    },
    "2017-06-30": {
        "Diluted EPS": -0.8,
        "Total Revenue": NaN,
        "Gross Profit": NaN,
        "Operating Income": -1,
        "EBIT": -1,
        "Net Income": -1
    },
    "2017-03-31": {
        "Diluted EPS": -0.8,
        "Total Revenue": NaN,
        "Gross Profit": NaN,
        "Operating Income": -1,
        "EBIT": -1,
        "Net Income": -2
    },
    "2016-12-31": {
        "Diluted EPS": -0.8,
        "Total Revenue": NaN,
        "Gross Profit": NaN,
        "Operating Income": -1,
        "EBIT": 0,
        "Net Income": -1
    },
    "2016-09-30": {
        "Diluted EPS": -0.8,
        "Total Revenue": NaN,
        "Gross Profit": NaN,
        "Operating Income": -1,
        "EBIT": -1,
        "Net Income": -1
    },
    "2016-06-30": {
        "Diluted EPS": -1.6,
        "Total Revenue": NaN,
        "Gross Profit": NaN,
        "Operating Income": -2,
        "EBIT": -1,
        "Net Income": -2
    },
    "2016-03-31": {
        "Diluted EPS": -0.8,
        "Total Revenue": NaN,
        "Gross Profit": NaN,
        "Operating Income": -1,
        "EBIT": 0,
        "Net Income": -1
    },
    "2015-12-31": {
        "Diluted EPS": 0.0,
        "Total Revenue": NaN,
        "Gross Profit": NaN,
        "Operating Income": NaN,
        "EBIT": NaN,
        "Net Income": NaN
    },
    "2023-06-30": {
        "Tax Effect Of Unusual Items": 0.0,
        "Tax Rate For Calcs": 0.0,
        "Normalized EBITDA": -1823866.0,
        "Total Unusual Items": NaN,
        "Total Unusual Items Excluding Goodwill": NaN,
        "Net Income From Continuing Operation Net Minority Interest": -2070572.0,
        "Reconciled Cost Of Revenue": 701.0,
        "EBITDA": -1823866.0,
        "EBIT": -1823866.0,
        "Net Interest Income": -246706.0,
        "Interest Expense": 246706.0,
        "Normalized Income": -2070572.0,
        "Net Income From Continuing And Discontinued Operation": -2070572.0,
        "Total Expenses": 1827916.0,
        "Total Operating Income As Reported": -1823866.0,
        "Diluted Average Shares": 9419660.0,
        "Basic Average Shares": 9419660.0,
        "Diluted EPS": -0.22,
        "Basic EPS": -0.22,
        "Diluted NI Availto Com Stockholders": -2070572.0,
        "Net Income Common Stockholders": -2070572.0,
        "Net Income": -2070572.0,
        "Net Income Including Noncontrolling Interests": -2070572.0,
        "Net Income Continuous Operations": -2070572.0,
        "Pretax Income": -2070572.0,
        "Special Income Charges": NaN,
        "Net Non Operating Interest Income Expense": -246706.0,
        "Interest Expense Non Operating": 246706.0,
        "Operating Income": -1823866.0,
        "Operating Expense": 1827215.0,
        "Research And Development": 442113.0,
        "Selling General And Administration": 1385102.0,
        "General And Administrative Expense": 1385102.0,
        "Other Gand A": 1385102.0,
        "Gross Profit": 3349.0,
        "Cost Of Revenue": 701.0,
        "Total Revenue": 4050.0,
        "Operating Revenue": 4050.0
    }
}