{
    "2024-06-30": {
        "Tax Effect Of Unusual Items": 0.0,
        "Tax Rate For Calcs": 0.25,
        "Normalized EBITDA": -1600446000.0,
        "Net Income From Continuing Operation Net Minority Interest": -2190185000.0,
        "Reconciled Cost Of Revenue": 16590228000.0,
        "EBITDA": -1600446000.0,
        "EBIT": -1600446000.0,
        "Net Interest Income": 19141000.0,
        "Interest Expense": 23396000.0,
        "Interest Income": 42537000.0,
        "Normalized Income": -2190185000.0,
        "Net Income From Continuing And Discontinued Operation": -2190185000.0,
        "Total Expenses": 21761077000.0,
        "Total Operating Income As Reported": -1721026000.0,
        "Diluted Average Shares": 230186689.0,
        "Basic Average Shares": 230186689.0,
        "Diluted EPS": -9.5,
        "Basic EPS": -9.5,
        "Diluted NI Availto Com Stockholders": -2190185000.0,
        "Net Income Common Stockholders": -2190185000.0,
        "Net Income": -2190185000.0,
        "Minority Interests": -381363000.0,
        "Net Income Including Noncontrolling Interests": -1808822000.0,
        "Net Income Continuous Operations": -1808822000.0,
        "Tax Provision": 184980000.0,
        "Pretax Income": -1623842000.0,
        "Other Income Expense": 78043000.0,
        "Other Non Operating Income Expenses": -7809000.0,
        "Earnings From Equity Interest": 85852000.0,
        "Net Non Operating Interest Income Expense": 19141000.0,
        "Interest Expense Non Operating": 23396000.0,
        "Interest Income Non Operating": 42537000.0,
        "Operating Income": -1721026000.0,
        "Operating Expense": 5170849000.0,
        "Other Operating Expenses": -57287000.0,
        "Research And Development": 2623471000.0,
        "Selling General And Administration": 2604665000.0,
        "Gross Profit": 3449823000.0,
        "Cost Of Revenue": 16590228000.0,
        "Total Revenue": 20040051000.0,
        "Operating Revenue": 20040051000.0
    },
    "2024-03-31": {
        "Tax Effect Of Unusual Items": NaN,
        "Tax Rate For Calcs": NaN,
        "Normalized EBITDA": NaN,
        "Net Income From Continuing Operation Net Minority Interest": NaN,
        "Reconciled Cost Of Revenue": NaN,
        "EBITDA": NaN,
        "EBIT": NaN,
        "Net Interest Income": NaN,
        "Interest Expense": NaN,
        "Interest Income": NaN,
        "Normalized Income": NaN,
        "Net Income From Continuing And Discontinued Operation": NaN,
        "Total Expenses": NaN,
        "Total Operating Income As Reported": NaN,
        "Diluted Average Shares": 247584625.0,
        "Basic Average Shares": 247584625.0,
        "Diluted EPS": -8.135901,
        "Basic EPS": -8.135901,
        "Diluted NI Availto Com Stockholders": NaN,
        "Net Income Common Stockholders": NaN,
        "Net Income": NaN,
        "Minority Interests": NaN,
        "Net Income Including Noncontrolling Interests": NaN,
        "Net Income Continuous Operations": NaN,
        "Tax Provision": NaN,
        "Pretax Income": NaN,
        "Other Income Expense": NaN,
        "Other Non Operating Income Expenses": NaN,
        "Earnings From Equity Interest": NaN,
        "Net Non Operating Interest Income Expense": NaN,
        "Interest Expense Non Operating": NaN,
        "Interest Income Non Operating": NaN,
        "Operating Income": NaN,
        "Operating Expense": NaN,
        "Other Operating Expenses": NaN,
        "Research And Development": NaN,
        "Selling General And Administration": NaN,
        "Gross Profit": NaN,
        "Cost Of Revenue": NaN,
        "Total Revenue": NaN,
        "Operating Revenue": NaN
    },
    "2023-06-30": {
        "Tax Effect Of Unusual Items": NaN,
        "Tax Rate For Calcs": NaN,
        "Normalized EBITDA": NaN,
        "Net Income From Continuing Operation Net Minority Interest": NaN,
        "Reconciled Cost Of Revenue": NaN,
        "EBITDA": NaN,
        "EBIT": NaN,
        "Net Interest Income": NaN,
        "Interest Expense": NaN,
        "Interest Income": NaN,
        "Normalized Income": NaN,
        "Net Income From Continuing And Discontinued Operation": NaN,
        "Total Expenses": NaN,
        "Total Operating Income As Reported": NaN,
        "Diluted Average Shares": 247584625.0,
        "Basic Average Shares": 247584625.0,
        "Diluted EPS": -6.01692,
        "Basic EPS": -6.01692,
        "Diluted NI Availto Com Stockholders": NaN,
        "Net Income Common Stockholders": NaN,
        "Net Income": NaN,
        "Minority Interests": NaN,
        "Net Income Including Noncontrolling Interests": NaN,
        "Net Income Continuous Operations": NaN,
        "Tax Provision": NaN,
        "Pretax Income": NaN,
        "Other Income Expense": NaN,
        "Other Non Operating Income Expenses": NaN,
        "Earnings From Equity Interest": NaN,
        "Net Non Operating Interest Income Expense": NaN,
        "Interest Expense Non Operating": NaN,
        "Interest Income Non Operating": NaN,
        "Operating Income": NaN,
        "Operating Expense": NaN,
        "Other Operating Expenses": NaN,
        "Research And Development": NaN,
        "Selling General And Administration": NaN,
        "Gross Profit": NaN,
        "Cost Of Revenue": NaN,
        "Total Revenue": NaN,
        "Operating Revenue": NaN
    },
    "2023-03-31": {
        "Tax Effect Of Unusual Items": NaN,
        "Tax Rate For Calcs": NaN,
        "Normalized EBITDA": NaN,
        "Net Income From Continuing Operation Net Minority Interest": NaN,
        "Reconciled Cost Of Revenue": NaN,
        "EBITDA": NaN,
        "EBIT": NaN,
        "Net Interest Income": NaN,
        "Interest Expense": NaN,
        "Interest Income": NaN,
        "Normalized Income": NaN,
        "Net Income From Continuing And Discontinued Operation": NaN,
        "Total Expenses": NaN,
        "Total Operating Income As Reported": NaN,
        "Diluted Average Shares": 247584625.0,
        "Basic Average Shares": 247584625.0,
        "Diluted EPS": -9.670766,
        "Basic EPS": -9.670766,
        "Diluted NI Availto Com Stockholders": NaN,
        "Net Income Common Stockholders": NaN,
        "Net Income": NaN,
        "Minority Interests": NaN,
        "Net Income Including Noncontrolling Interests": NaN,
        "Net Income Continuous Operations": NaN,
        "Tax Provision": NaN,
        "Pretax Income": NaN,
        "Other Income Expense": NaN,
        "Other Non Operating Income Expenses": NaN,
        "Earnings From Equity Interest": NaN,
        "Net Non Operating Interest Income Expense": NaN,
        "Interest Expense Non Operating": NaN,
        "Interest Income Non Operating": NaN,
        "Operating Income": NaN,
        "Operating Expense": NaN,
        "Other Operating Expenses": NaN,
        "Research And Development": NaN,
        "Selling General And Administration": NaN,
        "Gross Profit": NaN,
        "Cost Of Revenue": NaN,
        "Total Revenue": NaN,
        "Operating Revenue": NaN
    },
    "2022-12-31": {
        "Tax Effect Of Unusual Items": 0.0,
        "Tax Rate For Calcs": 0.25,
        "Normalized EBITDA": -2199881000.0,
        "Net Income From Continuing Operation Net Minority Interest": -2454828000.0,
        "Reconciled Depreciation": 45507000.0,
        "Reconciled Cost Of Revenue": 12514876000.0,
        "EBITDA": -2199881000.0,
        "EBIT": -2245388000.0,
        "Net Interest Income": -58358000.0,
        "Interest Expense": 50609000.0,
        "Interest Income": -7749000.0,
        "Normalized Income": -2454828000.0,
        "Net Income From Continuing And Discontinued Operation": -2454828000.0,
        "Total Expenses": 15680064000.0,
        "Total Operating Income As Reported": -2248125000.0,
        "Diluted Average Shares": NaN,
        "Basic Average Shares": NaN,
        "Diluted EPS": NaN,
        "Basic EPS": NaN,
        "Diluted NI Availto Com Stockholders": -2454828000.0,
        "Net Income Common Stockholders": -2454828000.0,
        "Net Income": -2454828000.0,
        "Minority Interests": -116896000.0,
        "Net Income Including Noncontrolling Interests": -2337932000.0,
        "Net Income Continuous Operations": -2337932000.0,
        "Tax Provision": 41935000.0,
        "Pretax Income": -2295997000.0,
        "Other Income Expense": 10486000.0,
        "Other Non Operating Income Expenses": 112886000.0,
        "Earnings From Equity Interest": -102400000.0,
        "Net Non Operating Interest Income Expense": -58358000.0,
        "Interest Expense Non Operating": 50609000.0,
        "Interest Income Non Operating": -7749000.0,
        "Operating Income": -2248125000.0,
        "Operating Expense": 3165188000.0,
        "Other Operating Expenses": -17582000.0,
        "Research And Development": 2292721000.0,
        "Selling General And Administration": 890049000.0,
        "Gross Profit": 917063000.0,
        "Cost Of Revenue": 12514876000.0,
        "Total Revenue": 13431939000.0,
        "Operating Revenue": 13431939000.0
    },
    "2024-09-30": {
        "Tax Effect Of Unusual Items": 0.0,
        "Tax Rate For Calcs": 0.25,
        "Normalized EBITDA": -1036649000.0,
        "Net Income From Continuing Operation Net Minority Interest": -1226280000.0,
        "Reconciled Cost Of Revenue": 15416202000.0,
        "EBITDA": -1036649000.0,
        "EBIT": -1036649000.0,
        "Net Interest Income": 35167000.0,
        "Interest Expense": 8088000.0,
        "Interest Income": 43255000.0,
        "Normalized Income": -1226280000.0,
        "Net Income From Continuing And Discontinued Operation": -1226280000.0,
        "Total Expenses": 19574373000.0,
        "Total Operating Income As Reported": -1216371000.0,
        "Diluted Average Shares": 255290167.0,
        "Basic Average Shares": 255290167.0,
        "Diluted EPS": -4.8,
        "Basic EPS": -4.8,
        "Diluted NI Availto Com Stockholders": -1226280000.0,
        "Net Income Common Stockholders": -1226280000.0,
        "Net Income": -1226280000.0,
        "Minority Interests": -87134000.0,
        "Net Income Including Noncontrolling Interests": -1139146000.0,
        "Net Income Continuous Operations": -1139146000.0,
        "Tax Provision": 94409000.0,
        "Pretax Income": -1044737000.0,
        "Other Income Expense": 136467000.0,
        "Other Non Operating Income Expenses": 54967000.0,
        "Earnings From Equity Interest": 81500000.0,
        "Net Non Operating Interest Income Expense": 35167000.0,
        "Interest Expense Non Operating": 8088000.0,
        "Interest Income Non Operating": 43255000.0,
        "Operating Income": -1216371000.0,
        "Operating Expense": 4158171000.0,
        "Other Operating Expenses": -82747000.0,
        "Research And Development": 1966167000.0,
        "Selling General And Administration": 2274751000.0,
        "Gross Profit": 2941800000.0,
        "Cost Of Revenue": 15416202000.0,
        "Total Revenue": 18358002000.0,
        "Operating Revenue": 18358002000.0
    },
    "2023-12-31": {
        "Tax Effect Of Unusual Items": 0.0,
        "Tax Rate For Calcs": 0.25,
        "Normalized EBITDA": -2808839000.0,
        "Net Income From Continuing Operation Net Minority Interest": -2986888000.0,
        "Reconciled Cost Of Revenue": 14029598000.0,
        "EBITDA": -2808839000.0,
        "EBIT": -2808839000.0,
        "Net Interest Income": -9963000.0,
        "Interest Expense": 35730000.0,
        "Interest Income": 25767000.0,
        "Normalized Income": -2986888000.0,
        "Net Income From Continuing And Discontinued Operation": -2986888000.0,
        "Total Expenses": 19308012000.0,
        "Total Operating Income As Reported": -2950087000.0,
        "Diluted Average Shares": NaN,
        "Basic Average Shares": NaN,
        "Diluted EPS": NaN,
        "Basic EPS": NaN,
        "Diluted NI Availto Com Stockholders": -2986888000.0,
        "Net Income Common Stockholders": -2986888000.0,
        "Net Income": -2986888000.0,
        "Minority Interests": -48969000.0,
        "Net Income Including Noncontrolling Interests": -2937919000.0,
        "Net Income Continuous Operations": -2937919000.0,
        "Tax Provision": 93350000.0,
        "Pretax Income": -2844569000.0,
        "Other Income Expense": 115481000.0,
        "Other Non Operating Income Expenses": 6420000.0,
        "Earnings From Equity Interest": 109061000.0,
        "Net Non Operating Interest Income Expense": -9963000.0,
        "Interest Expense Non Operating": 35730000.0,
        "Interest Income Non Operating": 25767000.0,
        "Operating Income": -2950087000.0,
        "Operating Expense": 5278414000.0,
        "Other Operating Expenses": -92041000.0,
        "Research And Development": 3162517000.0,
        "Selling General And Administration": 2207938000.0,
        "Gross Profit": 2328327000.0,
        "Cost Of Revenue": 14029598000.0,
        "Total Revenue": 16357925000.0,
        "Operating Revenue": 16357925000.0
    },
    "2023-09-30": {
        "Tax Effect Of Unusual Items": 0.0,
        "Tax Rate For Calcs": 0.00926,
        "Normalized EBITDA": -1441113000.0,
        "Net Income From Continuing Operation Net Minority Interest": -1476062000.0,
        "Reconciled Cost Of Revenue": 11755204000.0,
        "EBITDA": -1441113000.0,
        "EBIT": -1441113000.0,
        "Net Interest Income": -572000.0,
        "Interest Expense": 28186000.0,
        "Interest Income": 27614000.0,
        "Normalized Income": -1476062000.0,
        "Net Income From Continuing And Discontinued Operation": -1476062000.0,
        "Total Expenses": 15552379000.0,
        "Total Operating Income As Reported": -1507768000.0,
        "Diluted Average Shares": 247584625.0,
        "Basic Average Shares": 247584625.0,
        "Diluted EPS": -5.961848,
        "Basic EPS": -5.961848,
        "Diluted NI Availto Com Stockholders": -1476062000.0,
        "Net Income Common Stockholders": -1476062000.0,
        "Net Income": -1476062000.0,
        "Minority Interests": -20368000.0,
        "Net Income Including Noncontrolling Interests": -1455694000.0,
        "Net Income Continuous Operations": -1455694000.0,
        "Tax Provision": -13605000.0,
        "Pretax Income": -1469299000.0,
        "Other Income Expense": 39041000.0,
        "Other Non Operating Income Expenses": 6020000.0,
        "Earnings From Equity Interest": 33021000.0,
        "Net Non Operating Interest Income Expense": -572000.0,
        "Interest Expense Non Operating": 28186000.0,
        "Interest Income Non Operating": 27614000.0,
        "Operating Income": -1507768000.0,
        "Operating Expense": 3797175000.0,
        "Other Operating Expenses": -34851000.0,
        "Research And Development": 2018136000.0,
        "Selling General And Administration": 1813890000.0,
        "Gross Profit": 2289407000.0,
        "Cost Of Revenue": 11755204000.0,
        "Total Revenue": 14044611000.0,
        "Operating Revenue": 14044611000.0
    }
}