{
    "2023-03-31": {
        "Tax Effect Of Unusual Items": 862890.0,
        "Tax Rate For Calcs": 0.21,
        "Normalized EBITDA": -68702000.0,
        "Total Unusual Items": 4109000.0,
        "Total Unusual Items Excluding Goodwill": 4109000.0,
        "Net Income From Continuing Operation Net Minority Interest": -63219000.0,
        "Reconciled Depreciation": 360000.0,
        "EBITDA": -64593000.0,
        "EBIT": -64953000.0,
        "Normalized Income": -66465110.0,
        "Net Income From Continuing And Discontinued Operation": -63219000.0,
        "Total Expenses": 64953000.0,
        "Total Operating Income As Reported": -64953000.0,
        "Diluted Average Shares": 59277000.0,
        "Basic Average Shares": 59277000.0,
        "Diluted EPS": -1.07,
        "Basic EPS": -1.07,
        "Diluted NI Availto Com Stockholders": -63219000.0,
        "Net Income Common Stockholders": -63219000.0,
        "Net Income": -63219000.0,
        "Minority Interests": 43000.0,
        "Net Income Including Noncontrolling Interests": -63262000.0,
        "Net Income Continuous Operations": -63262000.0,
        "Earnings From Equity Interest Net Of Tax": -2310000.0,
        "Tax Provision": 108000.0,
        "Pretax Income": -60844000.0,
        "Other Income Expense": 4109000.0,
        "Special Income Charges": NaN,
        "Gain On Sale Of Business": NaN,
        "Other Special Charges": NaN,
        "Gain On Sale Of Security": 4109000.0,
        "Operating Income": -64953000.0,
        "Operating Expense": 64953000.0,
        "Research And Development": 48584000.0,
        "Selling General And Administration": 16369000.0,
        "General And Administrative Expense": 16369000.0,
        "Other Gand A": 16369000.0,
        "Salaries And Wages": NaN,
        "Total Revenue": 0.0,
        "Operating Revenue": 0.0
    },
    "2022-12-31": {
        "Tax Effect Of Unusual Items": NaN,
        "Tax Rate For Calcs": NaN,
        "Normalized EBITDA": NaN,
        "Total Unusual Items": NaN,
        "Total Unusual Items Excluding Goodwill": NaN,
        "Net Income From Continuing Operation Net Minority Interest": NaN,
        "Reconciled Depreciation": NaN,
        "EBITDA": NaN,
        "EBIT": NaN,
        "Normalized Income": NaN,
        "Net Income From Continuing And Discontinued Operation": NaN,
        "Total Expenses": NaN,
        "Total Operating Income As Reported": NaN,
        "Diluted Average Shares": NaN,
        "Basic Average Shares": NaN,
        "Diluted EPS": NaN,
        "Basic EPS": NaN,
        "Diluted NI Availto Com Stockholders": NaN,
        "Net Income Common Stockholders": NaN,
        "Net Income": NaN,
        "Minority Interests": NaN,
        "Net Income Including Noncontrolling Interests": NaN,
        "Net Income Continuous Operations": NaN,
        "Earnings From Equity Interest Net Of Tax": NaN,
        "Tax Provision": NaN,
        "Pretax Income": NaN,
        "Other Income Expense": NaN,
        "Special Income Charges": 0.0,
        "Gain On Sale Of Business": 0.0,
        "Other Special Charges": NaN,
        "Gain On Sale Of Security": NaN,
        "Operating Income": NaN,
        "Operating Expense": NaN,
        "Research And Development": NaN,
        "Selling General And Administration": NaN,
        "General And Administrative Expense": NaN,
        "Other Gand A": NaN,
        "Salaries And Wages": NaN,
        "Total Revenue": NaN,
        "Operating Revenue": NaN
    },
    "2022-09-30": {
        "Tax Effect Of Unusual Items": NaN,
        "Tax Rate For Calcs": NaN,
        "Normalized EBITDA": NaN,
        "Total Unusual Items": NaN,
        "Total Unusual Items Excluding Goodwill": NaN,
        "Net Income From Continuing Operation Net Minority Interest": NaN,
        "Reconciled Depreciation": NaN,
        "EBITDA": NaN,
        "EBIT": NaN,
        "Normalized Income": NaN,
        "Net Income From Continuing And Discontinued Operation": NaN,
        "Total Expenses": NaN,
        "Total Operating Income As Reported": NaN,
        "Diluted Average Shares": 56807000.0,
        "Basic Average Shares": 56807000.0,
        "Diluted EPS": -0.96,
        "Basic EPS": -0.96,
        "Diluted NI Availto Com Stockholders": NaN,
        "Net Income Common Stockholders": NaN,
        "Net Income": NaN,
        "Minority Interests": NaN,
        "Net Income Including Noncontrolling Interests": NaN,
        "Net Income Continuous Operations": NaN,
        "Earnings From Equity Interest Net Of Tax": NaN,
        "Tax Provision": NaN,
        "Pretax Income": NaN,
        "Other Income Expense": NaN,
        "Special Income Charges": 0.0,
        "Gain On Sale Of Business": 0.0,
        "Other Special Charges": NaN,
        "Gain On Sale Of Security": NaN,
        "Operating Income": NaN,
        "Operating Expense": NaN,
        "Research And Development": NaN,
        "Selling General And Administration": NaN,
        "General And Administrative Expense": NaN,
        "Other Gand A": NaN,
        "Salaries And Wages": NaN,
        "Total Revenue": NaN,
        "Operating Revenue": NaN
    },
    "2022-06-30": {
        "Tax Effect Of Unusual Items": 169600.0,
        "Tax Rate For Calcs": 0.4,
        "Normalized EBITDA": -63537000.0,
        "Total Unusual Items": 424000.0,
        "Total Unusual Items Excluding Goodwill": 424000.0,
        "Net Income From Continuing Operation Net Minority Interest": -68357000.0,
        "Reconciled Depreciation": 348000.0,
        "EBITDA": -63113000.0,
        "EBIT": -63461000.0,
        "Normalized Income": -68611400.0,
        "Net Income From Continuing And Discontinued Operation": -68357000.0,
        "Total Expenses": 63461000.0,
        "Total Operating Income As Reported": -63461000.0,
        "Diluted Average Shares": 51117000.0,
        "Basic Average Shares": 51117000.0,
        "Diluted EPS": -1.34,
        "Basic EPS": -1.34,
        "Diluted NI Availto Com Stockholders": -68357000.0,
        "Net Income Common Stockholders": -68357000.0,
        "Net Income": -68357000.0,
        "Minority Interests": 35000.0,
        "Net Income Including Noncontrolling Interests": -68392000.0,
        "Net Income Continuous Operations": -68392000.0,
        "Earnings From Equity Interest Net Of Tax": -5338000.0,
        "Tax Provision": 17000.0,
        "Pretax Income": -63037000.0,
        "Other Income Expense": 424000.0,
        "Special Income Charges": NaN,
        "Gain On Sale Of Business": NaN,
        "Other Special Charges": NaN,
        "Gain On Sale Of Security": 424000.0,
        "Operating Income": -63461000.0,
        "Operating Expense": 63461000.0,
        "Research And Development": 43825000.0,
        "Selling General And Administration": 19636000.0,
        "General And Administrative Expense": 19636000.0,
        "Other Gand A": 19636000.0,
        "Salaries And Wages": NaN,
        "Total Revenue": 0.0,
        "Operating Revenue": 0.0
    },
    "2022-03-31": {
        "Diluted EPS": -1.31,
        "Total Revenue": NaN,
        "Gross Profit": NaN,
        "Operating Income": -58,
        "EBIT": -57,
        "Net Income": -59
    },
    "2021-12-31": {
        "Diluted EPS": -1.05,
        "Total Revenue": NaN,
        "Gross Profit": NaN,
        "Operating Income": -48,
        "EBIT": -48,
        "Net Income": -50
    },
    "2021-09-30": {
        "Diluted EPS": -0.09,
        "Total Revenue": NaN,
        "Gross Profit": NaN,
        "Operating Income": -63,
        "EBIT": -63,
        "Net Income": -4
    },
    "2021-06-30": {
        "Diluted EPS": -1.34,
        "Total Revenue": NaN,
        "Gross Profit": NaN,
        "Operating Income": -55,
        "EBIT": -55,
        "Net Income": -55
    },
    "2021-03-31": {
        "Diluted EPS": -1.24,
        "Total Revenue": NaN,
        "Gross Profit": NaN,
        "Operating Income": -50,
        "EBIT": -50,
        "Net Income": -50
    },
    "2020-12-31": {
        "Diluted EPS": 0.38,
        "Total Revenue": NaN,
        "Gross Profit": NaN,
        "Operating Income": -40,
        "EBIT": -40,
        "Net Income": -40
    },
    "2020-09-30": {
        "Diluted EPS": -0.91,
        "Total Revenue": NaN,
        "Gross Profit": NaN,
        "Operating Income": -35,
        "EBIT": -35,
        "Net Income": -35
    },
    "2020-06-30": {
        "Diluted EPS": -0.78,
        "Total Revenue": NaN,
        "Gross Profit": NaN,
        "Operating Income": -27,
        "EBIT": -27,
        "Net Income": -27
    },
    "2020-03-31": {
        "Diluted EPS": -2.88,
        "Total Revenue": NaN,
        "Gross Profit": NaN,
        "Operating Income": -16,
        "EBIT": -16,
        "Net Income": -16
    },
    "2019-12-31": {
        "Diluted EPS": -2.6,
        "Total Revenue": NaN,
        "Gross Profit": NaN,
        "Operating Income": -15,
        "EBIT": -15,
        "Net Income": -15
    },
    "2019-09-30": {
        "Diluted EPS": -2.2,
        "Total Revenue": NaN,
        "Gross Profit": NaN,
        "Operating Income": -13,
        "EBIT": -13,
        "Net Income": -12
    },
    "2019-06-30": {
        "Diluted EPS": -1.87,
        "Total Revenue": NaN,
        "Gross Profit": NaN,
        "Operating Income": -11,
        "EBIT": -11,
        "Net Income": -10
    },
    "2019-03-31": {
        "Diluted EPS": -1.49,
        "Total Revenue": NaN,
        "Gross Profit": NaN,
        "Operating Income": -9,
        "EBIT": -9,
        "Net Income": -8
    },
    "2023-06-30": {
        "Tax Effect Of Unusual Items": -250095.862866,
        "Tax Rate For Calcs": 0.006083,
        "Normalized EBITDA": -16887000.0,
        "Total Unusual Items": -41117000.0,
        "Total Unusual Items Excluding Goodwill": -41117000.0,
        "Net Income From Continuing Operation Net Minority Interest": -112527000.0,
        "Reconciled Depreciation": 344000.0,
        "EBITDA": -58004000.0,
        "EBIT": -58348000.0,
        "Normalized Income": -71660095.862866,
        "Net Income From Continuing And Discontinued Operation": -112527000.0,
        "Total Expenses": 58348000.0,
        "Total Operating Income As Reported": -103916000.0,
        "Diluted Average Shares": 60790000.0,
        "Basic Average Shares": 60790000.0,
        "Diluted EPS": -1.85,
        "Basic EPS": -1.85,
        "Diluted NI Availto Com Stockholders": -112527000.0,
        "Net Income Common Stockholders": -112527000.0,
        "Net Income": -112527000.0,
        "Minority Interests": 37000.0,
        "Net Income Including Noncontrolling Interests": -112564000.0,
        "Net Income Continuous Operations": -112564000.0,
        "Earnings From Equity Interest Net Of Tax": -13704000.0,
        "Tax Provision": -605000.0,
        "Pretax Income": -99465000.0,
        "Other Income Expense": -41117000.0,
        "Special Income Charges": -45568000.0,
        "Gain On Sale Of Business": NaN,
        "Other Special Charges": 45568000.0,
        "Gain On Sale Of Security": 4451000.0,
        "Operating Income": -58348000.0,
        "Operating Expense": 58348000.0,
        "Research And Development": 42684000.0,
        "Selling General And Administration": 15664000.0,
        "General And Administrative Expense": 15664000.0,
        "Other Gand A": 15664000.0,
        "Salaries And Wages": 7357000.0,
        "Total Revenue": 0.0,
        "Operating Revenue": 0.0
    },
    "2023-09-30": {
        "Tax Effect Of Unusual Items": 1513890.0,
        "Tax Rate For Calcs": 0.21,
        "Normalized EBITDA": -69579000.0,
        "Total Unusual Items": 7209000.0,
        "Total Unusual Items Excluding Goodwill": 7209000.0,
        "Net Income From Continuing Operation Net Minority Interest": -55528000.0,
        "Reconciled Depreciation": 348000.0,
        "EBITDA": -62370000.0,
        "EBIT": -62718000.0,
        "Normalized Income": -61223110.0,
        "Net Income From Continuing And Discontinued Operation": -55528000.0,
        "Total Expenses": 62718000.0,
        "Total Operating Income As Reported": -62718000.0,
        "Diluted Average Shares": 70612000.0,
        "Basic Average Shares": 70612000.0,
        "Diluted EPS": -0.79,
        "Basic EPS": -0.79,
        "Diluted NI Availto Com Stockholders": -55528000.0,
        "Net Income Common Stockholders": -55528000.0,
        "Net Income": -55528000.0,
        "Minority Interests": 12000.0,
        "Net Income Including Noncontrolling Interests": -55540000.0,
        "Net Income Continuous Operations": -55540000.0,
        "Earnings From Equity Interest Net Of Tax": 0.0,
        "Tax Provision": 31000.0,
        "Pretax Income": -55509000.0,
        "Other Income Expense": 7209000.0,
        "Special Income Charges": 0.0,
        "Gain On Sale Of Business": NaN,
        "Other Special Charges": NaN,
        "Gain On Sale Of Security": 7209000.0,
        "Operating Income": -62718000.0,
        "Operating Expense": 62718000.0,
        "Research And Development": 46765000.0,
        "Selling General And Administration": 15953000.0,
        "General And Administrative Expense": 15953000.0,
        "Other Gand A": 15953000.0,
        "Salaries And Wages": NaN,
        "Total Revenue": 0.0,
        "Operating Revenue": 0.0
    },
    "2023-12-31": {
        "Tax Effect Of Unusual Items": 15137.046861,
        "Tax Rate For Calcs": 0.00221,
        "Normalized EBITDA": -74433000.0,
        "Total Unusual Items": 6848000.0,
        "Total Unusual Items Excluding Goodwill": 6848000.0,
        "Net Income From Continuing Operation Net Minority Interest": -60917000.0,
        "Reconciled Depreciation": 337000.0,
        "EBITDA": -67585000.0,
        "EBIT": -67922000.0,
        "Normalized Income": -67749862.953139,
        "Net Income From Continuing And Discontinued Operation": -60917000.0,
        "Total Expenses": 67922000.0,
        "Total Operating Income As Reported": -67922000.0,
        "Diluted Average Shares": NaN,
        "Basic Average Shares": NaN,
        "Diluted EPS": NaN,
        "Basic EPS": NaN,
        "Diluted NI Availto Com Stockholders": -60917000.0,
        "Net Income Common Stockholders": -60917000.0,
        "Net Income": -60917000.0,
        "Minority Interests": 22000.0,
        "Net Income Including Noncontrolling Interests": -60939000.0,
        "Net Income Continuous Operations": -60939000.0,
        "Earnings From Equity Interest Net Of Tax": 0.0,
        "Tax Provision": -135000.0,
        "Pretax Income": -61074000.0,
        "Other Income Expense": 6848000.0,
        "Special Income Charges": 0.0,
        "Gain On Sale Of Business": NaN,
        "Other Special Charges": 0.0,
        "Gain On Sale Of Security": 6848000.0,
        "Operating Income": -67922000.0,
        "Operating Expense": 67922000.0,
        "Research And Development": 51557000.0,
        "Selling General And Administration": 16365000.0,
        "General And Administrative Expense": 16365000.0,
        "Other Gand A": 16365000.0,
        "Salaries And Wages": NaN,
        "Total Revenue": 0.0,
        "Operating Revenue": 0.0
    },
    "2024-03-31": {
        "Tax Effect Of Unusual Items": 490775.213591,
        "Tax Rate For Calcs": 0.014043,
        "Normalized EBITDA": -59389000.0,
        "Total Unusual Items": 34948000.0,
        "Total Unusual Items Excluding Goodwill": 34948000.0,
        "Net Income From Continuing Operation Net Minority Interest": 10068000.0,
        "Reconciled Depreciation": 324000.0,
        "EBITDA": -24441000.0,
        "EBIT": -24765000.0,
        "Normalized Income": -24389224.786409,
        "Net Income From Continuing And Discontinued Operation": 10068000.0,
        "Total Expenses": 65325000.0,
        "Total Operating Income As Reported": -24765000.0,
        "Diluted Average Shares": 71192000.0,
        "Basic Average Shares": 70898000.0,
        "Diluted EPS": 0.14,
        "Basic EPS": 0.14,
        "Diluted NI Availto Com Stockholders": 10068000.0,
        "Net Income Common Stockholders": 10068000.0,
        "Net Income": 10068000.0,
        "Minority Interests": 28000.0,
        "Net Income Including Noncontrolling Interests": 10040000.0,
        "Net Income Continuous Operations": 10040000.0,
        "Earnings From Equity Interest Net Of Tax": 0.0,
        "Tax Provision": 143000.0,
        "Pretax Income": 10183000.0,
        "Other Income Expense": 34948000.0,
        "Special Income Charges": NaN,
        "Gain On Sale Of Business": NaN,
        "Other Special Charges": NaN,
        "Gain On Sale Of Security": 34948000.0,
        "Operating Income": -24765000.0,
        "Operating Expense": 65325000.0,
        "Research And Development": 49585000.0,
        "Selling General And Administration": 15740000.0,
        "General And Administrative Expense": 15740000.0,
        "Other Gand A": 15740000.0,
        "Salaries And Wages": NaN,
        "Total Revenue": 40560000.0,
        "Operating Revenue": 40560000.0
    }
}