{
    "2023-04-30": {
        "Tax Effect Of Unusual Items": NaN,
        "Tax Rate For Calcs": NaN,
        "Normalized EBITDA": NaN,
        "Total Unusual Items": -6301000.0,
        "Total Unusual Items Excluding Goodwill": -6301000.0,
        "Net Income From Continuing Operation Net Minority Interest": NaN,
        "Reconciled Depreciation": NaN,
        "Reconciled Cost Of Revenue": NaN,
        "EBITDA": NaN,
        "EBIT": NaN,
        "Net Interest Income": NaN,
        "Interest Expense": NaN,
        "Interest Income": NaN,
        "Normalized Income": NaN,
        "Net Income From Continuing And Discontinued Operation": NaN,
        "Total Expenses": NaN,
        "Total Operating Income As Reported": NaN,
        "Diluted Average Shares": NaN,
        "Basic Average Shares": NaN,
        "Diluted EPS": NaN,
        "Basic EPS": NaN,
        "Diluted NI Availto Com Stockholders": NaN,
        "Net Income Common Stockholders": NaN,
        "Net Income": NaN,
        "Net Income Including Noncontrolling Interests": NaN,
        "Net Income Continuous Operations": NaN,
        "Tax Provision": NaN,
        "Pretax Income": NaN,
        "Other Income Expense": NaN,
        "Other Non Operating Income Expenses": NaN,
        "Special Income Charges": -6301000.0,
        "Restructuring And Mergern Acquisition": 6301000.0,
        "Net Non Operating Interest Income Expense": NaN,
        "Total Other Finance Cost": 974000.0,
        "Interest Expense Non Operating": NaN,
        "Interest Income Non Operating": NaN,
        "Operating Income": NaN,
        "Operating Expense": NaN,
        "Research And Development": NaN,
        "Selling General And Administration": NaN,
        "Selling And Marketing Expense": NaN,
        "General And Administrative Expense": NaN,
        "Other Gand A": NaN,
        "Gross Profit": NaN,
        "Cost Of Revenue": NaN,
        "Total Revenue": NaN,
        "Operating Revenue": NaN
    },
    "2023-01-31": {
        "Tax Effect Of Unusual Items": NaN,
        "Tax Rate For Calcs": NaN,
        "Normalized EBITDA": NaN,
        "Total Unusual Items": NaN,
        "Total Unusual Items Excluding Goodwill": NaN,
        "Net Income From Continuing Operation Net Minority Interest": NaN,
        "Reconciled Depreciation": NaN,
        "Reconciled Cost Of Revenue": NaN,
        "EBITDA": NaN,
        "EBIT": NaN,
        "Net Interest Income": NaN,
        "Interest Expense": NaN,
        "Interest Income": NaN,
        "Normalized Income": NaN,
        "Net Income From Continuing And Discontinued Operation": NaN,
        "Total Expenses": NaN,
        "Total Operating Income As Reported": NaN,
        "Diluted Average Shares": NaN,
        "Basic Average Shares": NaN,
        "Diluted EPS": NaN,
        "Basic EPS": NaN,
        "Diluted NI Availto Com Stockholders": NaN,
        "Net Income Common Stockholders": NaN,
        "Net Income": NaN,
        "Net Income Including Noncontrolling Interests": NaN,
        "Net Income Continuous Operations": NaN,
        "Tax Provision": NaN,
        "Pretax Income": NaN,
        "Other Income Expense": NaN,
        "Other Non Operating Income Expenses": NaN,
        "Special Income Charges": NaN,
        "Restructuring And Mergern Acquisition": NaN,
        "Net Non Operating Interest Income Expense": NaN,
        "Total Other Finance Cost": 973000.0,
        "Interest Expense Non Operating": NaN,
        "Interest Income Non Operating": NaN,
        "Operating Income": NaN,
        "Operating Expense": NaN,
        "Research And Development": NaN,
        "Selling General And Administration": NaN,
        "Selling And Marketing Expense": NaN,
        "General And Administrative Expense": NaN,
        "Other Gand A": NaN,
        "Gross Profit": NaN,
        "Cost Of Revenue": NaN,
        "Total Revenue": NaN,
        "Operating Revenue": NaN
    },
    "2022-10-31": {
        "Tax Effect Of Unusual Items": NaN,
        "Tax Rate For Calcs": NaN,
        "Normalized EBITDA": NaN,
        "Total Unusual Items": NaN,
        "Total Unusual Items Excluding Goodwill": NaN,
        "Net Income From Continuing Operation Net Minority Interest": NaN,
        "Reconciled Depreciation": NaN,
        "Reconciled Cost Of Revenue": NaN,
        "EBITDA": NaN,
        "EBIT": NaN,
        "Net Interest Income": NaN,
        "Interest Expense": NaN,
        "Interest Income": NaN,
        "Normalized Income": NaN,
        "Net Income From Continuing And Discontinued Operation": NaN,
        "Total Expenses": NaN,
        "Total Operating Income As Reported": NaN,
        "Diluted Average Shares": NaN,
        "Basic Average Shares": NaN,
        "Diluted EPS": NaN,
        "Basic EPS": NaN,
        "Diluted NI Availto Com Stockholders": NaN,
        "Net Income Common Stockholders": NaN,
        "Net Income": NaN,
        "Net Income Including Noncontrolling Interests": NaN,
        "Net Income Continuous Operations": NaN,
        "Tax Provision": NaN,
        "Pretax Income": NaN,
        "Other Income Expense": NaN,
        "Other Non Operating Income Expenses": NaN,
        "Special Income Charges": NaN,
        "Restructuring And Mergern Acquisition": NaN,
        "Net Non Operating Interest Income Expense": NaN,
        "Total Other Finance Cost": 972000.0,
        "Interest Expense Non Operating": NaN,
        "Interest Income Non Operating": NaN,
        "Operating Income": NaN,
        "Operating Expense": NaN,
        "Research And Development": NaN,
        "Selling General And Administration": NaN,
        "Selling And Marketing Expense": NaN,
        "General And Administrative Expense": NaN,
        "Other Gand A": NaN,
        "Gross Profit": NaN,
        "Cost Of Revenue": NaN,
        "Total Revenue": NaN,
        "Operating Revenue": NaN
    },
    "2022-07-31": {
        "Tax Effect Of Unusual Items": 0.0,
        "Tax Rate For Calcs": 0.4,
        "Normalized EBITDA": -67362000.0,
        "Total Unusual Items": NaN,
        "Total Unusual Items Excluding Goodwill": NaN,
        "Net Income From Continuing Operation Net Minority Interest": -97652000.0,
        "Reconciled Depreciation": 13334000.0,
        "Reconciled Cost Of Revenue": 68308000.0,
        "EBITDA": -67362000.0,
        "EBIT": -80696000.0,
        "Net Interest Income": -11851000.0,
        "Interest Expense": 14458000.0,
        "Interest Income": 2607000.0,
        "Normalized Income": -97652000.0,
        "Net Income From Continuing And Discontinued Operation": -97652000.0,
        "Total Expenses": 400588000.0,
        "Total Operating Income As Reported": -82529000.0,
        "Diluted Average Shares": 142371000.0,
        "Basic Average Shares": 142371000.0,
        "Diluted EPS": -0.69,
        "Basic EPS": -0.69,
        "Diluted NI Availto Com Stockholders": -97652000.0,
        "Net Income Common Stockholders": -97652000.0,
        "Net Income": -97652000.0,
        "Net Income Including Noncontrolling Interests": -97652000.0,
        "Net Income Continuous Operations": -97652000.0,
        "Tax Provision": 2498000.0,
        "Pretax Income": -95154000.0,
        "Other Income Expense": -774000.0,
        "Other Non Operating Income Expenses": -774000.0,
        "Special Income Charges": NaN,
        "Restructuring And Mergern Acquisition": NaN,
        "Net Non Operating Interest Income Expense": -11851000.0,
        "Total Other Finance Cost": 711000.0,
        "Interest Expense Non Operating": 14458000.0,
        "Interest Income Non Operating": 2607000.0,
        "Operating Income": -82529000.0,
        "Operating Expense": 332280000.0,
        "Research And Development": 78150000.0,
        "Selling General And Administration": 254130000.0,
        "Selling And Marketing Expense": 214228000.0,
        "General And Administrative Expense": 39902000.0,
        "Other Gand A": 39902000.0,
        "Gross Profit": 249751000.0,
        "Cost Of Revenue": 68308000.0,
        "Total Revenue": 318059000.0,
        "Operating Revenue": 318059000.0
    },
    "2023-07-31": {
        "Tax Effect Of Unusual Items": NaN,
        "Tax Rate For Calcs": NaN,
        "Normalized EBITDA": NaN,
        "Total Unusual Items": -1299000.0,
        "Total Unusual Items Excluding Goodwill": -1299000.0,
        "Net Income From Continuing Operation Net Minority Interest": NaN,
        "Reconciled Depreciation": NaN,
        "Reconciled Cost Of Revenue": NaN,
        "EBITDA": NaN,
        "EBIT": NaN,
        "Net Interest Income": NaN,
        "Interest Expense": NaN,
        "Interest Income": NaN,
        "Normalized Income": NaN,
        "Net Income From Continuing And Discontinued Operation": NaN,
        "Total Expenses": NaN,
        "Total Operating Income As Reported": NaN,
        "Diluted Average Shares": 146424000.0,
        "Basic Average Shares": 146424000.0,
        "Diluted EPS": -0.21,
        "Basic EPS": -0.21,
        "Diluted NI Availto Com Stockholders": NaN,
        "Net Income Common Stockholders": NaN,
        "Net Income": NaN,
        "Net Income Including Noncontrolling Interests": NaN,
        "Net Income Continuous Operations": NaN,
        "Tax Provision": NaN,
        "Pretax Income": NaN,
        "Other Income Expense": NaN,
        "Other Non Operating Income Expenses": NaN,
        "Special Income Charges": -1299000.0,
        "Restructuring And Mergern Acquisition": 1299000.0,
        "Net Non Operating Interest Income Expense": NaN,
        "Total Other Finance Cost": NaN,
        "Interest Expense Non Operating": NaN,
        "Interest Income Non Operating": NaN,
        "Operating Income": NaN,
        "Operating Expense": NaN,
        "Research And Development": NaN,
        "Selling General And Administration": NaN,
        "Selling And Marketing Expense": NaN,
        "General And Administrative Expense": NaN,
        "Other Gand A": NaN,
        "Gross Profit": NaN,
        "Cost Of Revenue": NaN,
        "Total Revenue": NaN,
        "Operating Revenue": NaN
    },
    "2023-10-31": {
        "Tax Effect Of Unusual Items": 0.0,
        "Tax Rate For Calcs": 0.21,
        "Normalized EBITDA": -4329000.0,
        "Total Unusual Items": NaN,
        "Total Unusual Items Excluding Goodwill": NaN,
        "Net Income From Continuing Operation Net Minority Interest": -33483000.0,
        "Reconciled Depreciation": 16998000.0,
        "Reconciled Cost Of Revenue": 111394000.0,
        "EBITDA": -4329000.0,
        "EBIT": -21327000.0,
        "Net Interest Income": 22783000.0,
        "Interest Expense": 3159000.0,
        "Interest Income": 25942000.0,
        "Normalized Income": -33483000.0,
        "Net Income From Continuing And Discontinued Operation": -33483000.0,
        "Total Expenses": 542760000.0,
        "Total Operating Income As Reported": -46057000.0,
        "Diluted Average Shares": 147625000.0,
        "Basic Average Shares": 147625000.0,
        "Diluted EPS": -0.23,
        "Basic EPS": -0.23,
        "Diluted NI Availto Com Stockholders": -33483000.0,
        "Net Income Common Stockholders": -33483000.0,
        "Net Income": -33483000.0,
        "Net Income Including Noncontrolling Interests": -33483000.0,
        "Net Income Continuous Operations": -33483000.0,
        "Tax Provision": 8997000.0,
        "Pretax Income": -24486000.0,
        "Other Income Expense": -1212000.0,
        "Other Non Operating Income Expenses": -1212000.0,
        "Special Income Charges": NaN,
        "Restructuring And Mergern Acquisition": NaN,
        "Net Non Operating Interest Income Expense": 22783000.0,
        "Total Other Finance Cost": 977000.0,
        "Interest Expense Non Operating": 3159000.0,
        "Interest Income Non Operating": 25942000.0,
        "Operating Income": -46057000.0,
        "Operating Expense": 431366000.0,
        "Research And Development": 113539000.0,
        "Selling General And Administration": 317827000.0,
        "Selling And Marketing Expense": 267111000.0,
        "General And Administrative Expense": 50716000.0,
        "Other Gand A": 50716000.0,
        "Gross Profit": 385309000.0,
        "Cost Of Revenue": 111394000.0,
        "Total Revenue": 496703000.0,
        "Operating Revenue": 496703000.0
    },
    "2024-01-31": {
        "Tax Effect Of Unusual Items": 0.0,
        "Tax Rate For Calcs": 0.21,
        "Normalized EBITDA": 604000.0,
        "Total Unusual Items": NaN,
        "Total Unusual Items Excluding Goodwill": NaN,
        "Net Income From Continuing Operation Net Minority Interest": -28469000.0,
        "Reconciled Depreciation": 18482000.0,
        "Reconciled Cost Of Revenue": 117199000.0,
        "EBITDA": 604000.0,
        "EBIT": -17878000.0,
        "Net Interest Income": 24780000.0,
        "Interest Expense": 2627000.0,
        "Interest Income": 28385000.0,
        "Normalized Income": -28469000.0,
        "Net Income From Continuing And Discontinued Operation": -28469000.0,
        "Total Expenses": 570456000.0,
        "Total Operating Income As Reported": -45457000.0,
        "Diluted Average Shares": 148951000.0,
        "Basic Average Shares": 148951000.0,
        "Diluted EPS": -0.19,
        "Basic EPS": -0.19,
        "Diluted NI Availto Com Stockholders": -28469000.0,
        "Net Income Common Stockholders": -28469000.0,
        "Net Income": -28469000.0,
        "Net Income Including Noncontrolling Interests": -28469000.0,
        "Net Income Continuous Operations": -28469000.0,
        "Tax Provision": 7964000.0,
        "Pretax Income": -20505000.0,
        "Other Income Expense": 172000.0,
        "Other Non Operating Income Expenses": 172000.0,
        "Special Income Charges": NaN,
        "Restructuring And Mergern Acquisition": NaN,
        "Net Non Operating Interest Income Expense": 24780000.0,
        "Total Other Finance Cost": 978000.0,
        "Interest Expense Non Operating": 2627000.0,
        "Interest Income Non Operating": 28385000.0,
        "Operating Income": -45457000.0,
        "Operating Expense": 453257000.0,
        "Research And Development": 122181000.0,
        "Selling General And Administration": 331076000.0,
        "Selling And Marketing Expense": 276481000.0,
        "General And Administrative Expense": 54595000.0,
        "Other Gand A": 54595000.0,
        "Gross Profit": 407800000.0,
        "Cost Of Revenue": 117199000.0,
        "Total Revenue": 524999000.0,
        "Operating Revenue": 524999000.0
    },
    "2024-04-30": {
        "Tax Effect Of Unusual Items": 0.0,
        "Tax Rate For Calcs": 0.083485,
        "Normalized EBITDA": 44683000.0,
        "Total Unusual Items": 0.0,
        "Total Unusual Items Excluding Goodwill": 0.0,
        "Net Income From Continuing Operation Net Minority Interest": 19124000.0,
        "Reconciled Depreciation": 21053000.0,
        "Reconciled Cost Of Revenue": 118331000.0,
        "EBITDA": 44683000.0,
        "EBIT": 23630000.0,
        "Net Interest Income": 24806000.0,
        "Interest Expense": 2764000.0,
        "Interest Income": 27570000.0,
        "Normalized Income": 19124000.0,
        "Net Income From Continuing And Discontinued Operation": 19124000.0,
        "Total Expenses": 556214000.0,
        "Total Operating Income As Reported": -3013000.0,
        "Diluted Average Shares": 154081000.0,
        "Basic Average Shares": 150290000.0,
        "Diluted EPS": 0.12,
        "Basic EPS": 0.13,
        "Diluted NI Availto Com Stockholders": 19124000.0,
        "Net Income Common Stockholders": 19124000.0,
        "Net Income": 19124000.0,
        "Net Income Including Noncontrolling Interests": 19124000.0,
        "Net Income Continuous Operations": 19124000.0,
        "Tax Provision": 1742000.0,
        "Pretax Income": 20866000.0,
        "Other Income Expense": -927000.0,
        "Other Non Operating Income Expenses": -927000.0,
        "Special Income Charges": 0.0,
        "Restructuring And Mergern Acquisition": 0.0,
        "Net Non Operating Interest Income Expense": 24806000.0,
        "Total Other Finance Cost": NaN,
        "Interest Expense Non Operating": 2764000.0,
        "Interest Income Non Operating": 27570000.0,
        "Operating Income": -3013000.0,
        "Operating Expense": 437883000.0,
        "Research And Development": 124958000.0,
        "Selling General And Administration": 312925000.0,
        "Selling And Marketing Expense": 262447000.0,
        "General And Administrative Expense": 50478000.0,
        "Other Gand A": 50478000.0,
        "Gross Profit": 434870000.0,
        "Cost Of Revenue": 118331000.0,
        "Total Revenue": 553201000.0,
        "Operating Revenue": 553201000.0
    },
    "2024-07-31": {
        "Tax Effect Of Unusual Items": 0.0,
        "Tax Rate For Calcs": 0.21,
        "Normalized EBITDA": 22899000.0,
        "Total Unusual Items": 0.0,
        "Total Unusual Items Excluding Goodwill": 0.0,
        "Net Income From Continuing Operation Net Minority Interest": -14878000.0,
        "Reconciled Depreciation": 24399000.0,
        "Reconciled Cost Of Revenue": 130205000.0,
        "EBITDA": 22899000.0,
        "EBIT": -1500000.0,
        "Net Interest Income": 23629000.0,
        "Interest Expense": 3604000.0,
        "Interest Income": 27233000.0,
        "Normalized Income": -14878000.0,
        "Net Income From Continuing And Discontinued Operation": -14878000.0,
        "Total Expenses": 619818000.0,
        "Total Operating Income As Reported": -26950000.0,
        "Diluted Average Shares": NaN,
        "Basic Average Shares": NaN,
        "Diluted EPS": NaN,
        "Basic EPS": NaN,
        "Diluted NI Availto Com Stockholders": -14878000.0,
        "Net Income Common Stockholders": -14878000.0,
        "Net Income": -14878000.0,
        "Net Income Including Noncontrolling Interests": -14878000.0,
        "Net Income Continuous Operations": -14878000.0,
        "Tax Provision": 9774000.0,
        "Pretax Income": -5104000.0,
        "Other Income Expense": -1783000.0,
        "Other Non Operating Income Expenses": -1783000.0,
        "Special Income Charges": 0.0,
        "Restructuring And Mergern Acquisition": 0.0,
        "Net Non Operating Interest Income Expense": 23629000.0,
        "Total Other Finance Cost": NaN,
        "Interest Expense Non Operating": 3604000.0,
        "Interest Income Non Operating": 27233000.0,
        "Operating Income": -26950000.0,
        "Operating Expense": 489613000.0,
        "Research And Development": 139150000.0,
        "Selling General And Administration": 350463000.0,
        "Selling And Marketing Expense": 294200000.0,
        "General And Administrative Expense": 56263000.0,
        "Other Gand A": 56263000.0,
        "Gross Profit": 462663000.0,
        "Cost Of Revenue": 130205000.0,
        "Total Revenue": 592868000.0,
        "Operating Revenue": 592868000.0
    },
    "2024-10-31": {
        "Tax Effect Of Unusual Items": 0.0,
        "Tax Rate For Calcs": 0.21,
        "Normalized EBITDA": 24392000.0,
        "Total Unusual Items": NaN,
        "Total Unusual Items Excluding Goodwill": NaN,
        "Net Income From Continuing Operation Net Minority Interest": -12051000.0,
        "Reconciled Depreciation": 25663000.0,
        "Reconciled Cost Of Revenue": 141462000.0,
        "EBITDA": 24392000.0,
        "EBIT": -1271000.0,
        "Net Interest Income": 26905000.0,
        "Interest Expense": 3143000.0,
        "Interest Income": 30048000.0,
        "Normalized Income": -12051000.0,
        "Net Income From Continuing And Discontinued Operation": -12051000.0,
        "Total Expenses": 658622000.0,
        "Total Operating Income As Reported": -30667000.0,
        "Diluted Average Shares": 152557000.0,
        "Basic Average Shares": 152557000.0,
        "Diluted EPS": -0.08,
        "Basic EPS": -0.08,
        "Diluted NI Availto Com Stockholders": -12051000.0,
        "Net Income Common Stockholders": -12051000.0,
        "Net Income": -12051000.0,
        "Net Income Including Noncontrolling Interests": -12051000.0,
        "Net Income Continuous Operations": -12051000.0,
        "Tax Provision": 7637000.0,
        "Pretax Income": -4414000.0,
        "Other Income Expense": -652000.0,
        "Other Non Operating Income Expenses": -652000.0,
        "Special Income Charges": NaN,
        "Restructuring And Mergern Acquisition": NaN,
        "Net Non Operating Interest Income Expense": 26905000.0,
        "Total Other Finance Cost": NaN,
        "Interest Expense Non Operating": 3143000.0,
        "Interest Income Non Operating": 30048000.0,
        "Operating Income": -30667000.0,
        "Operating Expense": 517160000.0,
        "Research And Development": 154254000.0,
        "Selling General And Administration": 362906000.0,
        "Selling And Marketing Expense": 306087000.0,
        "General And Administrative Expense": 56819000.0,
        "Other Gand A": 56819000.0,
        "Gross Profit": 486493000.0,
        "Cost Of Revenue": 141462000.0,
        "Total Revenue": 627955000.0,
        "Operating Revenue": 627955000.0
    }
}