{
    "2023-03-31": {
        "Tax Effect Of Unusual Items": -6270000.0,
        "Tax Rate For Calcs": 0.209,
        "Normalized EBITDA": 910000000.0,
        "Total Unusual Items": -30000000.0,
        "Total Unusual Items Excluding Goodwill": -30000000.0,
        "Net Income From Continuing Operation Net Minority Interest": 552000000.0,
        "Reconciled Depreciation": 120000000.0,
        "Reconciled Cost Of Revenue": 505000000.0,
        "EBITDA": 880000000.0,
        "EBIT": 760000000.0,
        "Net Interest Income": -30000000.0,
        "Interest Expense": 63000000.0,
        "Interest Income": 33000000.0,
        "Normalized Income": 575730000.0,
        "Net Income From Continuing And Discontinued Operation": 552000000.0,
        "Total Expenses": 1272000000.0,
        "Diluted Average Shares": 464600000.0,
        "Basic Average Shares": 463500000.0,
        "Diluted EPS": 1.19,
        "Basic EPS": 1.19,
        "Diluted NI Availto Com Stockholders": 552000000.0,
        "Net Income Common Stockholders": 552000000.0,
        "Net Income": 552000000.0,
        "Minority Interests": 1000000.0,
        "Net Income Including Noncontrolling Interests": 551000000.0,
        "Net Income Continuous Operations": 551000000.0,
        "Tax Provision": 146000000.0,
        "Pretax Income": 697000000.0,
        "Other Income Expense": -1000000.0,
        "Other Non Operating Income Expenses": 29000000.0,
        "Special Income Charges": -21000000.0,
        "Gain On Sale Of Ppe": NaN,
        "Gain On Sale Of Business": NaN,
        "Write Off": NaN,
        "Impairment Of Capital Assets": NaN,
        "Restructuring And Mergern Acquisition": 21000000.0,
        "Gain On Sale Of Security": -9000000.0,
        "Net Non Operating Interest Income Expense": -30000000.0,
        "Interest Expense Non Operating": 63000000.0,
        "Interest Income Non Operating": 33000000.0,
        "Operating Income": 728000000.0,
        "Operating Expense": 684000000.0,
        "Depreciation Amortization Depletion Income Statement": 37000000.0,
        "Depreciation And Amortization In Income Statement": 37000000.0,
        "Amortization": 37000000.0,
        "Amortization Of Intangibles Income Statement": 37000000.0,
        "Research And Development": 142000000.0,
        "Selling General And Administration": 505000000.0,
        "Gross Profit": 1412000000.0,
        "Cost Of Revenue": 588000000.0,
        "Total Revenue": 2000000000.0,
        "Operating Revenue": 2000000000.0
    },
    "2022-12-31": {
        "Tax Effect Of Unusual Items": -16277027.027027,
        "Tax Rate For Calcs": 0.222973,
        "Normalized EBITDA": 846000000.0,
        "Total Unusual Items": -73000000.0,
        "Total Unusual Items Excluding Goodwill": -73000000.0,
        "Net Income From Continuing Operation Net Minority Interest": 461000000.0,
        "Reconciled Depreciation": 119000000.0,
        "Reconciled Cost Of Revenue": 569000000.0,
        "EBITDA": 773000000.0,
        "EBIT": 654000000.0,
        "Net Interest Income": -32000000.0,
        "Interest Expense": 62000000.0,
        "Interest Income": 30000000.0,
        "Normalized Income": 517722972.972973,
        "Net Income From Continuing And Discontinued Operation": 461000000.0,
        "Total Expenses": 1350000000.0,
        "Diluted Average Shares": 466800000.0,
        "Basic Average Shares": 465600000.0,
        "Diluted EPS": 0.99,
        "Basic EPS": 0.99,
        "Diluted NI Availto Com Stockholders": 461000000.0,
        "Net Income Common Stockholders": 461000000.0,
        "Net Income": 461000000.0,
        "Minority Interests": 1000000.0,
        "Net Income Including Noncontrolling Interests": 460000000.0,
        "Net Income Continuous Operations": 460000000.0,
        "Tax Provision": 132000000.0,
        "Pretax Income": 592000000.0,
        "Other Income Expense": -66000000.0,
        "Other Non Operating Income Expenses": 7000000.0,
        "Special Income Charges": -47000000.0,
        "Gain On Sale Of Ppe": 0.0,
        "Gain On Sale Of Business": NaN,
        "Write Off": 7000000.0,
        "Impairment Of Capital Assets": 38000000.0,
        "Restructuring And Mergern Acquisition": 2000000.0,
        "Gain On Sale Of Security": -26000000.0,
        "Net Non Operating Interest Income Expense": -32000000.0,
        "Interest Expense Non Operating": 62000000.0,
        "Interest Income Non Operating": 30000000.0,
        "Operating Income": 690000000.0,
        "Operating Expense": 697000000.0,
        "Depreciation Amortization Depletion Income Statement": 35000000.0,
        "Depreciation And Amortization In Income Statement": 35000000.0,
        "Amortization": 35000000.0,
        "Amortization Of Intangibles Income Statement": 35000000.0,
        "Research And Development": 148000000.0,
        "Selling General And Administration": 514000000.0,
        "Gross Profit": 1387000000.0,
        "Cost Of Revenue": 653000000.0,
        "Total Revenue": 2040000000.0,
        "Operating Revenue": 2040000000.0
    },
    "2022-09-30": {
        "Tax Effect Of Unusual Items": -3744000.0,
        "Tax Rate For Calcs": 0.208,
        "Normalized EBITDA": 853000000.0,
        "Total Unusual Items": -18000000.0,
        "Total Unusual Items Excluding Goodwill": -18000000.0,
        "Net Income From Continuing Operation Net Minority Interest": 529000000.0,
        "Reconciled Depreciation": 115000000.0,
        "Reconciled Cost Of Revenue": 529000000.0,
        "EBITDA": 835000000.0,
        "EBIT": 720000000.0,
        "Net Interest Income": -40000000.0,
        "Interest Expense": 53000000.0,
        "Interest Income": 13000000.0,
        "Normalized Income": 543256000.0,
        "Net Income From Continuing And Discontinued Operation": 529000000.0,
        "Total Expenses": 1279000000.0,
        "Diluted Average Shares": 469100000.0,
        "Basic Average Shares": 467800000.0,
        "Diluted EPS": 1.13,
        "Basic EPS": 1.13,
        "Diluted NI Availto Com Stockholders": 529000000.0,
        "Net Income Common Stockholders": 529000000.0,
        "Net Income": 529000000.0,
        "Minority Interests": 1000000.0,
        "Net Income Including Noncontrolling Interests": 528000000.0,
        "Net Income Continuous Operations": 528000000.0,
        "Tax Provision": 139000000.0,
        "Pretax Income": 667000000.0,
        "Other Income Expense": -16000000.0,
        "Other Non Operating Income Expenses": 2000000.0,
        "Special Income Charges": -7000000.0,
        "Gain On Sale Of Ppe": 0.0,
        "Gain On Sale Of Business": NaN,
        "Write Off": 0.0,
        "Impairment Of Capital Assets": 1000000.0,
        "Restructuring And Mergern Acquisition": 6000000.0,
        "Gain On Sale Of Security": -11000000.0,
        "Net Non Operating Interest Income Expense": -40000000.0,
        "Interest Expense Non Operating": 53000000.0,
        "Interest Income Non Operating": 13000000.0,
        "Operating Income": 723000000.0,
        "Operating Expense": 672000000.0,
        "Depreciation Amortization Depletion Income Statement": 37000000.0,
        "Depreciation And Amortization In Income Statement": 37000000.0,
        "Amortization": 37000000.0,
        "Amortization Of Intangibles Income Statement": 37000000.0,
        "Research And Development": 134000000.0,
        "Selling General And Administration": 501000000.0,
        "Gross Profit": 1395000000.0,
        "Cost Of Revenue": 607000000.0,
        "Total Revenue": 2002000000.0,
        "Operating Revenue": 2002000000.0
    },
    "2022-06-30": {
        "Tax Effect Of Unusual Items": -210447.761194,
        "Tax Rate For Calcs": 0.210448,
        "Normalized EBITDA": 761000000.0,
        "Total Unusual Items": -1000000.0,
        "Total Unusual Items Excluding Goodwill": -1000000.0,
        "Net Income From Continuing Operation Net Minority Interest": 529000000.0,
        "Reconciled Depreciation": 37000000.0,
        "Reconciled Cost Of Revenue": 625000000.0,
        "EBITDA": 760000000.0,
        "EBIT": 723000000.0,
        "Net Interest Income": -53000000.0,
        "Interest Expense": 53000000.0,
        "Interest Income": 5000000.0,
        "Normalized Income": 529789552.238806,
        "Net Income From Continuing And Discontinued Operation": 529000000.0,
        "Total Expenses": 1326000000.0,
        "Diluted Average Shares": 471500000.0,
        "Basic Average Shares": 470000000.0,
        "Diluted EPS": 1.12,
        "Basic EPS": 1.13,
        "Diluted NI Availto Com Stockholders": 529000000.0,
        "Net Income Common Stockholders": 529000000.0,
        "Net Income": 529000000.0,
        "Minority Interests": 0.0,
        "Net Income Including Noncontrolling Interests": 529000000.0,
        "Net Income Continuous Operations": 529000000.0,
        "Tax Provision": 141000000.0,
        "Pretax Income": 670000000.0,
        "Other Income Expense": -3000000.0,
        "Other Non Operating Income Expenses": -2000000.0,
        "Special Income Charges": -1000000.0,
        "Gain On Sale Of Ppe": 0.0,
        "Gain On Sale Of Business": NaN,
        "Write Off": NaN,
        "Impairment Of Capital Assets": NaN,
        "Restructuring And Mergern Acquisition": 1000000.0,
        "Gain On Sale Of Security": -14000000.0,
        "Net Non Operating Interest Income Expense": -53000000.0,
        "Interest Expense Non Operating": 53000000.0,
        "Interest Income Non Operating": 5000000.0,
        "Operating Income": 726000000.0,
        "Operating Expense": 701000000.0,
        "Depreciation Amortization Depletion Income Statement": 37000000.0,
        "Depreciation And Amortization In Income Statement": 37000000.0,
        "Amortization": 37000000.0,
        "Amortization Of Intangibles Income Statement": 37000000.0,
        "Research And Development": 135000000.0,
        "Selling General And Administration": 529000000.0,
        "Gross Profit": 1427000000.0,
        "Cost Of Revenue": 625000000.0,
        "Total Revenue": 2052000000.0,
        "Operating Revenue": 2052000000.0
    },
    "2022-03-31": {
        "Diluted EPS": 1.26,
        "Total Revenue": NaN,
        "Gross Profit": NaN,
        "Operating Income": 727,
        "EBIT": 894,
        "Net Income": 595
    },
    "2021-12-31": {
        "Diluted EPS": 0.87,
        "Total Revenue": NaN,
        "Gross Profit": NaN,
        "Operating Income": 506,
        "EBIT": 677,
        "Net Income": 414
    },
    "2021-09-30": {
        "Diluted EPS": 1.16,
        "Total Revenue": NaN,
        "Gross Profit": NaN,
        "Operating Income": 659,
        "EBIT": 825,
        "Net Income": 552
    },
    "2021-06-30": {
        "Diluted EPS": 1.07,
        "Total Revenue": NaN,
        "Gross Profit": NaN,
        "Operating Income": 636,
        "EBIT": 805,
        "Net Income": 512
    },
    "2021-03-31": {
        "Diluted EPS": 1.17,
        "Total Revenue": NaN,
        "Gross Profit": NaN,
        "Operating Income": 687,
        "EBIT": 853,
        "Net Income": 559
    },
    "2020-12-31": {
        "Diluted EPS": 0.75,
        "Total Revenue": NaN,
        "Gross Profit": NaN,
        "Operating Income": 420,
        "EBIT": 587,
        "Net Income": 359
    },
    "2020-09-30": {
        "Diluted EPS": 1.0,
        "Total Revenue": NaN,
        "Gross Profit": NaN,
        "Operating Income": 597,
        "EBIT": 770,
        "Net Income": 479
    },
    "2020-06-30": {
        "Diluted EPS": 0.79,
        "Total Revenue": NaN,
        "Gross Profit": NaN,
        "Operating Income": 482,
        "EBIT": 651,
        "Net Income": 377
    },
    "2020-03-31": {
        "Diluted EPS": 0.88,
        "Total Revenue": NaN,
        "Gross Profit": NaN,
        "Operating Income": 497,
        "EBIT": 660,
        "Net Income": 423
    },
    "2019-12-31": {
        "Diluted EPS": 0.79,
        "Total Revenue": NaN,
        "Gross Profit": NaN,
        "Operating Income": 437,
        "EBIT": 602,
        "Net Income": 384
    },
    "2019-09-30": {
        "Diluted EPS": 0.9,
        "Total Revenue": NaN,
        "Gross Profit": NaN,
        "Operating Income": 528,
        "EBIT": 691,
        "Net Income": 433
    },
    "2019-06-30": {
        "Diluted EPS": 0.77,
        "Total Revenue": NaN,
        "Gross Profit": NaN,
        "Operating Income": 455,
        "EBIT": 608,
        "Net Income": 371
    },
    "2019-03-31": {
        "Diluted EPS": 0.65,
        "Total Revenue": NaN,
        "Gross Profit": 937,
        "Operating Income": 381,
        "EBIT": 535,
        "Net Income": 312
    },
    "2018-12-31": {
        "Diluted EPS": 0.71,
        "Total Revenue": NaN,
        "Gross Profit": NaN,
        "Operating Income": 418,
        "EBIT": 578,
        "Net Income": 345
    },
    "2018-09-30": {
        "Diluted EPS": 0.71,
        "Total Revenue": NaN,
        "Gross Profit": NaN,
        "Operating Income": 418,
        "EBIT": 556,
        "Net Income": 347
    },
    "2018-06-30": {
        "Diluted EPS": 0.79,
        "Total Revenue": NaN,
        "Gross Profit": 968,
        "Operating Income": 437,
        "EBIT": 546,
        "Net Income": 384
    },
    "2018-03-31": {
        "Diluted EPS": 0.72,
        "Total Revenue": NaN,
        "Gross Profit": 919,
        "Operating Income": 417,
        "EBIT": 524,
        "Net Income": 352
    },
    "2017-12-31": {
        "Diluted EPS": 0.16,
        "Total Revenue": NaN,
        "Gross Profit": NaN,
        "Operating Income": 430,
        "EBIT": 543,
        "Net Income": 81
    },
    "2017-09-30": {
        "Diluted EPS": 0.61,
        "Total Revenue": NaN,
        "Gross Profit": 912,
        "Operating Income": 413,
        "EBIT": 514,
        "Net Income": 298
    },
    "2017-06-30": {
        "Diluted EPS": 0.5,
        "Total Revenue": NaN,
        "Gross Profit": 829,
        "Operating Income": 345,
        "EBIT": 445,
        "Net Income": 247
    },
    "2017-03-31": {
        "Diluted EPS": 0.48,
        "Total Revenue": NaN,
        "Gross Profit": 788,
        "Operating Income": 337,
        "EBIT": 440,
        "Net Income": 238
    },
    "2016-12-31": {
        "Diluted EPS": 0.31,
        "Total Revenue": NaN,
        "Gross Profit": 809,
        "Operating Income": 231,
        "EBIT": 335,
        "Net Income": 154
    },
    "2016-09-30": {
        "Diluted EPS": 0.48,
        "Total Revenue": NaN,
        "Gross Profit": 831,
        "Operating Income": 333,
        "EBIT": 434,
        "Net Income": 239
    },
    "2016-06-30": {
        "Diluted EPS": 0.45,
        "Total Revenue": NaN,
        "Gross Profit": 809,
        "Operating Income": 332,
        "EBIT": 433,
        "Net Income": 224
    },
    "2016-03-31": {
        "Diluted EPS": 0.41,
        "Total Revenue": NaN,
        "Gross Profit": 773,
        "Operating Income": 332,
        "EBIT": 432,
        "Net Income": 204
    },
    "2015-12-31": {
        "Diluted EPS": 0.04,
        "Total Revenue": NaN,
        "Gross Profit": 778,
        "Operating Income": 69,
        "EBIT": 162,
        "Net Income": 22
    },
    "2015-09-30": {
        "Diluted EPS": 0.38,
        "Total Revenue": NaN,
        "Gross Profit": 793,
        "Operating Income": 273,
        "EBIT": 348,
        "Net Income": 189
    },
    "2015-06-30": {
        "Diluted EPS": -0.07,
        "Total Revenue": NaN,
        "Gross Profit": 748,
        "Operating Income": -27,
        "EBIT": 52,
        "Net Income": -37
    },
    "2015-03-31": {
        "Diluted EPS": 0.33,
        "Total Revenue": NaN,
        "Gross Profit": 708,
        "Operating Income": 230,
        "EBIT": 306,
        "Net Income": 165
    },
    "2014-12-31": {
        "Diluted EPS": 0.25,
        "Total Revenue": NaN,
        "Gross Profit": 829,
        "Operating Income": 155,
        "EBIT": 238,
        "Net Income": 126
    },
    "2014-09-30": {
        "Diluted EPS": 0.33,
        "Total Revenue": NaN,
        "Gross Profit": 776,
        "Operating Income": 238,
        "EBIT": 317,
        "Net Income": 166
    },
    "2014-06-30": {
        "Diluted EPS": 0.27,
        "Total Revenue": NaN,
        "Gross Profit": 745,
        "Operating Income": 200,
        "EBIT": 280,
        "Net Income": 136
    },
    "2014-03-31": {
        "Diluted EPS": 0.31,
        "Total Revenue": NaN,
        "Gross Profit": 718,
        "Operating Income": 227,
        "EBIT": 306,
        "Net Income": 155
    },
    "2013-12-31": {
        "Diluted EPS": 0.21,
        "Total Revenue": NaN,
        "Gross Profit": 788,
        "Operating Income": 126,
        "EBIT": 214,
        "Net Income": 105
    },
    "2013-09-30": {
        "Diluted EPS": 0.26,
        "Total Revenue": NaN,
        "Gross Profit": 718,
        "Operating Income": 185,
        "EBIT": 263,
        "Net Income": 131
    },
    "2013-06-30": {
        "Diluted EPS": 0.26,
        "Total Revenue": NaN,
        "Gross Profit": 698,
        "Operating Income": 187,
        "EBIT": 270,
        "Net Income": 128
    },
    "2013-03-31": {
        "Diluted EPS": 0.28,
        "Total Revenue": NaN,
        "Gross Profit": 688,
        "Operating Income": 192,
        "EBIT": 265,
        "Net Income": 140
    },
    "2012-12-31": {
        "Diluted EPS": -0.02,
        "Total Revenue": NaN,
        "Gross Profit": 743,
        "Operating Income": 82,
        "EBIT": 134,
        "Net Income": -10
    },
    "2012-09-30": {
        "Diluted EPS": 0.32,
        "Total Revenue": NaN,
        "Gross Profit": 660,
        "Operating Income": 213,
        "EBIT": 274,
        "Net Income": 162
    },
    "2012-06-30": {
        "Diluted EPS": 0.35,
        "Total Revenue": NaN,
        "Gross Profit": 716,
        "Operating Income": 252,
        "EBIT": 314,
        "Net Income": 173
    },
    "2012-03-31": {
        "Diluted EPS": 0.22,
        "Total Revenue": NaN,
        "Gross Profit": 654,
        "Operating Income": 171,
        "EBIT": 227,
        "Net Income": 111
    },
    "2011-12-31": {
        "Diluted EPS": 0.0,
        "Total Revenue": NaN,
        "Gross Profit": NaN,
        "Operating Income": NaN,
        "EBIT": NaN,
        "Net Income": NaN
    },
    "2010-12-31": {
        "Diluted EPS": 0.0,
        "Total Revenue": NaN,
        "Gross Profit": NaN,
        "Operating Income": NaN,
        "EBIT": NaN,
        "Net Income": NaN
    },
    "2023-06-30": {
        "Tax Effect Of Unusual Items": 16240000.0,
        "Tax Rate For Calcs": 0.232,
        "Normalized EBITDA": 981000000.0,
        "Total Unusual Items": 70000000.0,
        "Total Unusual Items Excluding Goodwill": 70000000.0,
        "Net Income From Continuing Operation Net Minority Interest": 671000000.0,
        "Reconciled Depreciation": 121000000.0,
        "Reconciled Cost Of Revenue": 523000000.0,
        "EBITDA": 1051000000.0,
        "EBIT": 930000000.0,
        "Net Interest Income": -35000000.0,
        "Interest Expense": 58000000.0,
        "Interest Income": 23000000.0,
        "Normalized Income": 617240000.0,
        "Net Income From Continuing And Discontinued Operation": 671000000.0,
        "Total Expenses": 1346000000.0,
        "Diluted Average Shares": 462900000.0,
        "Basic Average Shares": 461900000.0,
        "Diluted EPS": 1.45,
        "Basic EPS": 1.45,
        "Diluted NI Availto Com Stockholders": 671000000.0,
        "Net Income Common Stockholders": 671000000.0,
        "Net Income": 671000000.0,
        "Minority Interests": 1000000.0,
        "Net Income Including Noncontrolling Interests": 670000000.0,
        "Net Income Continuous Operations": 670000000.0,
        "Tax Provision": 202000000.0,
        "Pretax Income": 872000000.0,
        "Other Income Expense": 73000000.0,
        "Other Non Operating Income Expenses": 3000000.0,
        "Special Income Charges": 83000000.0,
        "Gain On Sale Of Ppe": NaN,
        "Gain On Sale Of Business": 101000000.0,
        "Write Off": NaN,
        "Impairment Of Capital Assets": 10000000.0,
        "Restructuring And Mergern Acquisition": 8000000.0,
        "Gain On Sale Of Security": -13000000.0,
        "Net Non Operating Interest Income Expense": -35000000.0,
        "Interest Expense Non Operating": 58000000.0,
        "Interest Income Non Operating": 23000000.0,
        "Operating Income": 834000000.0,
        "Operating Expense": 739000000.0,
        "Depreciation Amortization Depletion Income Statement": 37000000.0,
        "Depreciation And Amortization In Income Statement": 37000000.0,
        "Amortization": 37000000.0,
        "Amortization Of Intangibles Income Statement": 37000000.0,
        "Research And Development": 146000000.0,
        "Selling General And Administration": 556000000.0,
        "Gross Profit": 1573000000.0,
        "Cost Of Revenue": 607000000.0,
        "Total Revenue": 2180000000.0,
        "Operating Revenue": 2180000000.0
    },
    "2023-09-30": {
        "Tax Effect Of Unusual Items": -7098000.0,
        "Tax Rate For Calcs": 0.169,
        "Normalized EBITDA": 942000000.0,
        "Total Unusual Items": -42000000.0,
        "Total Unusual Items Excluding Goodwill": -42000000.0,
        "Net Income From Continuing Operation Net Minority Interest": 596000000.0,
        "Reconciled Depreciation": 124000000.0,
        "Reconciled Cost Of Revenue": 552000000.0,
        "EBITDA": 900000000.0,
        "EBIT": 776000000.0,
        "Net Interest Income": -36000000.0,
        "Interest Expense": 59000000.0,
        "Interest Income": 23000000.0,
        "Normalized Income": 630902000.0,
        "Net Income From Continuing And Discontinued Operation": 596000000.0,
        "Total Expenses": 1353000000.0,
        "Diluted Average Shares": 461400000.0,
        "Basic Average Shares": 460300000.0,
        "Diluted EPS": 1.29,
        "Basic EPS": 1.29,
        "Diluted NI Availto Com Stockholders": 596000000.0,
        "Net Income Common Stockholders": 596000000.0,
        "Net Income": 596000000.0,
        "Minority Interests": 0.0,
        "Net Income Including Noncontrolling Interests": 596000000.0,
        "Net Income Continuous Operations": 596000000.0,
        "Tax Provision": 121000000.0,
        "Pretax Income": 717000000.0,
        "Other Income Expense": -45000000.0,
        "Other Non Operating Income Expenses": -3000000.0,
        "Special Income Charges": -23000000.0,
        "Gain On Sale Of Ppe": NaN,
        "Gain On Sale Of Business": 0.0,
        "Write Off": 2000000.0,
        "Impairment Of Capital Assets": 6000000.0,
        "Restructuring And Mergern Acquisition": 15000000.0,
        "Gain On Sale Of Security": -19000000.0,
        "Net Non Operating Interest Income Expense": -36000000.0,
        "Interest Expense Non Operating": 59000000.0,
        "Interest Income Non Operating": 23000000.0,
        "Operating Income": 798000000.0,
        "Operating Expense": 715000000.0,
        "Depreciation Amortization Depletion Income Statement": 38000000.0,
        "Depreciation And Amortization In Income Statement": 38000000.0,
        "Amortization": 38000000.0,
        "Amortization Of Intangibles Income Statement": 38000000.0,
        "Research And Development": 152000000.0,
        "Selling General And Administration": 525000000.0,
        "Gross Profit": 1513000000.0,
        "Cost Of Revenue": 638000000.0,
        "Total Revenue": 2151000000.0,
        "Operating Revenue": 2151000000.0
    }
}