{
    "2023-06-30": {
        "Tax Effect Of Unusual Items": NaN,
        "Tax Rate For Calcs": NaN,
        "Normalized EBITDA": NaN,
        "Total Unusual Items": NaN,
        "Total Unusual Items Excluding Goodwill": NaN,
        "Net Income From Continuing Operation Net Minority Interest": NaN,
        "Reconciled Depreciation": NaN,
        "Reconciled Cost Of Revenue": NaN,
        "EBITDA": NaN,
        "EBIT": NaN,
        "Net Interest Income": NaN,
        "Interest Expense": NaN,
        "Normalized Income": NaN,
        "Net Income From Continuing And Discontinued Operation": NaN,
        "Total Expenses": NaN,
        "Total Operating Income As Reported": NaN,
        "Diluted Average Shares": 37061000.0,
        "Basic Average Shares": 36435000.0,
        "Diluted EPS": 0.09,
        "Basic EPS": 0.09,
        "Diluted NI Availto Com Stockholders": NaN,
        "Net Income Common Stockholders": NaN,
        "Net Income": NaN,
        "Net Income Including Noncontrolling Interests": NaN,
        "Net Income Continuous Operations": NaN,
        "Tax Provision": NaN,
        "Pretax Income": NaN,
        "Other Income Expense": 1700000.0,
        "Special Income Charges": NaN,
        "Gain On Sale Of Ppe": NaN,
        "Restructuring And Mergern Acquisition": NaN,
        "Net Non Operating Interest Income Expense": NaN,
        "Interest Expense Non Operating": NaN,
        "Operating Income": NaN,
        "Operating Expense": NaN,
        "Selling General And Administration": NaN,
        "Selling And Marketing Expense": NaN,
        "General And Administrative Expense": NaN,
        "Other Gand A": NaN,
        "Gross Profit": NaN,
        "Cost Of Revenue": NaN,
        "Total Revenue": NaN,
        "Operating Revenue": NaN
    },
    "2023-03-31": {
        "Tax Effect Of Unusual Items": NaN,
        "Tax Rate For Calcs": NaN,
        "Normalized EBITDA": NaN,
        "Total Unusual Items": NaN,
        "Total Unusual Items Excluding Goodwill": NaN,
        "Net Income From Continuing Operation Net Minority Interest": NaN,
        "Reconciled Depreciation": NaN,
        "Reconciled Cost Of Revenue": NaN,
        "EBITDA": NaN,
        "EBIT": NaN,
        "Net Interest Income": NaN,
        "Interest Expense": NaN,
        "Normalized Income": NaN,
        "Net Income From Continuing And Discontinued Operation": NaN,
        "Total Expenses": NaN,
        "Total Operating Income As Reported": NaN,
        "Diluted Average Shares": NaN,
        "Basic Average Shares": NaN,
        "Diluted EPS": NaN,
        "Basic EPS": NaN,
        "Diluted NI Availto Com Stockholders": NaN,
        "Net Income Common Stockholders": NaN,
        "Net Income": NaN,
        "Net Income Including Noncontrolling Interests": NaN,
        "Net Income Continuous Operations": NaN,
        "Tax Provision": NaN,
        "Pretax Income": NaN,
        "Other Income Expense": 1402000.0,
        "Other Non Operating Income Expenses": 1400000.0,
        "Special Income Charges": NaN,
        "Gain On Sale Of Ppe": NaN,
        "Restructuring And Mergern Acquisition": NaN,
        "Net Non Operating Interest Income Expense": NaN,
        "Interest Expense Non Operating": NaN,
        "Operating Income": NaN,
        "Operating Expense": NaN,
        "Selling General And Administration": NaN,
        "Selling And Marketing Expense": NaN,
        "General And Administrative Expense": NaN,
        "Other Gand A": NaN,
        "Gross Profit": NaN,
        "Cost Of Revenue": NaN,
        "Total Revenue": NaN,
        "Operating Revenue": NaN
    },
    "2022-12-31": {
        "Tax Effect Of Unusual Items": NaN,
        "Tax Rate For Calcs": NaN,
        "Normalized EBITDA": NaN,
        "Total Unusual Items": NaN,
        "Total Unusual Items Excluding Goodwill": NaN,
        "Net Income From Continuing Operation Net Minority Interest": NaN,
        "Reconciled Depreciation": NaN,
        "Reconciled Cost Of Revenue": NaN,
        "EBITDA": NaN,
        "EBIT": NaN,
        "Net Interest Income": NaN,
        "Interest Expense": NaN,
        "Normalized Income": NaN,
        "Net Income From Continuing And Discontinued Operation": NaN,
        "Total Expenses": NaN,
        "Total Operating Income As Reported": NaN,
        "Diluted Average Shares": 37960000.0,
        "Basic Average Shares": 37236000.0,
        "Diluted EPS": 0.2,
        "Basic EPS": 0.2,
        "Diluted NI Availto Com Stockholders": NaN,
        "Net Income Common Stockholders": NaN,
        "Net Income": NaN,
        "Net Income Including Noncontrolling Interests": NaN,
        "Net Income Continuous Operations": NaN,
        "Tax Provision": NaN,
        "Pretax Income": NaN,
        "Other Income Expense": NaN,
        "Other Non Operating Income Expenses": NaN,
        "Special Income Charges": NaN,
        "Gain On Sale Of Ppe": NaN,
        "Restructuring And Mergern Acquisition": NaN,
        "Net Non Operating Interest Income Expense": NaN,
        "Interest Expense Non Operating": NaN,
        "Operating Income": NaN,
        "Operating Expense": NaN,
        "Selling General And Administration": NaN,
        "Selling And Marketing Expense": NaN,
        "General And Administrative Expense": NaN,
        "Other Gand A": NaN,
        "Gross Profit": NaN,
        "Cost Of Revenue": NaN,
        "Total Revenue": NaN,
        "Operating Revenue": NaN
    },
    "2022-09-30": {
        "Tax Effect Of Unusual Items": NaN,
        "Tax Rate For Calcs": NaN,
        "Normalized EBITDA": NaN,
        "Total Unusual Items": NaN,
        "Total Unusual Items Excluding Goodwill": NaN,
        "Net Income From Continuing Operation Net Minority Interest": NaN,
        "Reconciled Depreciation": NaN,
        "Reconciled Cost Of Revenue": NaN,
        "EBITDA": NaN,
        "EBIT": NaN,
        "Net Interest Income": NaN,
        "Interest Expense": NaN,
        "Normalized Income": NaN,
        "Net Income From Continuing And Discontinued Operation": NaN,
        "Total Expenses": NaN,
        "Total Operating Income As Reported": NaN,
        "Diluted Average Shares": NaN,
        "Basic Average Shares": NaN,
        "Diluted EPS": NaN,
        "Basic EPS": NaN,
        "Diluted NI Availto Com Stockholders": NaN,
        "Net Income Common Stockholders": NaN,
        "Net Income": NaN,
        "Net Income Including Noncontrolling Interests": NaN,
        "Net Income Continuous Operations": NaN,
        "Tax Provision": NaN,
        "Pretax Income": NaN,
        "Other Income Expense": -100000.0,
        "Other Non Operating Income Expenses": NaN,
        "Special Income Charges": NaN,
        "Gain On Sale Of Ppe": NaN,
        "Restructuring And Mergern Acquisition": NaN,
        "Net Non Operating Interest Income Expense": NaN,
        "Interest Expense Non Operating": NaN,
        "Operating Income": NaN,
        "Operating Expense": NaN,
        "Selling General And Administration": NaN,
        "Selling And Marketing Expense": NaN,
        "General And Administrative Expense": NaN,
        "Other Gand A": NaN,
        "Gross Profit": NaN,
        "Cost Of Revenue": NaN,
        "Total Revenue": NaN,
        "Operating Revenue": NaN
    },
    "2022-06-30": {
        "Tax Effect Of Unusual Items": 0.0,
        "Tax Rate For Calcs": 0.19,
        "Normalized EBITDA": 5021000.0,
        "Total Unusual Items": NaN,
        "Total Unusual Items Excluding Goodwill": NaN,
        "Net Income From Continuing Operation Net Minority Interest": 3346000.0,
        "Reconciled Depreciation": 757000.0,
        "Reconciled Cost Of Revenue": 7305000.0,
        "EBITDA": 5021000.0,
        "EBIT": 4264000.0,
        "Net Interest Income": -115000.0,
        "Interest Expense": 115000.0,
        "Normalized Income": 3346000.0,
        "Net Income From Continuing And Discontinued Operation": 3346000.0,
        "Total Expenses": 32395000.0,
        "Total Operating Income As Reported": 4364000.0,
        "Diluted Average Shares": 39893000.0,
        "Basic Average Shares": 38851000.0,
        "Diluted EPS": 0.08,
        "Basic EPS": 0.09,
        "Diluted NI Availto Com Stockholders": 3346000.0,
        "Net Income Common Stockholders": 3346000.0,
        "Net Income": 3346000.0,
        "Net Income Including Noncontrolling Interests": 3346000.0,
        "Net Income Continuous Operations": 3346000.0,
        "Tax Provision": 803000.0,
        "Pretax Income": 4149000.0,
        "Other Income Expense": -100000.0,
        "Other Non Operating Income Expenses": -100000.0,
        "Special Income Charges": NaN,
        "Gain On Sale Of Ppe": NaN,
        "Restructuring And Mergern Acquisition": NaN,
        "Net Non Operating Interest Income Expense": -115000.0,
        "Interest Expense Non Operating": 115000.0,
        "Operating Income": 4364000.0,
        "Operating Expense": 25090000.0,
        "Selling General And Administration": 25090000.0,
        "Selling And Marketing Expense": 16314000.0,
        "General And Administrative Expense": 8776000.0,
        "Other Gand A": 8776000.0,
        "Gross Profit": 29454000.0,
        "Cost Of Revenue": 7305000.0,
        "Total Revenue": 36759000.0,
        "Operating Revenue": 36759000.0
    },
    "2022-03-31": {
        "Diluted EPS": 0.03,
        "Total Revenue": 31,
        "Gross Profit": 24,
        "Operating Income": 2,
        "EBIT": 3,
        "Net Income": 1
    },
    "2021-12-31": {
        "Diluted EPS": 0.23,
        "Total Revenue": 40,
        "Gross Profit": 33,
        "Operating Income": 12,
        "EBIT": 12,
        "Net Income": 9
    },
    "2021-09-30": {
        "Diluted EPS": 0.16,
        "Total Revenue": 35,
        "Gross Profit": 28,
        "Operating Income": 8,
        "EBIT": 9,
        "Net Income": 6
    },
    "2021-06-30": {
        "Diluted EPS": 0.07,
        "Total Revenue": 31,
        "Gross Profit": 24,
        "Operating Income": 4,
        "EBIT": 4,
        "Net Income": 3
    },
    "2021-03-31": {
        "Diluted EPS": -0.02,
        "Total Revenue": 24,
        "Gross Profit": 18,
        "Operating Income": -1,
        "EBIT": -1,
        "Net Income": -1
    },
    "2020-12-31": {
        "Diluted EPS": 0.04,
        "Total Revenue": 26,
        "Gross Profit": 20,
        "Operating Income": 2,
        "EBIT": 3,
        "Net Income": 2
    },
    "2020-09-30": {
        "Diluted EPS": 0.04,
        "Total Revenue": 20,
        "Gross Profit": 16,
        "Operating Income": 1,
        "EBIT": 2,
        "Net Income": 1
    },
    "2020-06-30": {
        "Diluted EPS": 0.08,
        "Total Revenue": 19,
        "Gross Profit": 15,
        "Operating Income": 4,
        "EBIT": 4,
        "Net Income": 3
    },
    "2020-03-31": {
        "Diluted EPS": 0.08,
        "Total Revenue": 15,
        "Gross Profit": 12,
        "Operating Income": 2,
        "EBIT": 3,
        "Net Income": 3
    },
    "2019-12-31": {
        "Diluted EPS": 0.08,
        "Total Revenue": 14,
        "Gross Profit": 11,
        "Operating Income": 4,
        "EBIT": 4,
        "Net Income": 3
    },
    "2019-09-30": {
        "Diluted EPS": 0.06,
        "Total Revenue": 12,
        "Gross Profit": 10,
        "Operating Income": 2,
        "EBIT": 3,
        "Net Income": 2
    },
    "2019-06-30": {
        "Diluted EPS": 0.06,
        "Total Revenue": 10,
        "Gross Profit": 8,
        "Operating Income": 3,
        "EBIT": 3,
        "Net Income": 2
    },
    "2019-03-31": {
        "Diluted EPS": 0.06,
        "Total Revenue": 9,
        "Gross Profit": 7,
        "Operating Income": 2,
        "EBIT": 2,
        "Net Income": 2
    },
    "2018-12-31": {
        "Diluted EPS": 0.06,
        "Total Revenue": 9,
        "Gross Profit": 9,
        "Operating Income": 3,
        "EBIT": 3,
        "Net Income": 3
    },
    "2018-09-30": {
        "Diluted EPS": 0.07,
        "Total Revenue": 8,
        "Gross Profit": 6,
        "Operating Income": 3,
        "EBIT": 3,
        "Net Income": 3
    },
    "2018-06-30": {
        "Diluted EPS": 0.06,
        "Total Revenue": 8,
        "Gross Profit": 6,
        "Operating Income": 3,
        "EBIT": 3,
        "Net Income": 2
    },
    "2018-03-31": {
        "Diluted EPS": 0.06,
        "Total Revenue": 7,
        "Gross Profit": 4,
        "Operating Income": 2,
        "EBIT": 2,
        "Net Income": 2
    },
    "2017-12-31": {
        "Diluted EPS": 0.08,
        "Total Revenue": 8,
        "Gross Profit": 7,
        "Operating Income": 4,
        "EBIT": 4,
        "Net Income": 3
    },
    "2017-09-30": {
        "Diluted EPS": 0.06,
        "Total Revenue": 7,
        "Gross Profit": 5,
        "Operating Income": 3,
        "EBIT": 3,
        "Net Income": 2
    },
    "2017-06-30": {
        "Diluted EPS": 0.05,
        "Total Revenue": 5,
        "Gross Profit": 4,
        "Operating Income": 2,
        "EBIT": 2,
        "Net Income": 2
    },
    "2017-03-31": {
        "Diluted EPS": 0.01,
        "Total Revenue": 3,
        "Gross Profit": 3,
        "Operating Income": 0,
        "EBIT": 0,
        "Net Income": 0
    },
    "2016-12-31": {
        "Diluted EPS": 0.0,
        "Total Revenue": 3,
        "Gross Profit": 5,
        "Operating Income": 1,
        "EBIT": 1,
        "Net Income": 0
    },
    "2016-09-30": {
        "Diluted EPS": 0.02,
        "Total Revenue": 4,
        "Gross Profit": 3,
        "Operating Income": 1,
        "EBIT": 1,
        "Net Income": 1
    },
    "2016-06-30": {
        "Diluted EPS": -0.01,
        "Total Revenue": 3,
        "Gross Profit": 2,
        "Operating Income": 0,
        "EBIT": 0,
        "Net Income": 0
    },
    "2016-03-31": {
        "Diluted EPS": -0.01,
        "Total Revenue": 3,
        "Gross Profit": 0,
        "Operating Income": 0,
        "EBIT": 0,
        "Net Income": 0
    },
    "2015-12-31": {
        "Diluted EPS": -0.03,
        "Total Revenue": 3,
        "Gross Profit": 1,
        "Operating Income": -1,
        "EBIT": -1,
        "Net Income": -1
    },
    "2015-09-30": {
        "Diluted EPS": -0.01,
        "Total Revenue": 3,
        "Gross Profit": 2,
        "Operating Income": 0,
        "EBIT": 0,
        "Net Income": 0
    },
    "2015-06-30": {
        "Diluted EPS": -0.02,
        "Total Revenue": 3,
        "Gross Profit": 2,
        "Operating Income": 0,
        "EBIT": 0,
        "Net Income": 0
    },
    "2015-03-31": {
        "Diluted EPS": -0.03,
        "Total Revenue": 3,
        "Gross Profit": 2,
        "Operating Income": -1,
        "EBIT": -1,
        "Net Income": -1
    },
    "2014-12-31": {
        "Diluted EPS": 0.02,
        "Total Revenue": 2,
        "Gross Profit": 1,
        "Operating Income": 1,
        "EBIT": 1,
        "Net Income": 1
    },
    "2014-09-30": {
        "Diluted EPS": 0.01,
        "Total Revenue": 4,
        "Gross Profit": 3,
        "Operating Income": 0,
        "EBIT": 0,
        "Net Income": 0
    },
    "2014-06-30": {
        "Diluted EPS": -0.16,
        "Total Revenue": 1,
        "Gross Profit": -2,
        "Operating Income": -5,
        "EBIT": -5,
        "Net Income": -6
    },
    "2014-03-31": {
        "Diluted EPS": -0.05,
        "Total Revenue": 3,
        "Gross Profit": 2,
        "Operating Income": -1,
        "EBIT": -1,
        "Net Income": -1
    },
    "2013-12-31": {
        "Diluted EPS": -0.13,
        "Total Revenue": 3,
        "Gross Profit": 1,
        "Operating Income": -4,
        "EBIT": -3,
        "Net Income": -5
    },
    "2013-09-30": {
        "Diluted EPS": -0.02,
        "Total Revenue": 5,
        "Gross Profit": 4,
        "Operating Income": -1,
        "EBIT": -1,
        "Net Income": -1
    },
    "2013-06-30": {
        "Diluted EPS": -0.06,
        "Total Revenue": 5,
        "Gross Profit": 4,
        "Operating Income": -3,
        "EBIT": -2,
        "Net Income": -2
    },
    "2013-03-31": {
        "Diluted EPS": -0.01,
        "Total Revenue": 8,
        "Gross Profit": 5,
        "Operating Income": 0,
        "EBIT": 0,
        "Net Income": 0
    },
    "2012-12-31": {
        "Diluted EPS": 0.01,
        "Total Revenue": 11,
        "Gross Profit": 8,
        "Operating Income": 1,
        "EBIT": 1,
        "Net Income": 0
    },
    "2012-09-30": {
        "Diluted EPS": 0.01,
        "Total Revenue": 10,
        "Gross Profit": 8,
        "Operating Income": 1,
        "EBIT": 1,
        "Net Income": 0
    },
    "2012-06-30": {
        "Diluted EPS": 0.02,
        "Total Revenue": 10,
        "Gross Profit": 8,
        "Operating Income": 1,
        "EBIT": 1,
        "Net Income": 0
    },
    "2012-03-31": {
        "Diluted EPS": 0.01,
        "Total Revenue": 9,
        "Gross Profit": 7,
        "Operating Income": 0,
        "EBIT": 1,
        "Net Income": 0
    },
    "2011-12-31": {
        "Diluted EPS": 0.01,
        "Total Revenue": 10,
        "Gross Profit": 7,
        "Operating Income": 1,
        "EBIT": 2,
        "Net Income": 1
    },
    "2011-09-30": {
        "Diluted EPS": 0.02,
        "Total Revenue": 9,
        "Gross Profit": 7,
        "Operating Income": 1,
        "EBIT": 1,
        "Net Income": 1
    },
    "2011-06-30": {
        "Diluted EPS": 0.02,
        "Total Revenue": 8,
        "Gross Profit": 7,
        "Operating Income": 1,
        "EBIT": 1,
        "Net Income": 0
    },
    "2011-03-31": {
        "Diluted EPS": -0.0,
        "Total Revenue": 7,
        "Gross Profit": 5,
        "Operating Income": 0,
        "EBIT": 0,
        "Net Income": 0
    },
    "2010-12-31": {
        "Diluted EPS": 0.0,
        "Total Revenue": 7,
        "Gross Profit": 5,
        "Operating Income": 1,
        "EBIT": 1,
        "Net Income": 0
    },
    "2010-09-30": {
        "Diluted EPS": 0.01,
        "Total Revenue": 7,
        "Gross Profit": 5,
        "Operating Income": 1,
        "EBIT": 1,
        "Net Income": 0
    },
    "2010-06-30": {
        "Diluted EPS": 0.0,
        "Total Revenue": 6,
        "Gross Profit": 5,
        "Operating Income": 0,
        "EBIT": 0,
        "Net Income": 0
    },
    "2010-03-31": {
        "Diluted EPS": -0.0,
        "Total Revenue": 5,
        "Gross Profit": 4,
        "Operating Income": 0,
        "EBIT": 0,
        "Net Income": 0
    },
    "2009-12-31": {
        "Diluted EPS": 0.01,
        "Total Revenue": 5,
        "Gross Profit": 4,
        "Operating Income": 0,
        "EBIT": 1,
        "Net Income": 0
    },
    "2009-09-30": {
        "Diluted EPS": 0.02,
        "Total Revenue": 5,
        "Gross Profit": 4,
        "Operating Income": 1,
        "EBIT": 1,
        "Net Income": 0
    },
    "2009-06-30": {
        "Diluted EPS": 0.02,
        "Total Revenue": 4,
        "Gross Profit": 4,
        "Operating Income": 1,
        "EBIT": 1,
        "Net Income": 1
    },
    "2009-03-31": {
        "Diluted EPS": 0.03,
        "Total Revenue": 4,
        "Gross Profit": 4,
        "Operating Income": 1,
        "EBIT": 1,
        "Net Income": 1
    },
    "2023-09-30": {
        "Tax Effect Of Unusual Items": -56979.393939,
        "Tax Rate For Calcs": 0.273939,
        "Normalized EBITDA": 6616000.0,
        "Total Unusual Items": -208000.0,
        "Total Unusual Items Excluding Goodwill": -208000.0,
        "Net Income From Continuing Operation Net Minority Interest": 3594000.0,
        "Reconciled Depreciation": 1131000.0,
        "Reconciled Cost Of Revenue": 9553000.0,
        "EBITDA": 6408000.0,
        "EBIT": 5277000.0,
        "Net Interest Income": -327000.0,
        "Interest Expense": 327000.0,
        "Normalized Income": 3745020.606061,
        "Net Income From Continuing And Discontinued Operation": 3594000.0,
        "Total Expenses": 44430000.0,
        "Total Operating Income As Reported": 5485000.0,
        "Diluted Average Shares": 36103000.0,
        "Basic Average Shares": 35531000.0,
        "Diluted EPS": 0.1,
        "Basic EPS": 0.1,
        "Diluted NI Availto Com Stockholders": 3594000.0,
        "Net Income Common Stockholders": 3594000.0,
        "Net Income": 3594000.0,
        "Net Income Including Noncontrolling Interests": 3594000.0,
        "Net Income Continuous Operations": 3594000.0,
        "Tax Provision": 1356000.0,
        "Pretax Income": 4950000.0,
        "Other Income Expense": -208000.0,
        "Special Income Charges": -208000.0,
        "Gain On Sale Of Ppe": 37000.0,
        "Restructuring And Mergern Acquisition": 245000.0,
        "Net Non Operating Interest Income Expense": -327000.0,
        "Interest Expense Non Operating": 327000.0,
        "Operating Income": 5485000.0,
        "Operating Expense": 34877000.0,
        "Selling General And Administration": 34877000.0,
        "Selling And Marketing Expense": 22146000.0,
        "General And Administrative Expense": 12731000.0,
        "Other Gand A": 12731000.0,
        "Gross Profit": 40362000.0,
        "Cost Of Revenue": 9553000.0,
        "Total Revenue": 49915000.0,
        "Operating Revenue": 49915000.0
    },
    "2023-12-31": {
        "Tax Effect Of Unusual Items": -370.792336,
        "Tax Rate For Calcs": 0.370792,
        "Normalized EBITDA": 3456000.0,
        "Total Unusual Items": -1000.0,
        "Total Unusual Items Excluding Goodwill": -1000.0,
        "Net Income From Continuing Operation Net Minority Interest": 1215000.0,
        "Reconciled Depreciation": 1158000.0,
        "Reconciled Cost Of Revenue": 10272000.0,
        "EBITDA": 3455000.0,
        "EBIT": 2297000.0,
        "Net Interest Income": -366000.0,
        "Interest Expense": 366000.0,
        "Normalized Income": 1215629.207664,
        "Net Income From Continuing And Discontinued Operation": 1215000.0,
        "Total Expenses": 44987000.0,
        "Total Operating Income As Reported": 2298000.0,
        "Diluted Average Shares": NaN,
        "Basic Average Shares": NaN,
        "Diluted EPS": NaN,
        "Basic EPS": NaN,
        "Diluted NI Availto Com Stockholders": 1215000.0,
        "Net Income Common Stockholders": 1215000.0,
        "Net Income": 1215000.0,
        "Net Income Including Noncontrolling Interests": 1215000.0,
        "Net Income Continuous Operations": 1215000.0,
        "Tax Provision": 716000.0,
        "Pretax Income": 1931000.0,
        "Other Income Expense": -1000.0,
        "Special Income Charges": -1000.0,
        "Gain On Sale Of Ppe": 0.0,
        "Restructuring And Mergern Acquisition": 1000.0,
        "Net Non Operating Interest Income Expense": -366000.0,
        "Interest Expense Non Operating": 366000.0,
        "Operating Income": 2298000.0,
        "Operating Expense": 34715000.0,
        "Selling General And Administration": 34715000.0,
        "Selling And Marketing Expense": 21677000.0,
        "General And Administrative Expense": 13038000.0,
        "Other Gand A": 13038000.0,
        "Gross Profit": 37013000.0,
        "Cost Of Revenue": 10272000.0,
        "Total Revenue": 47285000.0,
        "Operating Revenue": 47285000.0
    },
    "2024-03-31": {
        "Tax Effect Of Unusual Items": 0.0,
        "Tax Rate For Calcs": 0.23,
        "Normalized EBITDA": 1624000.0,
        "Total Unusual Items": 0.0,
        "Total Unusual Items Excluding Goodwill": 0.0,
        "Net Income From Continuing Operation Net Minority Interest": 10000.0,
        "Reconciled Depreciation": 1099000.0,
        "Reconciled Cost Of Revenue": 9298000.0,
        "EBITDA": 1624000.0,
        "EBIT": 525000.0,
        "Net Interest Income": -512000.0,
        "Interest Expense": 512000.0,
        "Normalized Income": 10000.0,
        "Net Income From Continuing And Discontinued Operation": 10000.0,
        "Total Expenses": 46006000.0,
        "Total Operating Income As Reported": 525000.0,
        "Diluted Average Shares": 32827000.0,
        "Basic Average Shares": 32344000.0,
        "Diluted EPS": 0.000305,
        "Basic EPS": 0.000309,
        "Diluted NI Availto Com Stockholders": 10000.0,
        "Net Income Common Stockholders": 10000.0,
        "Net Income": 10000.0,
        "Net Income Including Noncontrolling Interests": 10000.0,
        "Net Income Continuous Operations": 10000.0,
        "Tax Provision": 3000.0,
        "Pretax Income": 13000.0,
        "Other Income Expense": NaN,
        "Special Income Charges": 0.0,
        "Gain On Sale Of Ppe": 0.0,
        "Restructuring And Mergern Acquisition": 0.0,
        "Net Non Operating Interest Income Expense": -512000.0,
        "Interest Expense Non Operating": 512000.0,
        "Operating Income": 525000.0,
        "Operating Expense": 36708000.0,
        "Selling General And Administration": 36708000.0,
        "Selling And Marketing Expense": 23380000.0,
        "General And Administrative Expense": 13328000.0,
        "Other Gand A": 13328000.0,
        "Gross Profit": 37233000.0,
        "Cost Of Revenue": 9298000.0,
        "Total Revenue": 46531000.0,
        "Operating Revenue": 46531000.0
    },
    "2024-06-30": {
        "Tax Effect Of Unusual Items": 4750.0,
        "Tax Rate For Calcs": 0.25,
        "Normalized EBITDA": 3384000.0,
        "Total Unusual Items": 19000.0,
        "Total Unusual Items Excluding Goodwill": 19000.0,
        "Net Income From Continuing Operation Net Minority Interest": 1217000.0,
        "Reconciled Depreciation": 1158000.0,
        "Reconciled Cost Of Revenue": 9971000.0,
        "EBITDA": 3403000.0,
        "EBIT": 2245000.0,
        "Net Interest Income": -630000.0,
        "Interest Expense": 630000.0,
        "Normalized Income": 1202750.0,
        "Net Income From Continuing And Discontinued Operation": 1217000.0,
        "Total Expenses": 47657000.0,
        "Total Operating Income As Reported": 2226000.0,
        "Diluted Average Shares": 32204000.0,
        "Basic Average Shares": 31762000.0,
        "Diluted EPS": 0.04,
        "Basic EPS": 0.04,
        "Diluted NI Availto Com Stockholders": 1217000.0,
        "Net Income Common Stockholders": 1217000.0,
        "Net Income": 1217000.0,
        "Net Income Including Noncontrolling Interests": 1217000.0,
        "Net Income Continuous Operations": 1217000.0,
        "Tax Provision": 398000.0,
        "Pretax Income": 1615000.0,
        "Other Income Expense": 19000.0,
        "Special Income Charges": 19000.0,
        "Gain On Sale Of Ppe": 19000.0,
        "Restructuring And Mergern Acquisition": 0.0,
        "Net Non Operating Interest Income Expense": -630000.0,
        "Interest Expense Non Operating": 630000.0,
        "Operating Income": 2226000.0,
        "Operating Expense": 37686000.0,
        "Selling General And Administration": 37686000.0,
        "Selling And Marketing Expense": 23226000.0,
        "General And Administrative Expense": 14460000.0,
        "Other Gand A": 14460000.0,
        "Gross Profit": 39912000.0,
        "Cost Of Revenue": 9971000.0,
        "Total Revenue": 49883000.0,
        "Operating Revenue": 49883000.0
    },
    "2024-09-30": {
        "Tax Effect Of Unusual Items": 0.0,
        "Tax Rate For Calcs": 0.250236,
        "Normalized EBITDA": 4914000.0,
        "Total Unusual Items": 0.0,
        "Total Unusual Items Excluding Goodwill": 0.0,
        "Net Income From Continuing Operation Net Minority Interest": 2382000.0,
        "Reconciled Depreciation": 1112000.0,
        "Reconciled Cost Of Revenue": 10177000.0,
        "EBITDA": 4914000.0,
        "EBIT": 3802000.0,
        "Net Interest Income": -625000.0,
        "Interest Expense": 625000.0,
        "Normalized Income": 2382000.0,
        "Net Income From Continuing And Discontinued Operation": 2382000.0,
        "Total Expenses": 46164000.0,
        "Total Operating Income As Reported": 3802000.0,
        "Diluted Average Shares": 32088000.0,
        "Basic Average Shares": 31775000.0,
        "Diluted EPS": 0.07,
        "Basic EPS": 0.07,
        "Diluted NI Availto Com Stockholders": 2382000.0,
        "Net Income Common Stockholders": 2382000.0,
        "Net Income": 2382000.0,
        "Net Income Including Noncontrolling Interests": 2382000.0,
        "Net Income Continuous Operations": 2382000.0,
        "Tax Provision": 795000.0,
        "Pretax Income": 3177000.0,
        "Other Income Expense": NaN,
        "Special Income Charges": 0.0,
        "Gain On Sale Of Ppe": 0.0,
        "Restructuring And Mergern Acquisition": 0.0,
        "Net Non Operating Interest Income Expense": -625000.0,
        "Interest Expense Non Operating": 625000.0,
        "Operating Income": 3802000.0,
        "Operating Expense": 35987000.0,
        "Selling General And Administration": 35987000.0,
        "Selling And Marketing Expense": 20713000.0,
        "General And Administrative Expense": 15274000.0,
        "Other Gand A": 15274000.0,
        "Gross Profit": 39789000.0,
        "Cost Of Revenue": 10177000.0,
        "Total Revenue": 49966000.0,
        "Operating Revenue": 49966000.0
    }
}